timestamp,market_ticker,type,yes_bid_price_cents,yes_bid_qty,yes_ask_price_cents,yes_ask_qty_on_no_side,sequence_num,delta_side,delta_price_cents,delta_quantity
2025-05-20T12:03:31.720882,KXBTCD-25MAY2016-T104999.99,SNAPSHOT,74,1000,79,5000,1,,,
2025-05-20T12:03:31.743900,KXBTCD-25MAY2016-T104999.99,DELTA,74,1000,79,5000,2,yes,73,-20000
2025-05-20T12:03:31.744183,KXBTCD-25MAY2016-T104999.99,DELTA,74,1000,79,5000,3,yes,73,-2000
2025-05-20T12:03:31.823554,KXBTCD-25MAY2016-T104999.99,DELTA,74,1000,79,5000,4,yes,72,2000
2025-05-20T12:03:31.824311,KXBTCD-25MAY2016-T104999.99,DELTA,74,1000,79,5000,5,yes,72,20000
2025-05-20T12:03:31.884465,KXBTCD-25MAY2016-T104999.99,DELTA,74,1000,79,5000,6,no,20,1000
2025-05-20T12:03:31.924184,KXBTCD-25MAY2016-T104999.99,DELTA,74,1000,80,1110,7,no,21,-5000
2025-05-20T12:03:31.924929,KXBTCD-25MAY2016-T104999.99,DELTA,74,1000,80,6110,8,no,20,5000
2025-05-20T12:03:34.102038,KXBTCD-25MAY2016-T104999.99,DELTA,74,1000,80,6110,9,no,2,16200
2025-05-20T12:03:34.183180,KXBTCD-25MAY2016-T104999.99,DELTA,74,1000,80,6110,10,no,3,20000
2025-05-20T12:03:34.183975,KXBTCD-25MAY2016-T104999.99,DELTA,74,1000,80,6110,11,no,3,1250
2025-05-20T12:03:34.184802,KXBTCD-25MAY2016-T104999.99,DELTA,74,1000,80,6110,12,no,3,2000
2025-05-20T12:03:34.814708,KXBTCD-25MAY2016-T104999.99,DELTA,74,1000,80,6110,13,yes,70,-14
2025-05-20T12:03:34.815625,KXBTCD-25MAY2016-T104999.99,DELTA,74,1000,80,6110,14,yes,69,14
2025-05-20T12:03:34.816255,KXBTCD-25MAY2016-T104999.99,DELTA,74,1000,78,14,15,no,22,14
2025-05-20T12:03:34.817125,KXBTCD-25MAY2016-T104999.99,DELTA,74,1000,78,14,16,no,20,-10
2025-05-20T12:03:35.224191,KXBTCD-25MAY2016-T104999.99,DELTA,74,1000,78,14,17,yes,67,14
2025-05-20T12:03:35.225229,KXBTCD-25MAY2016-T104999.99,DELTA,74,1000,78,14,18,yes,69,-14
2025-05-20T12:03:35.242573,KXBTCD-25MAY2016-T104999.99,DELTA,74,1000,78,14,19,no,19,-14
2025-05-20T12:03:35.243228,KXBTCD-25MAY2016-T104999.99,DELTA,74,1000,78,14,20,no,21,14
2025-05-20T12:03:36.562049,KXBTCD-25MAY2016-T104999.99,DELTA,74,1000,78,14,21,no,20,-1000
2025-05-20T12:03:36.602357,KXBTCD-25MAY2016-T104999.99,DELTA,74,1000,78,14,22,no,3,1000
2025-05-20T12:03:38.909529,KXBTCD-25MAY2016-T104999.99,DELTA,74,1000,78,14,23,no,20,-5000
2025-05-20T12:03:38.921763,KXBTCD-25MAY2016-T104999.99,DELTA,74,1000,78,14,24,yes,71,-5000
2025-05-20T12:03:38.921984,KXBTCD-25MAY2016-T104999.99,DELTA,74,1000,78,14,25,yes,72,5000
2025-05-20T12:03:38.961708,KXBTCD-25MAY2016-T104999.99,DELTA,74,1000,78,14,26,no,19,5000
2025-05-20T12:03:39.001785,KXBTCD-25MAY2016-T104999.99,DELTA,74,1000,78,14,27,yes,72,-20000
2025-05-20T12:03:39.022787,KXBTCD-25MAY2016-T104999.99,DELTA,74,1000,78,14,28,no,4,9
2025-05-20T12:03:39.023005,KXBTCD-25MAY2016-T104999.99,DELTA,74,1000,78,14,29,yes,72,-2000
2025-05-20T12:03:39.023139,KXBTCD-25MAY2016-T104999.99,DELTA,74,1000,78,14,30,yes,72,-1250
2025-05-20T12:03:39.122524,KXBTCD-25MAY2016-T104999.99,DELTA,74,1000,78,14,31,yes,73,20000
2025-05-20T12:03:39.122810,KXBTCD-25MAY2016-T104999.99,DELTA,74,1000,78,14,32,yes,73,2000
2025-05-20T12:03:39.123280,KXBTCD-25MAY2016-T104999.99,DELTA,74,1000,78,14,33,yes,73,1250
2025-05-20T12:03:39.481536,KXBTCD-25MAY2016-T104999.99,DELTA,74,1000,78,14,34,no,20,-100
2025-05-20T12:03:39.481744,KXBTCD-25MAY2016-T104999.99,DELTA,74,1000,78,14,35,yes,73,-100
2025-05-20T12:03:39.602421,KXBTCD-25MAY2016-T104999.99,DELTA,73,23250,78,14,36,yes,74,-1000
2025-05-20T12:03:39.643498,KXBTCD-25MAY2016-T104999.99,DELTA,73,24250,78,14,37,yes,73,1000
2025-05-20T12:03:40.949846,KXBTCD-25MAY2016-T104999.99,DELTA,73,24250,78,14,38,no,19,100
2025-05-20T12:03:40.950150,KXBTCD-25MAY2016-T104999.99,DELTA,73,24350,78,14,39,yes,73,100
2025-05-20T12:03:41.042099,KXBTCD-25MAY2016-T104999.99,DELTA,73,23350,78,14,40,yes,73,-1000
2025-05-20T12:03:41.062203,KXBTCD-25MAY2016-T104999.99,DELTA,73,23350,78,14,41,no,4,-9
2025-05-20T12:03:41.102218,KXBTCD-25MAY2016-T104999.99,DELTA,74,1000,78,14,42,yes,74,1000
2025-05-20T12:03:42.442557,KXBTCD-25MAY2016-T104999.99,DELTA,74,1000,78,14,43,yes,72,14
2025-05-20T12:03:42.443055,KXBTCD-25MAY2016-T104999.99,DELTA,74,1000,78,14,44,no,18,14
2025-05-20T12:03:42.482046,KXBTCD-25MAY2016-T104999.99,DELTA,74,1000,78,14,45,yes,69,-14
2025-05-20T12:03:42.482350,KXBTCD-25MAY2016-T104999.99,DELTA,74,1000,79,14,46,no,22,-14
2025-05-20T12:03:42.843854,KXBTCD-25MAY2016-T104999.99,DELTA,74,1000,79,14,47,no,19,-5000
2025-05-20T12:03:42.844706,KXBTCD-25MAY2016-T104999.99,DELTA,74,1000,79,14,48,no,18,5000
2025-05-20T12:03:42.882970,KXBTCD-25MAY2016-T104999.99,DELTA,74,1000,79,14,49,yes,72,-5000
2025-05-20T12:03:42.883716,KXBTCD-25MAY2016-T104999.99,DELTA,74,1000,79,14,50,yes,73,5000
2025-05-20T12:03:42.905562,KXBTCD-25MAY2016-T104999.99,DELTA,74,1000,79,14,51,no,3,-1000
2025-05-20T12:03:42.942431,KXBTCD-25MAY2016-T104999.99,DELTA,74,1000,79,14,52,yes,73,-20000
2025-05-20T12:03:42.961643,KXBTCD-25MAY2016-T104999.99,DELTA,74,1000,79,14,53,yes,73,-2000
2025-05-20T12:03:42.962015,KXBTCD-25MAY2016-T104999.99,DELTA,74,1000,79,14,54,yes,67,-14
2025-05-20T12:03:42.962326,KXBTCD-25MAY2016-T104999.99,DELTA,74,1000,79,14,55,yes,70,14
2025-05-20T12:03:42.962615,KXBTCD-25MAY2016-T104999.99,DELTA,74,1000,79,14,56,no,18,1000
2025-05-20T12:03:42.962897,KXBTCD-25MAY2016-T104999.99,DELTA,74,1000,79,14,57,no,18,14
2025-05-20T12:03:42.963779,KXBTCD-25MAY2016-T104999.99,DELTA,74,1000,81,100,58,no,21,-14
2025-05-20T12:03:42.964124,KXBTCD-25MAY2016-T104999.99,DELTA,74,1000,81,100,59,yes,73,-100
2025-05-20T12:03:42.966314,KXBTCD-25MAY2016-T104999.99,DELTA,74,1000,81,100,60,yes,73,-1250
2025-05-20T12:03:43.063500,KXBTCD-25MAY2016-T104999.99,DELTA,74,2250,81,100,61,yes,74,1250
2025-05-20T12:03:43.063710,KXBTCD-25MAY2016-T104999.99,DELTA,74,22250,81,100,62,yes,74,20000
2025-05-20T12:03:43.064062,KXBTCD-25MAY2016-T104999.99,DELTA,74,24250,81,100,63,yes,74,2000
2025-05-20T12:03:43.824844,KXBTCD-25MAY2016-T104999.99,DELTA,74,24250,81,100,64,yes,70,-14
2025-05-20T12:03:43.825095,KXBTCD-25MAY2016-T104999.99,DELTA,74,24250,81,100,65,yes,68,14
2025-05-20T12:03:43.825362,KXBTCD-25MAY2016-T104999.99,DELTA,74,24250,81,100,66,no,18,-14
2025-05-20T12:03:43.825470,KXBTCD-25MAY2016-T104999.99,DELTA,74,24250,80,14,67,no,20,14
2025-05-20T12:03:43.982743,KXBTCD-25MAY2016-T104999.99,DELTA,74,24250,80,14,68,yes,70,14
2025-05-20T12:03:44.006660,KXBTCD-25MAY2016-T104999.99,DELTA,74,24250,80,28,69,no,20,14
2025-05-20T12:03:44.006766,KXBTCD-25MAY2016-T104999.99,DELTA,74,24250,80,28,70,yes,72,-14
2025-05-20T12:03:44.006834,KXBTCD-25MAY2016-T104999.99,DELTA,74,24250,80,28,71,no,18,-14
2025-05-20T12:03:44.062376,KXBTCD-25MAY2016-T104999.99,DELTA,74,24250,80,28,72,no,18,-1000
2025-05-20T12:03:44.122248,KXBTCD-25MAY2016-T104999.99,DELTA,74,24250,80,28,73,no,3,1000
2025-05-20T12:03:44.384128,KXBTCD-25MAY2016-T104999.99,DELTA,74,24350,80,28,74,yes,74,100
2025-05-20T12:03:44.443365,KXBTCD-25MAY2016-T104999.99,DELTA,74,23350,80,28,75,yes,74,-1000
2025-05-20T12:03:44.523517,KXBTCD-25MAY2016-T104999.99,DELTA,75,1000,80,28,76,yes,75,1000
2025-05-20T12:03:44.850378,KXBTCD-25MAY2016-T104999.99,DELTA,75,1000,80,28,77,yes,70,-14
2025-05-20T12:03:44.850616,KXBTCD-25MAY2016-T104999.99,DELTA,75,1000,80,28,78,yes,73,14
2025-05-20T12:03:44.850894,KXBTCD-25MAY2016-T104999.99,DELTA,75,1000,80,28,79,no,18,14
2025-05-20T12:03:44.850979,KXBTCD-25MAY2016-T104999.99,DELTA,75,1000,80,14,80,no,20,-14
2025-05-20T12:03:45.243515,KXBTCD-25MAY2016-T104999.99,DELTA,75,1000,80,14,81,yes,68,-14
2025-05-20T12:03:45.263254,KXBTCD-25MAY2016-T104999.99,DELTA,75,1000,80,14,82,yes,70,14
2025-05-20T12:03:45.263709,KXBTCD-25MAY2016-T104999.99,DELTA,75,1000,81,100,83,no,20,-14
2025-05-20T12:03:45.263897,KXBTCD-25MAY2016-T104999.99,DELTA,75,1000,81,100,84,no,18,14
2025-05-20T12:03:47.039355,KXBTCD-25MAY2016-T104999.99,DELTA,75,1000,81,100,85,yes,73,-5000
2025-05-20T12:03:47.067592,KXBTCD-25MAY2016-T104999.99,DELTA,75,1000,81,100,86,no,18,-5000
2025-05-20T12:03:47.159992,KXBTCD-25MAY2016-T104999.99,DELTA,75,1000,81,100,87,yes,74,-20000
2025-05-20T12:03:47.160783,KXBTCD-25MAY2016-T104999.99,DELTA,75,1000,81,100,88,yes,74,-2000
2025-05-20T12:03:47.161341,KXBTCD-25MAY2016-T104999.99,DELTA,75,1000,81,100,89,yes,74,-1250
2025-05-20T12:03:47.324935,KXBTCD-25MAY2016-T104999.99,DELTA,75,1000,81,100,90,yes,41,2000
2025-05-20T12:03:47.443387,KXBTCD-25MAY2016-T104999.99,DELTA,75,1000,81,100,91,no,4,9
2025-05-20T12:03:49.065810,KXBTCD-25MAY2016-T104999.99,DELTA,75,1000,81,100,92,no,18,5000
2025-05-20T12:03:49.085809,KXBTCD-25MAY2016-T104999.99,DELTA,75,1000,81,100,93,yes,74,5000
2025-05-20T12:03:49.166507,KXBTCD-25MAY2016-T104999.99,DELTA,75,1000,81,100,94,yes,41,-2000
2025-05-20T12:03:49.167492,KXBTCD-25MAY2016-T104999.99,DELTA,75,2250,81,100,95,yes,75,1250
2025-05-20T12:03:49.168316,KXBTCD-25MAY2016-T104999.99,DELTA,75,22250,81,100,96,yes,75,20000
2025-05-20T12:03:49.327265,KXBTCD-25MAY2016-T104999.99,DELTA,75,24250,81,100,97,yes,75,2000
2025-05-20T12:03:49.505830,KXBTCD-25MAY2016-T104999.99,DELTA,75,24250,81,100,98,yes,74,-100
2025-05-20T12:03:49.525197,KXBTCD-25MAY2016-T104999.99,DELTA,75,24250,82,5028,99,no,19,-100
2025-05-20T12:03:49.605477,KXBTCD-25MAY2016-T104999.99,DELTA,75,24250,82,5028,100,no,4,-9
2025-05-20T12:03:50.426725,KXBTCD-25MAY2016-T104999.99,DELTA,75,24250,82,5128,101,no,18,100
2025-05-20T12:03:50.428032,KXBTCD-25MAY2016-T104999.99,DELTA,75,24250,82,5128,102,yes,74,100
2025-05-20T12:03:50.998733,KXBTCD-25MAY2016-T104999.99,DELTA,75,24250,82,5128,103,yes,74,-100
2025-05-20T12:03:51.715653,KXBTCD-25MAY2016-T104999.99,DELTA,75,24250,82,5128,104,yes,74,100
2025-05-20T12:03:51.769226,KXBTCD-25MAY2016-T104999.99,DELTA,75,24250,82,5128,105,no,2,-16200
2025-05-20T12:03:51.770241,KXBTCD-25MAY2016-T104999.99,DELTA,75,24250,82,5128,106,no,1,32400
2025-05-20T12:03:51.868969,KXBTCD-25MAY2016-T104999.99,DELTA,75,24250,82,5128,107,no,3,-20000
2025-05-20T12:03:51.869516,KXBTCD-25MAY2016-T104999.99,DELTA,75,24250,82,5128,108,no,3,-2000
2025-05-20T12:03:51.888527,KXBTCD-25MAY2016-T104999.99,DELTA,75,24250,82,5128,109,no,3,-1000
2025-05-20T12:03:51.888755,KXBTCD-25MAY2016-T104999.99,DELTA,75,24250,82,5128,110,no,3,-1250
2025-05-20T12:03:51.948712,KXBTCD-25MAY2016-T104999.99,DELTA,75,24250,82,5128,111,no,2,2000
2025-05-20T12:03:51.949567,KXBTCD-25MAY2016-T104999.99,DELTA,75,24250,82,5128,112,no,2,1000
2025-05-20T12:03:51.950193,KXBTCD-25MAY2016-T104999.99,DELTA,75,24250,82,5128,113,no,2,20000
2025-05-20T12:03:51.950687,KXBTCD-25MAY2016-T104999.99,DELTA,75,24250,82,5128,114,no,2,1250
2025-05-20T12:03:53.356260,KXBTCD-25MAY2016-T104999.99,DELTA,75,24250,82,5128,115,yes,74,-100
2025-05-20T12:03:53.570501,KXBTCD-25MAY2016-T104999.99,DELTA,75,24250,82,5128,116,yes,74,-5000
2025-05-20T12:03:53.663689,KXBTCD-25MAY2016-T104999.99,DELTA,75,24250,82,128,117,no,18,-5000
2025-05-20T12:03:53.765915,KXBTCD-25MAY2016-T104999.99,DELTA,75,4250,82,128,118,yes,75,-20000
2025-05-20T12:03:53.767093,KXBTCD-25MAY2016-T104999.99,DELTA,75,2250,82,128,119,yes,75,-2000
2025-05-20T12:03:53.768387,KXBTCD-25MAY2016-T104999.99,DELTA,75,1250,82,128,120,yes,75,-1000
2025-05-20T12:03:53.769136,KXBTCD-25MAY2016-T104999.99,DELTA,73,14,82,128,121,yes,75,-1250
2025-05-20T12:03:53.863896,KXBTCD-25MAY2016-T104999.99,DELTA,73,14,82,128,122,no,4,9
2025-05-20T12:03:53.991849,KXBTCD-25MAY2016-T104999.99,DELTA,73,14,82,128,123,yes,41,2000
2025-05-20T12:03:53.992158,KXBTCD-25MAY2016-T104999.99,DELTA,73,14,82,128,124,yes,41,1000
2025-05-20T12:03:54.010384,KXBTCD-25MAY2016-T104999.99,DELTA,73,14,82,128,125,no,1,-32400
2025-05-20T12:03:54.010538,KXBTCD-25MAY2016-T104999.99,DELTA,73,14,82,128,126,no,2,16200
2025-05-20T12:03:54.251031,KXBTCD-25MAY2016-T104999.99,DELTA,73,14,82,128,127,no,2,-20000
2025-05-20T12:03:54.251530,KXBTCD-25MAY2016-T104999.99,DELTA,73,14,82,128,128,no,2,-2000
2025-05-20T12:03:54.270183,KXBTCD-25MAY2016-T104999.99,DELTA,73,14,82,128,129,no,2,-1000
2025-05-20T12:03:54.270995,KXBTCD-25MAY2016-T104999.99,DELTA,73,14,82,128,130,no,2,-1250
2025-05-20T12:03:54.510671,KXBTCD-25MAY2016-T104999.99,DELTA,75,100,82,128,131,yes,75,100
2025-05-20T12:03:54.591284,KXBTCD-25MAY2016-T104999.99,DELTA,75,100,82,128,132,yes,41,-1000
2025-05-20T12:03:54.630434,KXBTCD-25MAY2016-T104999.99,DELTA,75,100,82,128,133,no,17,5000
2025-05-20T12:03:54.650608,KXBTCD-25MAY2016-T104999.99,DELTA,75,100,82,128,134,yes,74,5000
2025-05-20T12:03:54.931125,KXBTCD-25MAY2016-T104999.99,DELTA,75,100,82,128,135,no,3,2000
2025-05-20T12:03:54.931415,KXBTCD-25MAY2016-T104999.99,DELTA,76,1000,82,128,136,yes,76,1000
2025-05-20T12:03:54.931780,KXBTCD-25MAY2016-T104999.99,DELTA,76,1000,82,128,137,no,3,20000
2025-05-20T12:03:54.931885,KXBTCD-25MAY2016-T104999.99,DELTA,76,1000,82,128,138,yes,75,1250
2025-05-20T12:03:54.933623,KXBTCD-25MAY2016-T104999.99,DELTA,76,1000,82,128,139,yes,41,-2000
2025-05-20T12:03:54.933833,KXBTCD-25MAY2016-T104999.99,DELTA,76,1000,82,128,140,yes,75,20000
2025-05-20T12:03:54.933980,KXBTCD-25MAY2016-T104999.99,DELTA,76,1000,82,128,141,no,3,1250
2025-05-20T12:03:54.934108,KXBTCD-25MAY2016-T104999.99,DELTA,76,1000,82,128,142,no,17,1000
2025-05-20T12:03:55.030454,KXBTCD-25MAY2016-T104999.99,DELTA,76,1000,82,128,143,yes,75,2000
2025-05-20T12:03:55.351200,KXBTCD-25MAY2016-T104999.99,DELTA,76,1000,82,28,144,no,18,-100
2025-05-20T12:03:55.351391,KXBTCD-25MAY2016-T104999.99,DELTA,76,1000,82,28,145,yes,75,-100
2025-05-20T12:03:55.431470,KXBTCD-25MAY2016-T104999.99,DELTA,75,23250,82,28,146,yes,76,-1000
2025-05-20T12:03:56.273960,KXBTCD-25MAY2016-T104999.99,DELTA,75,23250,82,28,147,no,2,-16200
2025-05-20T12:03:56.274376,KXBTCD-25MAY2016-T104999.99,DELTA,75,23250,82,28,148,no,1,32400
2025-05-20T12:03:56.393157,KXBTCD-25MAY2016-T104999.99,DELTA,75,24250,82,28,149,yes,75,1000
2025-05-20T12:03:56.394115,KXBTCD-25MAY2016-T104999.99,DELTA,75,24250,82,28,150,no,17,-1000
2025-05-20T12:03:56.394277,KXBTCD-25MAY2016-T104999.99,DELTA,75,24250,82,28,151,no,4,-9
2025-05-20T12:03:56.394397,KXBTCD-25MAY2016-T104999.99,DELTA,75,24250,82,28,152,no,3,-20000
2025-05-20T12:03:56.472764,KXBTCD-25MAY2016-T104999.99,DELTA,75,24250,82,28,153,no,3,-2000
2025-05-20T12:03:56.572603,KXBTCD-25MAY2016-T104999.99,DELTA,75,24250,82,28,154,no,3,-1250
2025-05-20T12:03:56.593155,KXBTCD-25MAY2016-T104999.99,DELTA,75,24250,82,28,155,no,16,100
2025-05-20T12:03:56.774766,KXBTCD-25MAY2016-T104999.99,DELTA,76,100,82,28,156,yes,76,100
2025-05-20T12:03:56.792453,KXBTCD-25MAY2016-T104999.99,DELTA,76,100,82,28,157,no,17,-5000
2025-05-20T12:03:56.793483,KXBTCD-25MAY2016-T104999.99,DELTA,76,100,82,5028,158,no,18,5000
2025-05-20T12:03:56.875274,KXBTCD-25MAY2016-T104999.99,DELTA,76,100,82,5028,159,yes,75,-1000
2025-05-20T12:03:57.075026,KXBTCD-25MAY2016-T104999.99,DELTA,76,100,82,5028,160,no,2,2000
2025-05-20T12:03:57.076045,KXBTCD-25MAY2016-T104999.99,DELTA,76,100,82,5028,161,no,17,1000
2025-05-20T12:03:57.076681,KXBTCD-25MAY2016-T104999.99,DELTA,76,100,82,5028,162,no,2,1250
2025-05-20T12:03:57.077292,KXBTCD-25MAY2016-T104999.99,DELTA,76,100,82,5028,163,no,2,20000
2025-05-20T12:03:57.077792,KXBTCD-25MAY2016-T104999.99,DELTA,77,1000,82,5028,164,yes,77,1000
2025-05-20T12:03:57.175713,KXBTCD-25MAY2016-T104999.99,DELTA,77,1000,82,5028,165,no,16,-100
2025-05-20T12:03:57.176470,KXBTCD-25MAY2016-T104999.99,DELTA,77,1000,82,5028,166,yes,74,-5000
2025-05-20T12:03:57.176993,KXBTCD-25MAY2016-T104999.99,DELTA,77,1000,82,5028,167,yes,73,5000
2025-05-20T12:03:57.194967,KXBTCD-25MAY2016-T104999.99,DELTA,77,1000,82,28,168,no,18,-5000
2025-05-20T12:03:57.195956,KXBTCD-25MAY2016-T104999.99,DELTA,77,1000,81,5000,169,no,19,5000
2025-05-20T12:03:57.476040,KXBTCD-25MAY2016-T104999.99,DELTA,77,1000,81,5000,170,yes,75,-20000
2025-05-20T12:03:57.865518,KXBTCD-25MAY2016-T104999.99,DELTA,77,1000,81,5000,171,yes,75,-2000
2025-05-20T12:03:57.997210,KXBTCD-25MAY2016-T104999.99,DELTA,77,1000,81,5000,172,yes,75,-1250
2025-05-20T12:03:58.072980,KXBTCD-25MAY2016-T104999.99,DELTA,77,1000,81,5000,173,no,17,-1000
2025-05-20T12:03:58.175942,KXBTCD-25MAY2016-T104999.99,DELTA,77,1000,81,5000,174,yes,74,2000
2025-05-20T12:03:58.176993,KXBTCD-25MAY2016-T104999.99,DELTA,77,1000,81,5000,175,no,2,1000
2025-05-20T12:03:58.177478,KXBTCD-25MAY2016-T104999.99,DELTA,77,1000,81,5000,176,yes,74,1250
2025-05-20T12:03:58.193932,KXBTCD-25MAY2016-T104999.99,DELTA,77,1000,81,5000,177,yes,74,20000
2025-05-20T12:03:58.693871,KXBTCD-25MAY2016-T104999.99,DELTA,77,1000,81,5000,178,yes,76,-100
2025-05-20T12:03:58.778999,KXBTCD-25MAY2016-T104999.99,DELTA,74,23250,81,5000,179,yes,77,-1000
2025-05-20T12:03:58.815921,KXBTCD-25MAY2016-T104999.99,DELTA,74,24250,81,5000,180,yes,74,1000
2025-05-20T12:03:58.914403,KXBTCD-25MAY2016-T104999.99,DELTA,74,24250,81,5000,181,no,17,100
2025-05-20T12:03:58.975510,KXBTCD-25MAY2016-T104999.99,DELTA,74,24250,81,5000,182,no,2,-1000
2025-05-20T12:03:59.036345,KXBTCD-25MAY2016-T104999.99,DELTA,74,24250,81,5000,183,no,17,1000
2025-05-20T12:03:59.596096,KXBTCD-25MAY2016-T104999.99,DELTA,74,24250,81,5000,184,no,17,-1000
2025-05-20T12:03:59.635022,KXBTCD-25MAY2016-T104999.99,DELTA,74,24250,81,5000,185,no,18,1000
2025-05-20T12:04:00.126224,KXBTCD-25MAY2016-T104999.99,DELTA,75,100,81,5000,186,yes,75,100
2025-05-20T12:04:00.175689,KXBTCD-25MAY2016-T104999.99,DELTA,75,100,81,5000,187,yes,74,-1000
2025-05-20T12:04:00.236441,KXBTCD-25MAY2016-T104999.99,DELTA,76,1000,81,5000,188,yes,76,1000
2025-05-20T12:04:01.555646,KXBTCD-25MAY2016-T104999.99,DELTA,76,1000,81,5000,189,yes,73,-5000
2025-05-20T12:04:01.569856,KXBTCD-25MAY2016-T104999.99,DELTA,76,1000,82,1028,190,no,19,-5000
2025-05-20T12:04:01.674008,KXBTCD-25MAY2016-T104999.99,DELTA,76,1000,82,1028,191,yes,74,-20000
2025-05-20T12:04:01.674473,KXBTCD-25MAY2016-T104999.99,DELTA,76,1000,82,1028,192,yes,74,-2000
2025-05-20T12:04:01.675106,KXBTCD-25MAY2016-T104999.99,DELTA,76,1000,82,1028,193,yes,74,-1250
2025-05-20T12:04:01.878404,KXBTCD-25MAY2016-T104999.99,DELTA,76,1000,82,1028,194,yes,41,2000
2025-05-20T12:04:02.636976,KXBTCD-25MAY2016-T104999.99,DELTA,76,1000,81,5000,195,no,19,5000
2025-05-20T12:04:02.637917,KXBTCD-25MAY2016-T104999.99,DELTA,76,1000,81,5000,196,yes,72,5000
2025-05-20T12:04:02.696853,KXBTCD-25MAY2016-T104999.99,DELTA,76,1000,81,5000,197,yes,41,-2000
2025-05-20T12:04:02.837430,KXBTCD-25MAY2016-T104999.99,DELTA,76,1000,81,5000,198,yes,73,20000
2025-05-20T12:04:02.838539,KXBTCD-25MAY2016-T104999.99,DELTA,76,1000,81,5000,199,yes,73,2000
2025-05-20T12:04:02.839467,KXBTCD-25MAY2016-T104999.99,DELTA,76,1000,81,5000,200,yes,73,1250
2025-05-20T12:04:02.957301,KXBTCD-25MAY2016-T104999.99,DELTA,76,1000,81,5000,201,yes,72,-5000
2025-05-20T12:04:02.958431,KXBTCD-25MAY2016-T104999.99,DELTA,76,1000,81,5000,202,yes,71,5000
2025-05-20T12:04:02.959182,KXBTCD-25MAY2016-T104999.99,DELTA,76,1000,81,5000,203,no,17,-100
2025-05-20T12:04:03.096622,KXBTCD-25MAY2016-T104999.99,DELTA,76,1000,81,5000,204,yes,73,-20000
2025-05-20T12:04:03.116458,KXBTCD-25MAY2016-T104999.99,DELTA,76,1000,81,5000,205,yes,73,-2000
2025-05-20T12:04:03.116660,KXBTCD-25MAY2016-T104999.99,DELTA,76,1000,81,5000,206,yes,73,-1250
2025-05-20T12:04:03.359713,KXBTCD-25MAY2016-T104999.99,DELTA,76,1000,81,5000,207,yes,72,20000
2025-05-20T12:04:03.360602,KXBTCD-25MAY2016-T104999.99,DELTA,76,1000,81,5000,208,yes,72,1250
2025-05-20T12:04:03.361167,KXBTCD-25MAY2016-T104999.99,DELTA,76,1000,81,5000,209,yes,72,2000
2025-05-20T12:04:03.476461,KXBTCD-25MAY2016-T104999.99,DELTA,76,1000,81,5000,210,yes,75,-100
2025-05-20T12:04:03.517869,KXBTCD-25MAY2016-T104999.99,DELTA,76,1000,82,1028,211,no,19,-5000
2025-05-20T12:04:03.518586,KXBTCD-25MAY2016-T104999.99,DELTA,76,1000,80,5000,212,no,20,5000
2025-05-20T12:04:03.570443,KXBTCD-25MAY2016-T104999.99,DELTA,76,1000,80,5000,213,yes,71,-5000
2025-05-20T12:04:03.571273,KXBTCD-25MAY2016-T104999.99,DELTA,76,1000,80,5000,214,yes,72,5000
2025-05-20T12:04:03.576376,KXBTCD-25MAY2016-T104999.99,DELTA,76,1000,82,1028,215,no,20,-5000
2025-05-20T12:04:03.577057,KXBTCD-25MAY2016-T104999.99,DELTA,76,1000,81,5000,216,no,19,5000
2025-05-20T12:04:03.637591,KXBTCD-25MAY2016-T104999.99,DELTA,73,14,81,5000,217,yes,76,-1000
2025-05-20T12:04:03.797877,KXBTCD-25MAY2016-T104999.99,DELTA,73,14,81,5100,218,no,19,100
2025-05-20T12:04:03.819065,KXBTCD-25MAY2016-T104999.99,DELTA,73,14,81,5100,219,yes,72,-20000
2025-05-20T12:04:03.837034,KXBTCD-25MAY2016-T104999.99,DELTA,73,14,81,5100,220,yes,72,-2000
2025-05-20T12:04:03.838275,KXBTCD-25MAY2016-T104999.99,DELTA,73,14,81,5100,221,yes,72,-1250
2025-05-20T12:04:03.917126,KXBTCD-25MAY2016-T104999.99,DELTA,73,1264,81,5100,222,yes,73,1250
2025-05-20T12:04:03.918101,KXBTCD-25MAY2016-T104999.99,DELTA,73,3264,81,5100,223,yes,73,2000
2025-05-20T12:04:03.918735,KXBTCD-25MAY2016-T104999.99,DELTA,73,23264,81,5100,224,yes,73,20000
2025-05-20T12:04:04.417902,KXBTCD-25MAY2016-T104999.99,DELTA,73,23364,81,5100,225,yes,73,100
2025-05-20T12:04:04.838178,KXBTCD-25MAY2016-T104999.99,DELTA,74,1000,81,5100,226,yes,74,1000
2025-05-20T12:04:05.479085,KXBTCD-25MAY2016-T104999.99,DELTA,74,1000,81,100,227,no,19,-5000
2025-05-20T12:04:05.480167,KXBTCD-25MAY2016-T104999.99,DELTA,74,1000,80,5000,228,no,20,5000
2025-05-20T12:04:05.718319,KXBTCD-25MAY2016-T104999.99,DELTA,74,1000,80,5000,229,no,18,-1000
2025-05-20T12:04:05.779375,KXBTCD-25MAY2016-T104999.99,DELTA,74,1000,80,5000,230,no,19,1000
2025-05-20T12:04:07.540119,KXBTCD-25MAY2016-T104999.99,DELTA,74,1000,80,5000,231,no,19,-100
2025-05-20T12:04:08.398657,KXBTCD-25MAY2016-T104999.99,DELTA,74,1000,80,5000,232,no,19,100
2025-05-20T12:04:11.679466,KXBTCD-25MAY2016-T104999.99,DELTA,74,1000,80,5000,233,yes,72,-5000
2025-05-20T12:04:11.776861,KXBTCD-25MAY2016-T104999.99,DELTA,74,1000,81,1100,234,no,20,-5000
2025-05-20T12:04:11.961754,KXBTCD-25MAY2016-T104999.99,DELTA,74,1000,81,1000,235,no,19,-100
2025-05-20T12:04:11.985424,KXBTCD-25MAY2016-T104999.99,DELTA,74,1000,81,1000,236,yes,73,-20000
2025-05-20T12:04:11.989727,KXBTCD-25MAY2016-T104999.99,DELTA,74,1000,81,1000,237,yes,73,-2000
2025-05-20T12:04:12.004452,KXBTCD-25MAY2016-T104999.99,DELTA,74,1000,81,1000,238,yes,73,-1250
2025-05-20T12:04:12.502152,KXBTCD-25MAY2016-T104999.99,DELTA,74,1000,81,1000,239,yes,41,2000
2025-05-20T12:04:12.620979,KXBTCD-25MAY2016-T104999.99,DELTA,74,1000,80,5000,240,no,20,5000
2025-05-20T12:04:12.640551,KXBTCD-25MAY2016-T104999.99,DELTA,74,1000,80,5000,241,yes,71,5000
2025-05-20T12:04:12.841367,KXBTCD-25MAY2016-T104999.99,DELTA,74,1000,80,5000,242,yes,70,-14
2025-05-20T12:04:12.842172,KXBTCD-25MAY2016-T104999.99,DELTA,74,1000,80,5000,243,yes,69,14
2025-05-20T12:04:12.842755,KXBTCD-25MAY2016-T104999.99,DELTA,74,1000,80,5014,244,no,20,14
2025-05-20T12:04:12.843056,KXBTCD-25MAY2016-T104999.99,DELTA,74,1000,80,5014,245,no,18,-14
2025-05-20T12:04:12.844265,KXBTCD-25MAY2016-T104999.99,DELTA,74,1000,80,5014,246,yes,41,-2000
2025-05-20T12:04:12.900351,KXBTCD-25MAY2016-T104999.99,DELTA,74,1000,80,5014,247,no,19,-1000
2025-05-20T12:04:13.141173,KXBTCD-25MAY2016-T104999.99,DELTA,74,1000,80,5014,248,yes,73,-100
2025-05-20T12:04:13.201276,KXBTCD-25MAY2016-T104999.99,DELTA,73,14,80,5014,249,yes,74,-1000
2025-05-20T12:04:13.322120,KXBTCD-25MAY2016-T104999.99,DELTA,73,14,80,5014,250,yes,72,1000
2025-05-20T12:04:13.340948,KXBTCD-25MAY2016-T104999.99,DELTA,73,14,80,5014,251,no,2,-1250
2025-05-20T12:04:13.381222,KXBTCD-25MAY2016-T104999.99,DELTA,73,14,80,5014,252,yes,71,14
2025-05-20T12:04:13.381506,KXBTCD-25MAY2016-T104999.99,DELTA,72,1000,80,5014,253,yes,73,-14
2025-05-20T12:04:13.381698,KXBTCD-25MAY2016-T104999.99,DELTA,72,1000,80,14,254,no,20,-5000
2025-05-20T12:04:13.381850,KXBTCD-25MAY2016-T104999.99,DELTA,72,1000,79,5000,255,no,21,5000
2025-05-20T12:04:13.400173,KXBTCD-25MAY2016-T104999.99,DELTA,72,1000,79,5000,256,no,19,14
2025-05-20T12:04:13.400409,KXBTCD-25MAY2016-T104999.99,DELTA,72,1000,79,5000,257,no,18,-14
2025-05-20T12:04:13.464827,KXBTCD-25MAY2016-T104999.99,DELTA,72,1000,79,5000,258,no,20,100
2025-05-20T12:04:13.644729,KXBTCD-25MAY2016-T104999.99,DELTA,72,1000,79,5000,259,yes,71,-5000
2025-05-20T12:04:13.645688,KXBTCD-25MAY2016-T104999.99,DELTA,72,1000,79,5000,260,yes,70,5000
2025-05-20T12:04:13.646150,KXBTCD-25MAY2016-T104999.99,DELTA,72,1000,80,114,261,no,21,-5000
2025-05-20T12:04:13.646501,KXBTCD-25MAY2016-T104999.99,DELTA,72,1000,78,5000,262,no,22,5000
2025-05-20T12:04:13.680677,KXBTCD-25MAY2016-T104999.99,DELTA,72,1000,78,5000,263,no,20,-100
2025-05-20T12:04:13.700761,KXBTCD-25MAY2016-T104999.99,DELTA,71,14,78,5000,264,yes,72,-1000
2025-05-20T12:04:14.156556,KXBTCD-25MAY2016-T104999.99,DELTA,71,114,78,5000,265,yes,71,100
2025-05-20T12:04:14.262509,KXBTCD-25MAY2016-T104999.99,DELTA,71,1364,78,5000,266,yes,71,1250
2025-05-20T12:04:14.263244,KXBTCD-25MAY2016-T104999.99,DELTA,71,21364,78,5000,267,yes,71,20000
2025-05-20T12:04:14.263843,KXBTCD-25MAY2016-T104999.99,DELTA,72,1000,78,5000,268,yes,72,1000
2025-05-20T12:04:14.264417,KXBTCD-25MAY2016-T104999.99,DELTA,72,1000,78,5000,269,yes,71,2000
2025-05-20T12:04:14.301799,KXBTCD-25MAY2016-T104999.99,DELTA,72,1000,78,5000,270,no,2,1000
2025-05-20T12:04:14.621740,KXBTCD-25MAY2016-T104999.99,DELTA,72,1000,78,5000,271,no,21,100
2025-05-20T12:04:15.062449,KXBTCD-25MAY2016-T104999.99,DELTA,72,1000,78,5000,272,no,1,-32400
2025-05-20T12:04:15.102815,KXBTCD-25MAY2016-T104999.99,DELTA,72,1000,79,100,273,no,22,-5000
2025-05-20T12:04:15.103022,KXBTCD-25MAY2016-T104999.99,DELTA,72,1000,79,5100,274,no,21,5000
2025-05-20T12:04:15.142423,KXBTCD-25MAY2016-T104999.99,DELTA,72,1000,79,5100,275,no,2,-20000
2025-05-20T12:04:15.142622,KXBTCD-25MAY2016-T104999.99,DELTA,72,1000,79,5100,276,no,2,-2000
2025-05-20T12:04:15.162525,KXBTCD-25MAY2016-T104999.99,DELTA,72,1000,79,5100,277,no,2,-1000
2025-05-20T12:04:15.441621,KXBTCD-25MAY2016-T104999.99,DELTA,72,1000,79,5100,278,yes,71,-100
2025-05-20T12:04:15.540542,KXBTCD-25MAY2016-T104999.99,DELTA,71,23264,79,5100,279,yes,72,-1000
2025-05-20T12:04:15.580359,KXBTCD-25MAY2016-T104999.99,DELTA,71,24264,79,5100,280,yes,71,1000
2025-05-20T12:04:16.541147,KXBTCD-25MAY2016-T104999.99,DELTA,72,100,79,5100,281,yes,72,100
2025-05-20T12:04:16.602875,KXBTCD-25MAY2016-T104999.99,DELTA,72,100,79,5100,282,yes,71,-1000
2025-05-20T12:04:16.702518,KXBTCD-25MAY2016-T104999.99,DELTA,73,1000,79,5100,283,yes,73,1000
2025-05-20T12:04:23.064535,KXBTCD-25MAY2016-T104999.99,DELTA,73,1000,79,5100,284,yes,70,-5000
2025-05-20T12:04:23.084715,KXBTCD-25MAY2016-T104999.99,DELTA,73,1000,79,100,285,no,21,-5000
2025-05-20T12:04:23.278530,KXBTCD-25MAY2016-T104999.99,DELTA,73,1000,79,100,286,yes,71,-20000
2025-05-20T12:04:23.280216,KXBTCD-25MAY2016-T104999.99,DELTA,73,1000,79,100,287,yes,71,-2000
2025-05-20T12:04:23.280972,KXBTCD-25MAY2016-T104999.99,DELTA,73,1000,79,100,288,yes,71,-1250
2025-05-20T12:04:23.502883,KXBTCD-25MAY2016-T104999.99,DELTA,73,1000,79,100,289,yes,41,2000
2025-05-20T12:04:24.204620,KXBTCD-25MAY2016-T104999.99,DELTA,73,1000,79,5100,290,no,21,5000
2025-05-20T12:04:24.385760,KXBTCD-25MAY2016-T104999.99,DELTA,73,1000,79,5100,291,yes,70,5000
2025-05-20T12:04:24.684452,KXBTCD-25MAY2016-T104999.99,DELTA,73,1000,79,5100,292,yes,41,-2000
2025-05-20T12:04:24.685096,KXBTCD-25MAY2016-T104999.99,DELTA,73,1000,79,5100,293,yes,71,1250
2025-05-20T12:04:24.703668,KXBTCD-25MAY2016-T104999.99,DELTA,73,1000,79,5100,294,yes,71,20000
2025-05-20T12:04:25.217949,KXBTCD-25MAY2016-T104999.99,DELTA,73,1000,79,100,295,no,21,-5000
2025-05-20T12:04:25.219082,KXBTCD-25MAY2016-T104999.99,DELTA,73,1000,79,100,296,no,20,5000
2025-05-20T12:04:25.422502,KXBTCD-25MAY2016-T104999.99,DELTA,73,1000,79,100,297,yes,70,-5000
2025-05-20T12:04:25.423441,KXBTCD-25MAY2016-T104999.99,DELTA,73,1000,79,100,298,yes,71,5000
2025-05-20T12:04:26.137806,KXBTCD-25MAY2016-T104999.99,DELTA,73,1000,79,100,299,yes,71,-20000
2025-05-20T12:04:26.445540,KXBTCD-25MAY2016-T104999.99,DELTA,73,1000,79,100,300,yes,71,-1250
2025-05-20T12:04:26.483508,KXBTCD-25MAY2016-T104999.99,DELTA,73,1000,79,100,301,yes,72,2000
2025-05-20T12:04:26.582369,KXBTCD-25MAY2016-T104999.99,DELTA,73,1000,80,5014,302,no,21,-100
2025-05-20T12:04:26.602680,KXBTCD-25MAY2016-T104999.99,DELTA,73,1000,80,5014,303,yes,72,-100
2025-05-20T12:04:26.603090,KXBTCD-25MAY2016-T104999.99,DELTA,73,1000,80,5014,304,yes,72,20000
2025-05-20T12:04:26.683199,KXBTCD-25MAY2016-T104999.99,DELTA,73,1000,80,5014,305,yes,72,1250
2025-05-20T12:04:26.782485,KXBTCD-25MAY2016-T104999.99,DELTA,72,23250,80,5014,306,yes,73,-1000
2025-05-20T12:04:26.985323,KXBTCD-25MAY2016-T104999.99,DELTA,72,24250,80,5014,307,yes,72,1000
2025-05-20T12:04:28.003465,KXBTCD-25MAY2016-T104999.99,DELTA,72,24350,80,5014,308,yes,72,100
2025-05-20T12:04:28.003824,KXBTCD-25MAY2016-T104999.99,DELTA,72,24350,80,5114,309,no,20,100
2025-05-20T12:04:28.063628,KXBTCD-25MAY2016-T104999.99,DELTA,72,24350,80,5114,310,yes,69,-14
2025-05-20T12:04:28.063760,KXBTCD-25MAY2016-T104999.99,DELTA,72,24350,80,5114,311,yes,70,14
2025-05-20T12:04:28.083127,KXBTCD-25MAY2016-T104999.99,DELTA,72,23350,80,5114,312,yes,72,-1000
2025-05-20T12:04:28.083276,KXBTCD-25MAY2016-T104999.99,DELTA,72,23350,80,5100,313,no,20,-14
2025-05-20T12:04:28.083378,KXBTCD-25MAY2016-T104999.99,DELTA,72,23350,80,5100,314,no,18,14
2025-05-20T12:04:28.103182,KXBTCD-25MAY2016-T104999.99,DELTA,72,23350,80,5100,315,yes,71,-14
2025-05-20T12:04:28.103322,KXBTCD-25MAY2016-T104999.99,DELTA,73,14,80,5100,316,yes,73,14
2025-05-20T12:04:28.103426,KXBTCD-25MAY2016-T104999.99,DELTA,73,14,80,5100,317,no,18,14
2025-05-20T12:04:28.103561,KXBTCD-25MAY2016-T104999.99,DELTA,73,14,80,5100,318,no,19,-14
2025-05-20T12:04:28.142996,KXBTCD-25MAY2016-T104999.99,DELTA,73,1014,80,5100,319,yes,73,1000
2025-05-20T12:04:28.163638,KXBTCD-25MAY2016-T104999.99,DELTA,73,1014,80,5100,320,no,18,1000
2025-05-20T12:04:28.204158,KXBTCD-25MAY2016-T104999.99,DELTA,73,1014,80,100,321,no,20,-5000
2025-05-20T12:04:28.204403,KXBTCD-25MAY2016-T104999.99,DELTA,73,1014,80,100,322,no,19,5000
2025-05-20T12:04:28.263462,KXBTCD-25MAY2016-T104999.99,DELTA,73,1014,80,100,323,yes,71,-5000
2025-05-20T12:04:28.263699,KXBTCD-25MAY2016-T104999.99,DELTA,73,1014,80,100,324,yes,72,5000
2025-05-20T12:04:28.324400,KXBTCD-25MAY2016-T104999.99,DELTA,73,1014,80,100,325,yes,72,-100
2025-05-20T12:04:28.384325,KXBTCD-25MAY2016-T104999.99,DELTA,73,1014,80,100,326,yes,72,-20000
2025-05-20T12:04:28.385393,KXBTCD-25MAY2016-T104999.99,DELTA,73,1014,80,100,327,yes,72,-2000
2025-05-20T12:04:28.404487,KXBTCD-25MAY2016-T104999.99,DELTA,73,1014,80,100,328,yes,72,-1250
2025-05-20T12:04:28.482532,KXBTCD-25MAY2016-T104999.99,DELTA,73,3014,80,100,329,yes,73,2000
2025-05-20T12:04:28.483325,KXBTCD-25MAY2016-T104999.99,DELTA,73,23014,80,100,330,yes,73,20000
2025-05-20T12:04:28.483906,KXBTCD-25MAY2016-T104999.99,DELTA,73,24264,80,100,331,yes,73,1250
2025-05-20T12:04:29.264837,KXBTCD-25MAY2016-T104999.99,DELTA,73,24364,80,100,332,yes,73,100
2025-05-20T12:04:29.323871,KXBTCD-25MAY2016-T104999.99,DELTA,73,23364,80,100,333,yes,73,-1000
2025-05-20T12:04:29.363959,KXBTCD-25MAY2016-T104999.99,DELTA,74,1000,80,100,334,yes,74,1000
2025-05-20T12:04:29.445694,KXBTCD-25MAY2016-T104999.99,DELTA,74,1000,81,5000,335,no,20,-100
2025-05-20T12:04:29.464227,KXBTCD-25MAY2016-T104999.99,DELTA,74,1000,81,5000,336,yes,73,-100
2025-05-20T12:04:29.525102,KXBTCD-25MAY2016-T104999.99,DELTA,74,1000,82,1028,337,no,19,-5000
2025-05-20T12:04:29.525727,KXBTCD-25MAY2016-T104999.99,DELTA,74,1000,82,6028,338,no,18,5000
2025-05-20T12:04:29.526131,KXBTCD-25MAY2016-T104999.99,DELTA,74,1000,82,6028,339,yes,72,-5000
2025-05-20T12:04:29.526541,KXBTCD-25MAY2016-T104999.99,DELTA,74,1000,82,6028,340,yes,73,5000
2025-05-20T12:04:29.527233,KXBTCD-25MAY2016-T104999.99,DELTA,74,1000,82,5028,341,no,18,-1000
2025-05-20T12:04:29.563145,KXBTCD-25MAY2016-T104999.99,DELTA,73,28264,82,5028,342,yes,74,-1000
2025-05-20T12:04:29.644284,KXBTCD-25MAY2016-T104999.99,DELTA,74,1000,82,5028,343,yes,74,1000
2025-05-20T12:04:29.644608,KXBTCD-25MAY2016-T104999.99,DELTA,74,1000,82,5028,344,yes,73,-20000
2025-05-20T12:04:29.645064,KXBTCD-25MAY2016-T104999.99,DELTA,74,1000,82,5028,345,yes,73,-2000
2025-05-20T12:04:29.776252,KXBTCD-25MAY2016-T104999.99,DELTA,74,1000,82,5028,346,yes,73,-1250
2025-05-20T12:04:29.913013,KXBTCD-25MAY2016-T104999.99,DELTA,74,2250,82,5028,347,yes,74,1250
2025-05-20T12:04:29.914179,KXBTCD-25MAY2016-T104999.99,DELTA,74,4250,82,5028,348,yes,74,2000
2025-05-20T12:04:29.914740,KXBTCD-25MAY2016-T104999.99,DELTA,74,24250,82,5028,349,yes,74,20000
2025-05-20T12:04:29.915674,KXBTCD-25MAY2016-T104999.99,DELTA,74,24250,82,28,350,no,18,-5000
2025-05-20T12:04:29.916210,KXBTCD-25MAY2016-T104999.99,DELTA,74,24250,82,28,351,no,17,5000
2025-05-20T12:04:29.916679,KXBTCD-25MAY2016-T104999.99,DELTA,74,24250,82,28,352,yes,73,-5000
2025-05-20T12:04:29.917219,KXBTCD-25MAY2016-T104999.99,DELTA,74,29250,82,28,353,yes,74,5000
2025-05-20T12:04:30.024815,KXBTCD-25MAY2016-T104999.99,DELTA,74,29250,82,28,354,no,17,1000
2025-05-20T12:04:30.025938,KXBTCD-25MAY2016-T104999.99,DELTA,74,9250,82,28,355,yes,74,-20000
2025-05-20T12:04:30.026597,KXBTCD-25MAY2016-T104999.99,DELTA,74,7250,82,28,356,yes,74,-2000
2025-05-20T12:04:30.043604,KXBTCD-25MAY2016-T104999.99,DELTA,74,6250,82,28,357,yes,74,-1000
2025-05-20T12:04:30.044153,KXBTCD-25MAY2016-T104999.99,DELTA,74,5000,82,28,358,yes,74,-1250
2025-05-20T12:04:30.184763,KXBTCD-25MAY2016-T104999.99,DELTA,75,1000,82,28,359,yes,75,1000
2025-05-20T12:04:30.185726,KXBTCD-25MAY2016-T104999.99,DELTA,75,3000,82,28,360,yes,75,2000
2025-05-20T12:04:30.203822,KXBTCD-25MAY2016-T104999.99,DELTA,75,23000,82,28,361,yes,75,20000
2025-05-20T12:04:30.204592,KXBTCD-25MAY2016-T104999.99,DELTA,75,24250,82,28,362,yes,75,1250
2025-05-20T12:04:30.683991,KXBTCD-25MAY2016-T104999.99,DELTA,75,24250,82,28,363,yes,74,100
2025-05-20T12:04:30.684239,KXBTCD-25MAY2016-T104999.99,DELTA,75,24250,82,128,364,no,18,100
2025-05-20T12:04:31.362158,KXBTCD-25MAY2016-T104999.99,DELTA,75,24250,82,128,365,yes,70,-14
2025-05-20T12:04:31.363083,KXBTCD-25MAY2016-T104999.99,DELTA,75,24250,82,128,366,yes,72,14
2025-05-20T12:04:31.364045,KXBTCD-25MAY2016-T104999.99,DELTA,75,24250,82,128,367,no,17,14
2025-05-20T12:04:31.364546,KXBTCD-25MAY2016-T104999.99,DELTA,75,24250,82,114,368,no,18,-14
2025-05-20T12:04:31.841070,KXBTCD-25MAY2016-T104999.99,DELTA,75,24250,82,114,369,yes,74,-100
2025-05-20T12:04:32.624917,KXBTCD-25MAY2016-T104999.99,DELTA,75,24250,82,114,370,yes,74,100
2025-05-20T12:04:33.873982,KXBTCD-25MAY2016-T104999.99,DELTA,75,24250,82,114,371,yes,74,-5000
2025-05-20T12:04:33.978595,KXBTCD-25MAY2016-T104999.99,DELTA,75,24250,82,114,372,no,17,-5000
2025-05-20T12:04:33.980221,KXBTCD-25MAY2016-T104999.99,DELTA,75,24250,82,114,373,yes,73,5000
2025-05-20T12:04:33.981785,KXBTCD-25MAY2016-T104999.99,DELTA,75,4250,82,114,374,yes,75,-20000
2025-05-20T12:04:33.982350,KXBTCD-25MAY2016-T104999.99,DELTA,75,2250,82,114,375,yes,75,-2000
2025-05-20T12:04:33.982795,KXBTCD-25MAY2016-T104999.99,DELTA,75,1000,82,114,376,yes,75,-1250
2025-05-20T12:04:34.127705,KXBTCD-25MAY2016-T104999.99,DELTA,75,1000,82,114,377,no,17,-1000
2025-05-20T12:04:34.324994,KXBTCD-25MAY2016-T104999.99,DELTA,75,1000,82,114,378,yes,74,2000
2025-05-20T12:04:34.343661,KXBTCD-25MAY2016-T104999.99,DELTA,75,1000,82,114,379,yes,74,1250
2025-05-20T12:04:34.344200,KXBTCD-25MAY2016-T104999.99,DELTA,75,1000,82,114,380,yes,74,20000
2025-05-20T12:04:34.465290,KXBTCD-25MAY2016-T104999.99,DELTA,75,1000,82,14,381,no,18,-100
2025-05-20T12:04:34.724287,KXBTCD-25MAY2016-T104999.99,DELTA,75,1000,82,5014,382,no,18,5000
2025-05-20T12:04:35.664557,KXBTCD-25MAY2016-T104999.99,DELTA,75,1000,81,100,383,no,19,100
2025-05-20T12:04:36.684975,KXBTCD-25MAY2016-T104999.99,DELTA,75,1000,81,100,384,yes,73,-14
2025-05-20T12:04:36.685922,KXBTCD-25MAY2016-T104999.99,DELTA,75,1000,81,100,385,yes,74,14
2025-05-20T12:04:36.686526,KXBTCD-25MAY2016-T104999.99,DELTA,75,1000,81,100,386,no,18,-14
2025-05-20T12:04:36.704426,KXBTCD-25MAY2016-T104999.99,DELTA,75,1000,81,100,387,no,16,14
2025-05-20T12:04:36.904315,KXBTCD-25MAY2016-T104999.99,DELTA,75,1000,81,100,388,no,18,1000
2025-05-20T12:04:37.165569,KXBTCD-25MAY2016-T104999.99,DELTA,75,1000,81,100,389,no,18,-5000
2025-05-20T12:04:37.166563,KXBTCD-25MAY2016-T104999.99,DELTA,75,1000,81,5100,390,no,19,5000
2025-05-20T12:04:37.244986,KXBTCD-25MAY2016-T104999.99,DELTA,75,1000,81,5100,391,no,18,-1000
2025-05-20T12:04:37.343860,KXBTCD-25MAY2016-T104999.99,DELTA,75,1000,81,100,392,no,19,-5000
2025-05-20T12:04:37.344517,KXBTCD-25MAY2016-T104999.99,DELTA,75,1000,81,100,393,no,18,5000
2025-05-20T12:04:37.423901,KXBTCD-25MAY2016-T104999.99,DELTA,75,1000,81,100,394,no,18,1000
2025-05-20T12:04:38.064281,KXBTCD-25MAY2016-T104999.99,DELTA,75,1000,81,100,395,no,18,-5000
2025-05-20T12:04:38.064428,KXBTCD-25MAY2016-T104999.99,DELTA,75,1000,81,5100,396,no,19,5000
2025-05-20T12:04:38.143361,KXBTCD-25MAY2016-T104999.99,DELTA,75,1000,81,5100,397,no,18,-1000
2025-05-20T12:04:38.684419,KXBTCD-25MAY2016-T104999.99,DELTA,75,1000,81,100,398,no,19,-5000
2025-05-20T12:04:38.684725,KXBTCD-25MAY2016-T104999.99,DELTA,75,1000,81,100,399,no,18,5000
2025-05-20T12:04:38.785641,KXBTCD-25MAY2016-T104999.99,DELTA,75,1000,81,100,400,no,18,1000
2025-05-20T12:04:43.504206,KXBTCD-25MAY2016-T104999.99,DELTA,75,1000,81,100,401,no,18,-5000
2025-05-20T12:04:43.505001,KXBTCD-25MAY2016-T104999.99,DELTA,75,1000,81,5100,402,no,19,5000
2025-05-20T12:04:43.526103,KXBTCD-25MAY2016-T104999.99,DELTA,75,1000,81,5100,403,yes,74,-2000
2025-05-20T12:04:43.545959,KXBTCD-25MAY2016-T104999.99,DELTA,75,1000,81,5100,404,yes,74,-1250
2025-05-20T12:04:43.546657,KXBTCD-25MAY2016-T104999.99,DELTA,75,1000,81,5100,405,no,18,-1000
2025-05-20T12:04:43.547077,KXBTCD-25MAY2016-T104999.99,DELTA,75,1000,81,5100,406,no,18,20000
2025-05-20T12:04:43.645527,KXBTCD-25MAY2016-T104999.99,DELTA,75,1000,81,5100,407,no,18,-20000
2025-05-20T12:04:43.646513,KXBTCD-25MAY2016-T104999.99,DELTA,75,1000,81,5100,408,yes,73,2000
2025-05-20T12:04:43.647145,KXBTCD-25MAY2016-T104999.99,DELTA,75,1000,81,5100,409,yes,73,1250
2025-05-20T12:04:43.647571,KXBTCD-25MAY2016-T104999.99,DELTA,75,1000,81,6100,410,no,19,1000
2025-05-20T12:04:44.064546,KXBTCD-25MAY2016-T104999.99,DELTA,75,1000,81,6100,411,no,1,32400
2025-05-20T12:04:44.124634,KXBTCD-25MAY2016-T104999.99,DELTA,75,1000,81,6100,412,no,2,2000
2025-05-20T12:04:44.127435,KXBTCD-25MAY2016-T104999.99,DELTA,75,1000,81,6100,413,no,2,20000
2025-05-20T12:04:44.128005,KXBTCD-25MAY2016-T104999.99,DELTA,75,1000,81,6100,414,no,2,1250
2025-05-20T12:04:44.584329,KXBTCD-25MAY2016-T104999.99,DELTA,75,1000,81,6100,415,yes,73,-2000
2025-05-20T12:04:44.604652,KXBTCD-25MAY2016-T104999.99,DELTA,75,1000,81,6100,416,yes,73,-1250
2025-05-20T12:04:44.605492,KXBTCD-25MAY2016-T104999.99,DELTA,75,1000,81,5100,417,no,19,-1000
2025-05-20T12:04:44.665644,KXBTCD-25MAY2016-T104999.99,DELTA,75,1000,81,5100,418,yes,74,2000
2025-05-20T12:04:44.666040,KXBTCD-25MAY2016-T104999.99,DELTA,75,1000,81,5100,419,yes,74,1250
2025-05-20T12:04:44.666496,KXBTCD-25MAY2016-T104999.99,DELTA,75,1000,81,5100,420,no,2,1000
2025-05-20T12:04:45.484451,KXBTCD-25MAY2016-T104999.99,DELTA,75,1000,81,5100,421,yes,74,-2000
2025-05-20T12:04:45.485622,KXBTCD-25MAY2016-T104999.99,DELTA,75,1000,81,5100,422,yes,74,-1250
2025-05-20T12:04:45.504881,KXBTCD-25MAY2016-T104999.99,DELTA,75,1000,81,5100,423,no,2,-1000
2025-05-20T12:04:45.585057,KXBTCD-25MAY2016-T104999.99,DELTA,75,1000,81,5100,424,yes,73,1250
2025-05-20T12:04:45.585918,KXBTCD-25MAY2016-T104999.99,DELTA,75,1000,81,5100,425,yes,73,2000
2025-05-20T12:04:45.586436,KXBTCD-25MAY2016-T104999.99,DELTA,75,1000,81,6100,426,no,19,1000
2025-05-20T12:04:46.006818,KXBTCD-25MAY2016-T104999.99,DELTA,75,1000,81,6100,427,yes,73,-2000
2025-05-20T12:04:46.007863,KXBTCD-25MAY2016-T104999.99,DELTA,75,1000,81,6100,428,yes,73,-1250
2025-05-20T12:04:46.008601,KXBTCD-25MAY2016-T104999.99,DELTA,75,1000,81,5100,429,no,19,-1000
2025-05-20T12:04:46.009245,KXBTCD-25MAY2016-T104999.99,DELTA,75,1000,81,5100,430,yes,74,2000
2025-05-20T12:04:46.009827,KXBTCD-25MAY2016-T104999.99,DELTA,75,1000,81,5100,431,yes,74,1250
2025-05-20T12:04:46.010373,KXBTCD-25MAY2016-T104999.99,DELTA,75,1000,81,5100,432,no,2,1000
2025-05-20T12:04:46.444713,KXBTCD-25MAY2016-T104999.99,DELTA,75,1000,81,5000,433,no,19,-100
2025-05-20T12:04:46.463717,KXBTCD-25MAY2016-T104999.99,DELTA,75,1000,81,5000,434,yes,74,-100
2025-05-20T12:04:46.463876,KXBTCD-25MAY2016-T104999.99,DELTA,75,1000,81,5000,435,yes,73,300
2025-05-20T12:04:46.463952,KXBTCD-25MAY2016-T104999.99,DELTA,75,1000,77,300,436,no,23,300
2025-05-20T12:04:46.543494,KXBTCD-25MAY2016-T104999.99,DELTA,74,23264,77,300,437,yes,75,-1000
2025-05-20T12:04:46.604319,KXBTCD-25MAY2016-T104999.99,DELTA,74,24264,77,300,438,yes,74,1000
2025-05-20T12:04:47.085287,KXBTCD-25MAY2016-T104999.99,DELTA,74,22264,77,300,439,yes,74,-2000
2025-05-20T12:04:47.104368,KXBTCD-25MAY2016-T104999.99,DELTA,74,21014,77,300,440,yes,74,-1250
2025-05-20T12:04:47.105410,KXBTCD-25MAY2016-T104999.99,DELTA,74,21014,77,300,441,no,2,-1000
2025-05-20T12:04:47.164363,KXBTCD-25MAY2016-T104999.99,DELTA,74,21014,77,300,442,no,2,1000
2025-05-20T12:04:47.165062,KXBTCD-25MAY2016-T104999.99,DELTA,74,23014,77,300,443,yes,74,2000
2025-05-20T12:04:47.165388,KXBTCD-25MAY2016-T104999.99,DELTA,74,24264,77,300,444,yes,74,1250
2025-05-20T12:04:47.525533,KXBTCD-25MAY2016-T104999.99,DELTA,74,24264,77,300,445,yes,72,100
2025-05-20T12:04:47.526696,KXBTCD-25MAY2016-T104999.99,DELTA,74,24264,77,300,446,no,20,100
2025-05-20T12:04:50.444794,KXBTCD-25MAY2016-T104999.99,DELTA,74,24264,77,300,447,yes,72,-100
2025-05-20T12:04:51.432041,KXBTCD-25MAY2016-T104999.99,DELTA,74,24264,77,300,448,yes,72,100
2025-05-20T12:04:51.705049,KXBTCD-25MAY2016-T104999.99,DELTA,74,24264,80,100,449,no,23,-300
2025-05-20T12:04:51.766271,KXBTCD-25MAY2016-T104999.99,DELTA,74,24264,80,100,450,no,19,-5000
2025-05-20T12:04:51.768057,KXBTCD-25MAY2016-T104999.99,DELTA,74,24264,80,100,451,no,18,5000
2025-05-20T12:04:51.786595,KXBTCD-25MAY2016-T104999.99,DELTA,74,24264,78,400,452,no,22,400
2025-05-20T12:04:52.066346,KXBTCD-25MAY2016-T104999.99,DELTA,74,24264,78,400,453,yes,72,-100
2025-05-20T12:04:52.544515,KXBTCD-25MAY2016-T104999.99,DELTA,74,24264,78,400,454,no,20,-100
2025-05-20T12:04:53.085571,KXBTCD-25MAY2016-T104999.99,DELTA,74,24264,78,400,455,yes,73,100
2025-05-20T12:04:53.245358,KXBTCD-25MAY2016-T104999.99,DELTA,74,24264,78,400,456,yes,73,-100
2025-05-20T12:04:53.665677,KXBTCD-25MAY2016-T104999.99,DELTA,74,24264,78,400,457,no,18,100
2025-05-20T12:04:54.425566,KXBTCD-25MAY2016-T104999.99,DELTA,74,24364,78,400,458,yes,74,100
2025-05-20T12:04:54.505812,KXBTCD-25MAY2016-T104999.99,DELTA,74,23364,78,400,459,yes,74,-1000
2025-05-20T12:04:54.565133,KXBTCD-25MAY2016-T104999.99,DELTA,75,1000,78,400,460,yes,75,1000
2025-05-20T12:04:55.124399,KXBTCD-25MAY2016-T104999.99,DELTA,75,1000,78,400,461,no,18,-5000
2025-05-20T12:04:55.124943,KXBTCD-25MAY2016-T104999.99,DELTA,75,1000,78,400,462,no,19,5000
2025-05-20T12:04:55.285102,KXBTCD-25MAY2016-T104999.99,DELTA,75,1000,78,400,463,no,2,-1000
2025-05-20T12:04:55.367502,KXBTCD-25MAY2016-T104999.99,DELTA,75,1000,78,400,464,no,18,1000
2025-05-20T12:04:55.745382,KXBTCD-25MAY2016-T104999.99,DELTA,75,1000,78,400,465,no,18,-1000
2025-05-20T12:04:55.805112,KXBTCD-25MAY2016-T104999.99,DELTA,75,1000,78,400,466,no,2,1000
2025-05-20T12:04:57.068010,KXBTCD-25MAY2016-T104999.99,DELTA,75,1000,78,400,467,no,19,-5000
2025-05-20T12:04:57.068823,KXBTCD-25MAY2016-T104999.99,DELTA,75,1000,78,400,468,no,18,5000
2025-05-20T12:04:57.285897,KXBTCD-25MAY2016-T104999.99,DELTA,75,1000,78,400,469,yes,73,-300
2025-05-20T12:04:57.345401,KXBTCD-25MAY2016-T104999.99,DELTA,75,1150,78,400,470,yes,75,150
2025-05-20T12:04:57.405367,KXBTCD-25MAY2016-T104999.99,DELTA,75,1150,78,400,471,no,18,-5000
2025-05-20T12:04:57.405951,KXBTCD-25MAY2016-T104999.99,DELTA,75,1150,78,400,472,no,17,5000
2025-05-20T12:04:57.406749,KXBTCD-25MAY2016-T104999.99,DELTA,75,1150,78,400,473,yes,74,-2000
2025-05-20T12:04:57.425183,KXBTCD-25MAY2016-T104999.99,DELTA,75,150,78,400,474,yes,75,-1000
2025-05-20T12:04:57.425908,KXBTCD-25MAY2016-T104999.99,DELTA,75,150,78,400,475,yes,73,-5000
2025-05-20T12:04:57.426215,KXBTCD-25MAY2016-T104999.99,DELTA,75,150,78,400,476,yes,74,5000
2025-05-20T12:04:57.487111,KXBTCD-25MAY2016-T104999.99,DELTA,75,2150,78,400,477,yes,75,2000
2025-05-20T12:04:57.487945,KXBTCD-25MAY2016-T104999.99,DELTA,75,2150,78,400,478,no,2,-1000
2025-05-20T12:04:57.488393,KXBTCD-25MAY2016-T104999.99,DELTA,76,1000,78,400,479,yes,76,1000
2025-05-20T12:04:57.545704,KXBTCD-25MAY2016-T104999.99,DELTA,76,1000,78,400,480,no,17,1000
2025-05-20T12:04:57.546539,KXBTCD-25MAY2016-T104999.99,DELTA,76,1000,78,400,481,yes,74,-20000
2025-05-20T12:04:57.565181,KXBTCD-25MAY2016-T104999.99,DELTA,76,1000,78,400,482,yes,74,-1250
2025-05-20T12:04:57.605731,KXBTCD-25MAY2016-T104999.99,DELTA,76,1000,78,400,483,yes,75,20000
2025-05-20T12:04:57.606303,KXBTCD-25MAY2016-T104999.99,DELTA,76,1000,78,400,484,yes,75,1250
2025-05-20T12:04:57.625580,KXBTCD-25MAY2016-T104999.99,DELTA,76,1000,78,400,485,yes,74,-100
2025-05-20T12:04:57.745268,KXBTCD-25MAY2016-T104999.99,DELTA,76,1000,78,400,486,yes,75,-2000
2025-05-20T12:04:57.746316,KXBTCD-25MAY2016-T104999.99,DELTA,76,1000,78,400,487,no,17,-1000
2025-05-20T12:04:57.805972,KXBTCD-25MAY2016-T104999.99,DELTA,76,1000,78,400,488,no,2,1000
2025-05-20T12:04:57.806482,KXBTCD-25MAY2016-T104999.99,DELTA,76,3000,78,400,489,yes,76,2000
2025-05-20T12:04:57.925254,KXBTCD-25MAY2016-T104999.99,DELTA,76,1000,78,400,490,yes,76,-2000
2025-05-20T12:04:58.006965,KXBTCD-25MAY2016-T104999.99,DELTA,76,1000,78,400,491,no,2,-1000
2025-05-20T12:04:58.086993,KXBTCD-25MAY2016-T104999.99,DELTA,76,1000,78,400,492,yes,75,2000
2025-05-20T12:04:58.087171,KXBTCD-25MAY2016-T104999.99,DELTA,76,1000,78,400,493,no,17,1000
2025-05-20T12:04:58.405921,KXBTCD-25MAY2016-T104999.99,DELTA,76,1000,78,400,494,yes,75,100
2025-05-20T12:04:58.707573,KXBTCD-25MAY2016-T104999.99,DELTA,76,1000,78,400,495,yes,75,-1250
2025-05-20T12:04:59.007590,KXBTCD-25MAY2016-T104999.99,DELTA,76,2250,78,400,496,yes,76,1250
2025-05-20T12:04:59.009437,KXBTCD-25MAY2016-T104999.99,DELTA,76,2250,82,100,497,no,22,-400
2025-05-20T12:04:59.585502,KXBTCD-25MAY2016-T104999.99,DELTA,76,2250,82,100,498,yes,75,-2000
2025-05-20T12:04:59.586315,KXBTCD-25MAY2016-T104999.99,DELTA,76,2250,82,100,499,no,1,-32400
2025-05-20T12:04:59.605706,KXBTCD-25MAY2016-T104999.99,DELTA,76,2250,82,100,500,no,17,-1000
2025-05-20T12:04:59.606637,KXBTCD-25MAY2016-T104999.99,DELTA,76,2250,79,400,501,no,21,400
2025-05-20T12:04:59.704923,KXBTCD-25MAY2016-T104999.99,DELTA,76,2250,79,400,502,no,17,-5000
2025-05-20T12:04:59.705190,KXBTCD-25MAY2016-T104999.99,DELTA,76,2250,79,400,503,no,16,5000
2025-05-20T12:04:59.705692,KXBTCD-25MAY2016-T104999.99,DELTA,76,2250,79,400,504,no,2,-20000
2025-05-20T12:04:59.783723,KXBTCD-25MAY2016-T104999.99,DELTA,76,2250,79,400,505,yes,74,-5000
2025-05-20T12:04:59.783987,KXBTCD-25MAY2016-T104999.99,DELTA,76,2250,79,400,506,yes,75,5000
2025-05-20T12:04:59.784484,KXBTCD-25MAY2016-T104999.99,DELTA,76,4250,79,400,507,yes,76,2000
2025-05-20T12:04:59.784614,KXBTCD-25MAY2016-T104999.99,DELTA,76,4250,79,400,508,no,2,-2000
2025-05-20T12:04:59.784869,KXBTCD-25MAY2016-T104999.99,DELTA,76,4250,79,400,509,no,16,1000
2025-05-20T12:04:59.884824,KXBTCD-25MAY2016-T104999.99,DELTA,76,4250,79,400,510,no,2,-1250
2025-05-20T12:04:59.886487,KXBTCD-25MAY2016-T104999.99,DELTA,76,4250,79,400,511,yes,75,-20000
2025-05-20T12:05:00.238145,KXBTCD-25MAY2016-T104999.99,DELTA,76,4250,79,400,512,no,16,-5000
2025-05-20T12:05:00.238518,KXBTCD-25MAY2016-T104999.99,DELTA,76,4250,79,400,513,no,17,5000
2025-05-20T12:05:00.238716,KXBTCD-25MAY2016-T104999.99,DELTA,76,24250,79,400,514,yes,76,20000
2025-05-20T12:05:00.305695,KXBTCD-25MAY2016-T104999.99,DELTA,76,24250,79,400,515,no,16,-1000
2025-05-20T12:05:00.384956,KXBTCD-25MAY2016-T104999.99,DELTA,76,24250,79,400,516,yes,75,-100
2025-05-20T12:05:00.406226,KXBTCD-25MAY2016-T104999.99,DELTA,76,24250,79,400,517,no,18,-100
2025-05-20T12:05:00.707140,KXBTCD-25MAY2016-T104999.99,DELTA,76,24250,79,400,518,yes,72,-14
2025-05-20T12:05:00.708063,KXBTCD-25MAY2016-T104999.99,DELTA,76,24250,79,400,519,yes,73,14
2025-05-20T12:05:00.786092,KXBTCD-25MAY2016-T104999.99,DELTA,76,24250,79,400,520,no,15,14
2025-05-20T12:05:00.787186,KXBTCD-25MAY2016-T104999.99,DELTA,76,24250,79,400,521,no,17,-14
2025-05-20T12:05:00.788453,KXBTCD-25MAY2016-T104999.99,DELTA,76,24250,79,400,522,no,17,-5000
2025-05-20T12:05:00.906546,KXBTCD-25MAY2016-T104999.99,DELTA,76,24250,79,400,523,no,16,5000
2025-05-20T12:05:00.946118,KXBTCD-25MAY2016-T104999.99,DELTA,76,24264,79,400,524,yes,76,14
2025-05-20T12:05:00.964923,KXBTCD-25MAY2016-T104999.99,DELTA,76,24264,79,400,525,yes,74,-14
2025-05-20T12:05:00.965536,KXBTCD-25MAY2016-T104999.99,DELTA,76,24264,79,400,526,no,15,14
2025-05-20T12:05:00.966587,KXBTCD-25MAY2016-T104999.99,DELTA,76,24264,79,400,527,no,16,-14
2025-05-20T12:05:00.967300,KXBTCD-25MAY2016-T104999.99,DELTA,76,24264,79,400,528,yes,64,500
2025-05-20T12:05:00.985629,KXBTCD-25MAY2016-T104999.99,DELTA,76,24264,79,400,529,yes,68,500
2025-05-20T12:05:00.985924,KXBTCD-25MAY2016-T104999.99,DELTA,76,24264,79,400,530,yes,40,-200
2025-05-20T12:05:00.986095,KXBTCD-25MAY2016-T104999.99,DELTA,76,24264,79,400,531,yes,50,200
2025-05-20T12:05:00.986239,KXBTCD-25MAY2016-T104999.99,DELTA,76,24264,79,400,532,no,16,-5000
2025-05-20T12:05:00.986364,KXBTCD-25MAY2016-T104999.99,DELTA,76,24264,79,400,533,no,15,5000
2025-05-20T12:05:00.986486,KXBTCD-25MAY2016-T104999.99,DELTA,76,24264,79,400,534,no,16,1000
2025-05-20T12:05:00.986816,KXBTCD-25MAY2016-T104999.99,DELTA,76,24264,79,400,535,no,12,500
2025-05-20T12:05:01.005315,KXBTCD-25MAY2016-T104999.99,DELTA,76,24264,79,400,536,yes,75,-5000
2025-05-20T12:05:01.005553,KXBTCD-25MAY2016-T104999.99,DELTA,76,29264,79,400,537,yes,76,5000
2025-05-20T12:05:01.024735,KXBTCD-25MAY2016-T104999.99,DELTA,76,29264,79,400,538,yes,75,-150
2025-05-20T12:05:01.046492,KXBTCD-25MAY2016-T104999.99,DELTA,76,29264,84,1000,539,no,21,-400
2025-05-20T12:05:01.084867,KXBTCD-25MAY2016-T104999.99,DELTA,76,29264,84,1000,540,no,6,500
2025-05-20T12:05:01.104575,KXBTCD-25MAY2016-T104999.99,DELTA,76,29264,84,1000,541,no,8,500
2025-05-20T12:05:01.105025,KXBTCD-25MAY2016-T104999.99,DELTA,76,29264,84,1000,542,no,4,500
2025-05-20T12:05:01.126126,KXBTCD-25MAY2016-T104999.99,DELTA,76,29264,84,1000,543,no,12,1250
2025-05-20T12:05:01.127649,KXBTCD-25MAY2016-T104999.99,DELTA,76,29264,85,5028,544,no,16,-1000
2025-05-20T12:05:01.128125,KXBTCD-25MAY2016-T104999.99,DELTA,76,29264,85,5028,545,no,10,500
2025-05-20T12:05:01.128434,KXBTCD-25MAY2016-T104999.99,DELTA,76,29264,85,5028,546,no,12,2000
2025-05-20T12:05:01.128578,KXBTCD-25MAY2016-T104999.99,DELTA,76,29264,85,5028,547,yes,72,500
2025-05-20T12:05:01.145256,KXBTCD-25MAY2016-T104999.99,DELTA,76,29264,85,5028,548,yes,66,500
2025-05-20T12:05:01.145792,KXBTCD-25MAY2016-T104999.99,DELTA,76,29264,85,5028,549,yes,74,500
2025-05-20T12:05:01.146182,KXBTCD-25MAY2016-T104999.99,DELTA,76,29264,85,5028,550,yes,70,500
2025-05-20T12:05:01.165696,KXBTCD-25MAY2016-T104999.99,DELTA,76,9264,85,5028,551,yes,76,-20000
2025-05-20T12:05:01.165882,KXBTCD-25MAY2016-T104999.99,DELTA,76,7264,85,5028,552,yes,76,-2000
2025-05-20T12:05:01.186535,KXBTCD-25MAY2016-T104999.99,DELTA,76,6264,85,5028,553,yes,76,-1000
2025-05-20T12:05:01.187327,KXBTCD-25MAY2016-T104999.99,DELTA,76,6264,85,5028,554,yes,64,-500
2025-05-20T12:05:01.187739,KXBTCD-25MAY2016-T104999.99,DELTA,76,5014,85,5028,555,yes,76,-1250
2025-05-20T12:05:01.188084,KXBTCD-25MAY2016-T104999.99,DELTA,77,150,85,5028,556,yes,77,150
2025-05-20T12:05:01.205267,KXBTCD-25MAY2016-T104999.99,DELTA,77,150,80,200,557,no,20,200
2025-05-20T12:05:01.205832,KXBTCD-25MAY2016-T104999.99,DELTA,77,150,80,200,558,no,12,-500
2025-05-20T12:05:01.206211,KXBTCD-25MAY2016-T104999.99,DELTA,77,150,80,200,559,no,2,500
2025-05-20T12:05:01.305443,KXBTCD-25MAY2016-T104999.99,DELTA,77,150,80,200,560,no,15,-5000
2025-05-20T12:05:01.305932,KXBTCD-25MAY2016-T104999.99,DELTA,77,150,80,200,561,no,14,5000
2025-05-20T12:05:01.345729,KXBTCD-25MAY2016-T104999.99,DELTA,77,150,80,200,562,no,15,1000
2025-05-20T12:05:01.346601,KXBTCD-25MAY2016-T104999.99,DELTA,77,150,80,200,563,yes,76,-5000
2025-05-20T12:05:01.347097,KXBTCD-25MAY2016-T104999.99,DELTA,77,5150,80,200,564,yes,77,5000
2025-05-20T12:05:01.464560,KXBTCD-25MAY2016-T104999.99,DELTA,77,5150,80,200,565,no,12,-2000
2025-05-20T12:05:01.465870,KXBTCD-25MAY2016-T104999.99,DELTA,77,25150,80,200,566,yes,77,20000
2025-05-20T12:05:01.465978,KXBTCD-25MAY2016-T104999.99,DELTA,77,25150,80,200,567,no,12,-1250
2025-05-20T12:05:01.466051,KXBTCD-25MAY2016-T104999.99,DELTA,77,26400,80,200,568,yes,77,1250
2025-05-20T12:05:01.484564,KXBTCD-25MAY2016-T104999.99,DELTA,78,2000,80,200,569,yes,78,2000
2025-05-20T12:05:01.524626,KXBTCD-25MAY2016-T104999.99,DELTA,78,2000,80,200,570,no,15,100
2025-05-20T12:05:01.524795,KXBTCD-25MAY2016-T104999.99,DELTA,78,3000,80,200,571,yes,78,1000
2025-05-20T12:05:01.544160,KXBTCD-25MAY2016-T104999.99,DELTA,78,3000,80,200,572,yes,77,100
2025-05-20T12:05:01.544543,KXBTCD-25MAY2016-T104999.99,DELTA,78,3000,85,1128,573,no,20,-200
2025-05-20T12:05:01.603650,KXBTCD-25MAY2016-T104999.99,DELTA,78,3000,81,300,574,no,19,300
2025-05-20T12:05:01.724706,KXBTCD-25MAY2016-T104999.99,DELTA,78,3000,81,300,575,no,11,2000
2025-05-20T12:05:01.743890,KXBTCD-25MAY2016-T104999.99,DELTA,78,3000,81,300,576,yes,77,-20000
2025-05-20T12:05:01.744427,KXBTCD-25MAY2016-T104999.99,DELTA,78,3000,81,300,577,yes,75,14
2025-05-20T12:05:01.744516,KXBTCD-25MAY2016-T104999.99,DELTA,78,3000,81,300,578,yes,77,14
2025-05-20T12:05:01.744576,KXBTCD-25MAY2016-T104999.99,DELTA,78,3000,81,300,579,yes,77,-1250
2025-05-20T12:05:01.744632,KXBTCD-25MAY2016-T104999.99,DELTA,78,3000,81,300,580,yes,73,-14
2025-05-20T12:05:01.764178,KXBTCD-25MAY2016-T104999.99,DELTA,78,3000,81,300,581,yes,76,-14
2025-05-20T12:05:01.770559,KXBTCD-25MAY2016-T104999.99,DELTA,78,3000,81,300,582,no,13,14
2025-05-20T12:05:01.771035,KXBTCD-25MAY2016-T104999.99,DELTA,78,3000,81,300,583,no,13,14
2025-05-20T12:05:01.771124,KXBTCD-25MAY2016-T104999.99,DELTA,78,3000,81,300,584,no,15,-14
2025-05-20T12:05:01.771187,KXBTCD-25MAY2016-T104999.99,DELTA,78,3000,81,300,585,no,15,-14
2025-05-20T12:05:01.824392,KXBTCD-25MAY2016-T104999.99,DELTA,78,3000,81,300,586,no,15,-1000
2025-05-20T12:05:01.865686,KXBTCD-25MAY2016-T104999.99,DELTA,78,4250,81,300,587,yes,78,1250
2025-05-20T12:05:01.905313,KXBTCD-25MAY2016-T104999.99,DELTA,78,4250,81,300,588,no,11,1250
2025-05-20T12:05:02.146018,KXBTCD-25MAY2016-T104999.99,DELTA,78,4250,81,300,589,no,14,1000
2025-05-20T12:05:02.147034,KXBTCD-25MAY2016-T104999.99,DELTA,78,4250,81,300,590,yes,66,-500
2025-05-20T12:05:02.147699,KXBTCD-25MAY2016-T104999.99,DELTA,78,4250,81,300,591,yes,76,500
2025-05-20T12:05:02.165927,KXBTCD-25MAY2016-T104999.99,DELTA,78,4250,81,300,592,yes,77,-100
2025-05-20T12:05:02.227330,KXBTCD-25MAY2016-T104999.99,DELTA,78,4250,81,300,593,yes,23,-8000
2025-05-20T12:05:02.257160,KXBTCD-25MAY2016-T104999.99,DELTA,78,4250,81,300,594,no,2,-3000
2025-05-20T12:05:02.286031,KXBTCD-25MAY2016-T104999.99,DELTA,78,4250,85,100,595,no,19,-300
2025-05-20T12:05:02.345962,KXBTCD-25MAY2016-T104999.99,DELTA,78,4250,82,400,596,no,18,400
2025-05-20T12:05:02.365641,KXBTCD-25MAY2016-T104999.99,DELTA,78,4250,82,400,597,no,14,-5000
2025-05-20T12:05:02.366265,KXBTCD-25MAY2016-T104999.99,DELTA,78,4250,82,400,598,no,13,5000
2025-05-20T12:05:02.385486,KXBTCD-25MAY2016-T104999.99,DELTA,78,4250,82,400,599,yes,77,-5000
2025-05-20T12:05:02.386242,KXBTCD-25MAY2016-T104999.99,DELTA,78,9250,82,400,600,yes,78,5000
2025-05-20T12:05:02.423959,KXBTCD-25MAY2016-T104999.99,DELTA,78,9250,82,400,601,yes,77,-150
2025-05-20T12:05:02.448261,KXBTCD-25MAY2016-T104999.99,DELTA,78,9250,82,400,602,yes,36,8000
2025-05-20T12:05:02.566670,KXBTCD-25MAY2016-T104999.99,DELTA,79,50,82,400,603,yes,79,50
2025-05-20T12:05:02.645800,KXBTCD-25MAY2016-T104999.99,DELTA,79,50,82,400,604,no,11,-2000
2025-05-20T12:05:02.646727,KXBTCD-25MAY2016-T104999.99,DELTA,79,50,82,400,605,no,14,-1000
2025-05-20T12:05:02.725448,KXBTCD-25MAY2016-T104999.99,DELTA,79,50,82,400,606,yes,78,20000
2025-05-20T12:05:02.726632,KXBTCD-25MAY2016-T104999.99,DELTA,79,50,82,400,607,no,13,1000
2025-05-20T12:05:02.745139,KXBTCD-25MAY2016-T104999.99,DELTA,79,50,82,400,608,no,1,3000
2025-05-20T12:05:02.848258,KXBTCD-25MAY2016-T104999.99,DELTA,78,29250,82,400,609,yes,79,-50
2025-05-20T12:05:02.924832,KXBTCD-25MAY2016-T104999.99,DELTA,78,29250,82,400,610,no,10,2000
2025-05-20T12:05:02.925716,KXBTCD-25MAY2016-T104999.99,DELTA,79,200,82,400,611,yes,79,200
2025-05-20T12:05:03.144573,KXBTCD-25MAY2016-T104999.99,DELTA,79,200,82,400,612,yes,78,-20000
2025-05-20T12:05:03.144761,KXBTCD-25MAY2016-T104999.99,DELTA,79,200,82,400,613,yes,78,-2000
2025-05-20T12:05:03.165752,KXBTCD-25MAY2016-T104999.99,DELTA,79,200,82,400,614,yes,78,-1000
2025-05-20T12:05:03.166148,KXBTCD-25MAY2016-T104999.99,DELTA,79,200,82,400,615,no,1,-3000
2025-05-20T12:05:03.166295,KXBTCD-25MAY2016-T104999.99,DELTA,79,200,82,400,616,yes,78,-1250
2025-05-20T12:05:03.345748,KXBTCD-25MAY2016-T104999.99,DELTA,79,2200,82,400,617,yes,79,2000
2025-05-20T12:05:03.383734,KXBTCD-25MAY2016-T104999.99,DELTA,79,3450,82,400,618,yes,79,1250
2025-05-20T12:05:03.406041,KXBTCD-25MAY2016-T104999.99,DELTA,80,1000,82,400,619,yes,80,1000
2025-05-20T12:05:03.645325,KXBTCD-25MAY2016-T104999.99,DELTA,80,1000,82,400,620,yes,78,100
2025-05-20T12:05:03.765091,KXBTCD-25MAY2016-T104999.99,DELTA,80,1000,82,400,621,yes,79,20000
2025-05-20T12:05:03.825567,KXBTCD-25MAY2016-T104999.99,DELTA,80,1000,82,400,622,yes,79,-200
2025-05-20T12:05:03.884379,KXBTCD-25MAY2016-T104999.99,DELTA,80,1000,82,400,623,yes,78,300
2025-05-20T12:05:04.005269,KXBTCD-25MAY2016-T104999.99,DELTA,79,23250,82,400,624,yes,80,-1000
2025-05-20T12:05:04.105202,KXBTCD-25MAY2016-T104999.99,DELTA,79,24250,82,400,625,yes,79,1000
2025-05-20T12:05:04.824491,KXBTCD-25MAY2016-T104999.99,DELTA,79,22250,82,400,626,yes,79,-2000
2025-05-20T12:05:04.848085,KXBTCD-25MAY2016-T104999.99,DELTA,79,22250,82,400,627,no,10,-2000
2025-05-20T12:05:04.848620,KXBTCD-25MAY2016-T104999.99,DELTA,79,22250,82,400,628,no,13,-1000
2025-05-20T12:05:04.849011,KXBTCD-25MAY2016-T104999.99,DELTA,79,22250,82,400,629,yes,24,-1350
2025-05-20T12:05:04.849364,KXBTCD-25MAY2016-T104999.99,DELTA,79,22250,82,400,630,yes,4,8100
2025-05-20T12:05:04.905972,KXBTCD-25MAY2016-T104999.99,DELTA,79,22250,82,400,631,no,1,3000
2025-05-20T12:05:04.946563,KXBTCD-25MAY2016-T104999.99,DELTA,79,22250,82,400,632,no,13,20000
2025-05-20T12:05:04.947590,KXBTCD-25MAY2016-T104999.99,DELTA,79,22250,82,400,633,yes,78,2000
2025-05-20T12:05:04.948396,KXBTCD-25MAY2016-T104999.99,DELTA,79,22250,82,400,634,no,14,1000
2025-05-20T12:05:05.065972,KXBTCD-25MAY2016-T104999.99,DELTA,79,22250,82,400,635,no,11,2000
2025-05-20T12:05:05.385103,KXBTCD-25MAY2016-T104999.99,DELTA,79,22250,82,400,636,no,13,-5000
2025-05-20T12:05:05.385791,KXBTCD-25MAY2016-T104999.99,DELTA,79,22250,82,400,637,no,14,5000
2025-05-20T12:05:05.506115,KXBTCD-25MAY2016-T104999.99,DELTA,79,21000,82,400,638,yes,79,-1250
2025-05-20T12:05:05.544483,KXBTCD-25MAY2016-T104999.99,DELTA,79,21000,82,400,639,yes,78,-300
2025-05-20T12:05:05.564792,KXBTCD-25MAY2016-T104999.99,DELTA,79,21000,82,400,640,yes,76,14
2025-05-20T12:05:05.584400,KXBTCD-25MAY2016-T104999.99,DELTA,79,21000,82,400,641,yes,77,-14
2025-05-20T12:05:05.585031,KXBTCD-25MAY2016-T104999.99,DELTA,79,21000,82,400,642,yes,73,14
2025-05-20T12:05:05.585588,KXBTCD-25MAY2016-T104999.99,DELTA,79,21000,82,400,643,yes,75,-14
2025-05-20T12:05:05.586520,KXBTCD-25MAY2016-T104999.99,DELTA,79,21000,82,400,644,no,15,14
2025-05-20T12:05:05.586869,KXBTCD-25MAY2016-T104999.99,DELTA,79,21000,82,400,645,no,15,14
2025-05-20T12:05:05.587190,KXBTCD-25MAY2016-T104999.99,DELTA,79,21000,82,400,646,no,13,-14
2025-05-20T12:05:05.587488,KXBTCD-25MAY2016-T104999.99,DELTA,79,21000,82,400,647,no,13,-14
2025-05-20T12:05:05.607257,KXBTCD-25MAY2016-T104999.99,DELTA,79,21000,82,400,648,yes,77,350
2025-05-20T12:05:05.684419,KXBTCD-25MAY2016-T104999.99,DELTA,79,21000,82,400,649,yes,78,1250
2025-05-20T12:05:05.724683,KXBTCD-25MAY2016-T104999.99,DELTA,79,21000,82,400,650,yes,66,500
2025-05-20T12:05:05.725010,KXBTCD-25MAY2016-T104999.99,DELTA,79,21000,82,400,651,yes,76,-500
2025-05-20T12:05:05.744519,KXBTCD-25MAY2016-T104999.99,DELTA,79,21000,82,400,652,no,13,-20000
2025-05-20T12:05:05.809262,KXBTCD-25MAY2016-T104999.99,DELTA,79,21000,82,400,653,yes,78,-2000
2025-05-20T12:05:05.866385,KXBTCD-25MAY2016-T104999.99,DELTA,79,21000,82,400,654,yes,77,2000
2025-05-20T12:05:05.966310,KXBTCD-25MAY2016-T104999.99,DELTA,79,21000,82,400,655,no,14,20000
2025-05-20T12:05:05.987402,KXBTCD-25MAY2016-T104999.99,DELTA,79,21000,82,400,656,yes,78,-5000
2025-05-20T12:05:05.988231,KXBTCD-25MAY2016-T104999.99,DELTA,79,21000,82,400,657,yes,77,5000
2025-05-20T12:05:05.989380,KXBTCD-25MAY2016-T104999.99,DELTA,79,21000,85,128,658,no,18,-400
2025-05-20T12:05:06.025842,KXBTCD-25MAY2016-T104999.99,DELTA,79,21000,85,128,659,no,14,-5000
2025-05-20T12:05:06.026209,KXBTCD-25MAY2016-T104999.99,DELTA,79,21000,85,5128,660,no,15,5000
2025-05-20T12:05:06.145717,KXBTCD-25MAY2016-T104999.99,DELTA,79,21000,85,5128,661,no,2,-500
2025-05-20T12:05:06.146457,KXBTCD-25MAY2016-T104999.99,DELTA,79,21000,85,5128,662,no,12,500
2025-05-20T12:05:06.204526,KXBTCD-25MAY2016-T104999.99,DELTA,79,1000,85,5128,663,yes,79,-20000
2025-05-20T12:05:06.244407,KXBTCD-25MAY2016-T104999.99,DELTA,79,1000,85,5128,664,yes,78,20000
2025-05-20T12:05:06.325422,KXBTCD-25MAY2016-T104999.99,DELTA,79,1000,85,5128,665,no,14,-1000
2025-05-20T12:05:06.345050,KXBTCD-25MAY2016-T104999.99,DELTA,79,1000,85,5128,666,no,14,-20000
2025-05-20T12:05:06.445483,KXBTCD-25MAY2016-T104999.99,DELTA,79,1000,85,6128,667,no,15,1000
2025-05-20T12:05:06.484259,KXBTCD-25MAY2016-T104999.99,DELTA,79,1000,85,6128,668,yes,77,-350
2025-05-20T12:05:06.504758,KXBTCD-25MAY2016-T104999.99,DELTA,79,1000,85,6128,669,yes,78,-100
2025-05-20T12:05:06.524384,KXBTCD-25MAY2016-T104999.99,DELTA,79,1000,85,6028,670,no,15,-100
2025-05-20T12:05:06.584383,KXBTCD-25MAY2016-T104999.99,DELTA,79,1000,85,6028,671,no,11,-2000
2025-05-20T12:05:06.584604,KXBTCD-25MAY2016-T104999.99,DELTA,79,1000,85,6028,672,no,11,-1250
2025-05-20T12:05:06.603500,KXBTCD-25MAY2016-T104999.99,DELTA,78,21250,85,6028,673,yes,79,-1000
2025-05-20T12:05:06.725082,KXBTCD-25MAY2016-T104999.99,DELTA,78,21250,85,6028,674,yes,77,50
2025-05-20T12:05:06.726150,KXBTCD-25MAY2016-T104999.99,DELTA,78,21250,80,300,675,no,20,300
2025-05-20T12:05:06.785674,KXBTCD-25MAY2016-T104999.99,DELTA,78,21250,80,300,676,no,12,2000
2025-05-20T12:05:06.787470,KXBTCD-25MAY2016-T104999.99,DELTA,78,22250,80,300,677,yes,78,1000
2025-05-20T12:05:06.986116,KXBTCD-25MAY2016-T104999.99,DELTA,78,22250,80,300,678,no,12,1250
2025-05-20T12:05:07.746037,KXBTCD-25MAY2016-T104999.99,DELTA,78,22250,80,300,679,yes,75,100
2025-05-20T12:05:07.765890,KXBTCD-25MAY2016-T104999.99,DELTA,78,22250,80,300,680,no,16,100
2025-05-20T12:05:08.224893,KXBTCD-25MAY2016-T104999.99,DELTA,78,21000,80,300,681,yes,78,-1250
2025-05-20T12:05:08.264935,KXBTCD-25MAY2016-T104999.99,DELTA,78,22250,80,300,682,yes,78,1250
2025-05-20T12:05:08.324980,KXBTCD-25MAY2016-T104999.99,DELTA,78,22250,80,300,683,yes,75,-100
2025-05-20T12:05:09.352825,KXBTCD-25MAY2016-T104999.99,DELTA,78,22250,80,300,684,yes,76,100
2025-05-20T12:05:09.354071,KXBTCD-25MAY2016-T104999.99,DELTA,78,22250,80,300,685,no,16,-100
2025-05-20T12:05:10.062205,KXBTCD-25MAY2016-T104999.99,DELTA,78,22250,80,300,686,yes,77,-50
2025-05-20T12:05:10.105859,KXBTCD-25MAY2016-T104999.99,DELTA,78,22250,80,300,687,yes,77,150
2025-05-20T12:05:10.185727,KXBTCD-25MAY2016-T104999.99,DELTA,78,22250,80,300,688,no,16,9
2025-05-20T12:05:10.186986,KXBTCD-25MAY2016-T104999.99,DELTA,78,22250,80,300,689,no,15,-5000
2025-05-20T12:05:10.187601,KXBTCD-25MAY2016-T104999.99,DELTA,78,22250,80,300,690,no,14,5000
2025-05-20T12:05:10.188365,KXBTCD-25MAY2016-T104999.99,DELTA,78,22250,84,9,691,no,20,-300
2025-05-20T12:05:10.262871,KXBTCD-25MAY2016-T104999.99,DELTA,78,22250,81,400,692,no,19,400
2025-05-20T12:05:10.345353,KXBTCD-25MAY2016-T104999.99,DELTA,78,22250,81,400,693,yes,77,-2000
2025-05-20T12:05:10.365093,KXBTCD-25MAY2016-T104999.99,DELTA,78,22250,81,400,694,no,12,-2000
2025-05-20T12:05:10.405593,KXBTCD-25MAY2016-T104999.99,DELTA,78,22250,81,400,695,no,16,100
2025-05-20T12:05:10.465829,KXBTCD-25MAY2016-T104999.99,DELTA,78,24250,81,400,696,yes,78,2000
2025-05-20T12:05:10.466507,KXBTCD-25MAY2016-T104999.99,DELTA,78,24250,81,400,697,no,11,2000
2025-05-20T12:05:10.544911,KXBTCD-25MAY2016-T104999.99,DELTA,78,24250,81,400,698,no,14,20000
2025-05-20T12:05:10.787052,KXBTCD-25MAY2016-T104999.99,DELTA,78,24250,81,400,699,no,14,-20000
2025-05-20T12:05:10.788328,KXBTCD-25MAY2016-T104999.99,DELTA,78,24250,81,400,700,no,15,-1000
2025-05-20T12:05:10.845188,KXBTCD-25MAY2016-T104999.99,DELTA,78,24250,81,400,701,no,14,1000
2025-05-20T12:05:11.145841,KXBTCD-25MAY2016-T104999.99,DELTA,78,24250,81,400,702,no,12,-500
2025-05-20T12:05:11.146977,KXBTCD-25MAY2016-T104999.99,DELTA,78,24250,81,400,703,no,2,500
2025-05-20T12:05:11.245298,KXBTCD-25MAY2016-T104999.99,DELTA,78,24250,81,400,704,no,12,-1250
2025-05-20T12:05:11.305881,KXBTCD-25MAY2016-T104999.99,DELTA,78,24250,81,400,705,no,11,1250
2025-05-20T12:05:11.810366,KXBTCD-25MAY2016-T104999.99,DELTA,78,22250,81,400,706,yes,78,-2000
2025-05-20T12:05:11.811461,KXBTCD-25MAY2016-T104999.99,DELTA,78,22250,81,400,707,no,14,20000
2025-05-20T12:05:11.812133,KXBTCD-25MAY2016-T104999.99,DELTA,78,22250,81,400,708,no,14,-1000
2025-05-20T12:05:11.845582,KXBTCD-25MAY2016-T104999.99,DELTA,78,22250,81,400,709,yes,77,2000
2025-05-20T12:05:11.985057,KXBTCD-25MAY2016-T104999.99,DELTA,78,22250,81,400,710,no,15,1000
2025-05-20T12:05:12.146558,KXBTCD-25MAY2016-T104999.99,DELTA,78,22250,81,400,711,yes,76,500
2025-05-20T12:05:12.147297,KXBTCD-25MAY2016-T104999.99,DELTA,78,22250,81,400,712,yes,66,-500
2025-05-20T12:05:12.147832,KXBTCD-25MAY2016-T104999.99,DELTA,78,22250,81,400,713,no,12,500
2025-05-20T12:05:12.148241,KXBTCD-25MAY2016-T104999.99,DELTA,78,22250,81,400,714,no,2,-500
2025-05-20T12:05:12.206103,KXBTCD-25MAY2016-T104999.99,DELTA,78,22250,81,400,715,no,11,-2000
2025-05-20T12:05:12.207422,KXBTCD-25MAY2016-T104999.99,DELTA,78,22250,81,400,716,no,11,-1250
2025-05-20T12:05:12.245016,KXBTCD-25MAY2016-T104999.99,DELTA,78,22250,81,400,717,no,16,-9
2025-05-20T12:05:12.264968,KXBTCD-25MAY2016-T104999.99,DELTA,78,22250,81,400,718,no,12,2000
2025-05-20T12:05:12.265239,KXBTCD-25MAY2016-T104999.99,DELTA,78,22250,81,400,719,no,12,1250
2025-05-20T12:05:12.926680,KXBTCD-25MAY2016-T104999.99,DELTA,78,22250,81,400,720,yes,77,-2000
2025-05-20T12:05:12.927647,KXBTCD-25MAY2016-T104999.99,DELTA,78,22250,81,400,721,no,14,-20000
2025-05-20T12:05:12.946193,KXBTCD-25MAY2016-T104999.99,DELTA,78,22250,81,400,722,no,12,-2000
2025-05-20T12:05:12.947005,KXBTCD-25MAY2016-T104999.99,DELTA,78,22250,81,400,723,no,15,-1000
2025-05-20T12:05:13.007070,KXBTCD-25MAY2016-T104999.99,DELTA,78,22250,81,400,724,no,14,1000
2025-05-20T12:05:13.045396,KXBTCD-25MAY2016-T104999.99,DELTA,78,22250,81,400,725,no,11,2000
2025-05-20T12:05:13.085459,KXBTCD-25MAY2016-T104999.99,DELTA,78,22250,81,400,726,no,12,-1250
2025-05-20T12:05:13.164987,KXBTCD-25MAY2016-T104999.99,DELTA,78,22250,81,400,727,yes,77,-150
2025-05-20T12:05:13.204744,KXBTCD-25MAY2016-T104999.99,DELTA,78,22250,81,400,728,no,11,1250
2025-05-20T12:05:13.224820,KXBTCD-25MAY2016-T104999.99,DELTA,78,22250,81,400,729,yes,77,350
2025-05-20T12:05:13.247889,KXBTCD-25MAY2016-T104999.99,DELTA,78,22250,81,400,730,no,14,-5000
2025-05-20T12:05:13.248154,KXBTCD-25MAY2016-T104999.99,DELTA,78,22250,81,400,731,no,13,5000
2025-05-20T12:05:13.264909,KXBTCD-25MAY2016-T104999.99,DELTA,78,22250,81,400,732,no,12,-500
2025-05-20T12:05:13.265354,KXBTCD-25MAY2016-T104999.99,DELTA,78,22250,81,400,733,no,2,500
2025-05-20T12:05:13.265798,KXBTCD-25MAY2016-T104999.99,DELTA,78,22250,81,400,734,yes,77,-5000
2025-05-20T12:05:13.265996,KXBTCD-25MAY2016-T104999.99,DELTA,78,27250,81,400,735,yes,78,5000
2025-05-20T12:05:13.346057,KXBTCD-25MAY2016-T104999.99,DELTA,78,27250,81,400,736,no,13,20000
2025-05-20T12:05:13.386131,KXBTCD-25MAY2016-T104999.99,DELTA,78,27250,81,400,737,yes,76,-100
2025-05-20T12:05:13.444689,KXBTCD-25MAY2016-T104999.99,DELTA,78,29250,81,400,738,yes,78,2000
2025-05-20T12:05:14.167192,KXBTCD-25MAY2016-T104999.99,DELTA,78,9250,81,400,739,yes,78,-20000
2025-05-20T12:05:14.168131,KXBTCD-25MAY2016-T104999.99,DELTA,78,8250,81,400,740,yes,78,-1000
2025-05-20T12:05:14.168672,KXBTCD-25MAY2016-T104999.99,DELTA,78,7000,81,400,741,yes,78,-1250
2025-05-20T12:05:14.292787,KXBTCD-25MAY2016-T104999.99,DELTA,78,7000,81,400,742,yes,77,100
2025-05-20T12:05:14.471934,KXBTCD-25MAY2016-T104999.99,DELTA,79,20000,81,400,743,yes,79,20000
2025-05-20T12:05:14.473292,KXBTCD-25MAY2016-T104999.99,DELTA,79,21000,81,400,744,yes,79,1000
2025-05-20T12:05:14.474144,KXBTCD-25MAY2016-T104999.99,DELTA,79,21000,81,400,745,yes,77,14
2025-05-20T12:05:14.474577,KXBTCD-25MAY2016-T104999.99,DELTA,79,21000,81,400,746,yes,76,-14
2025-05-20T12:05:14.475544,KXBTCD-25MAY2016-T104999.99,DELTA,79,21000,81,400,747,no,13,14
2025-05-20T12:05:14.476108,KXBTCD-25MAY2016-T104999.99,DELTA,79,21000,81,400,748,no,15,-14
2025-05-20T12:05:14.476774,KXBTCD-25MAY2016-T104999.99,DELTA,79,21000,81,400,749,yes,73,-14
2025-05-20T12:05:14.477174,KXBTCD-25MAY2016-T104999.99,DELTA,79,21000,81,400,750,yes,75,14
2025-05-20T12:05:14.477521,KXBTCD-25MAY2016-T104999.99,DELTA,79,21000,81,400,751,no,13,14
2025-05-20T12:05:14.477961,KXBTCD-25MAY2016-T104999.99,DELTA,79,21000,81,400,752,no,15,-14
2025-05-20T12:05:14.478504,KXBTCD-25MAY2016-T104999.99,DELTA,79,22250,81,400,753,yes,79,1250
2025-05-20T12:05:14.478979,KXBTCD-25MAY2016-T104999.99,DELTA,79,22250,81,400,754,no,16,-100
2025-05-20T12:05:14.667309,KXBTCD-25MAY2016-T104999.99,DELTA,79,22250,81,400,755,yes,77,-100
2025-05-20T12:05:14.725950,KXBTCD-25MAY2016-T104999.99,DELTA,79,22250,81,400,756,yes,78,-2000
2025-05-20T12:05:14.726189,KXBTCD-25MAY2016-T104999.99,DELTA,79,22250,81,400,757,no,13,-20000
2025-05-20T12:05:14.744787,KXBTCD-25MAY2016-T104999.99,DELTA,79,22250,81,400,758,no,11,-2000
2025-05-20T12:05:14.744910,KXBTCD-25MAY2016-T104999.99,DELTA,79,22250,81,400,759,no,14,-1000
2025-05-20T12:05:14.824735,KXBTCD-25MAY2016-T104999.99,DELTA,79,22250,81,400,760,no,10,2000
2025-05-20T12:05:14.844952,KXBTCD-25MAY2016-T104999.99,DELTA,79,22250,81,400,761,no,13,1000
2025-05-20T12:05:14.845520,KXBTCD-25MAY2016-T104999.99,DELTA,79,24250,81,400,762,yes,79,2000
2025-05-20T12:05:15.277062,KXBTCD-25MAY2016-T104999.99,DELTA,79,24250,81,400,763,no,14,100
2025-05-20T12:05:15.485571,KXBTCD-25MAY2016-T104999.99,DELTA,79,24250,81,400,764,no,13,20000
2025-05-20T12:05:15.507632,KXBTCD-25MAY2016-T104999.99,DELTA,79,22250,81,400,765,yes,79,-2000
2025-05-20T12:05:15.508341,KXBTCD-25MAY2016-T104999.99,DELTA,79,22250,81,400,766,no,10,-2000
2025-05-20T12:05:15.525053,KXBTCD-25MAY2016-T104999.99,DELTA,79,22250,81,400,767,no,13,-1000
2025-05-20T12:05:15.585368,KXBTCD-25MAY2016-T104999.99,DELTA,79,22250,81,400,768,no,11,2000
2025-05-20T12:05:15.605469,KXBTCD-25MAY2016-T104999.99,DELTA,79,22250,81,400,769,no,14,1000
2025-05-20T12:05:15.625498,KXBTCD-25MAY2016-T104999.99,DELTA,79,22250,81,400,770,yes,78,2000
2025-05-20T12:05:15.745179,KXBTCD-25MAY2016-T104999.99,DELTA,79,22250,81,400,771,no,13,-5000
2025-05-20T12:05:15.746105,KXBTCD-25MAY2016-T104999.99,DELTA,79,22250,81,400,772,no,14,5000
2025-05-20T12:05:15.765786,KXBTCD-25MAY2016-T104999.99,DELTA,79,22250,81,400,773,yes,77,-14
2025-05-20T12:05:15.766874,KXBTCD-25MAY2016-T104999.99,DELTA,79,22250,81,400,774,yes,75,-14
2025-05-20T12:05:15.767569,KXBTCD-25MAY2016-T104999.99,DELTA,79,22250,81,400,775,yes,76,14
2025-05-20T12:05:15.785614,KXBTCD-25MAY2016-T104999.99,DELTA,79,22250,81,400,776,yes,73,14
2025-05-20T12:05:15.786222,KXBTCD-25MAY2016-T104999.99,DELTA,79,22250,81,400,777,no,13,-14
2025-05-20T12:05:15.786813,KXBTCD-25MAY2016-T104999.99,DELTA,79,22250,81,400,778,no,13,-14
2025-05-20T12:05:15.787318,KXBTCD-25MAY2016-T104999.99,DELTA,79,22250,81,400,779,no,15,14
2025-05-20T12:05:15.787772,KXBTCD-25MAY2016-T104999.99,DELTA,79,22250,81,400,780,no,15,14
2025-05-20T12:05:15.804328,KXBTCD-25MAY2016-T104999.99,DELTA,79,22250,81,400,781,no,13,-20000
2025-05-20T12:05:15.826911,KXBTCD-25MAY2016-T104999.99,DELTA,79,22250,81,400,782,yes,78,100
2025-05-20T12:05:15.827686,KXBTCD-25MAY2016-T104999.99,DELTA,79,22250,81,400,783,yes,78,-5000
2025-05-20T12:05:15.828232,KXBTCD-25MAY2016-T104999.99,DELTA,79,22250,81,400,784,yes,77,5000
2025-05-20T12:05:15.865121,KXBTCD-25MAY2016-T104999.99,DELTA,79,22250,81,400,785,no,14,-5000
2025-05-20T12:05:15.865880,KXBTCD-25MAY2016-T104999.99,DELTA,79,22250,81,400,786,no,15,5000
2025-05-20T12:05:15.964448,KXBTCD-25MAY2016-T104999.99,DELTA,79,2250,81,400,787,yes,79,-20000
2025-05-20T12:05:15.965082,KXBTCD-25MAY2016-T104999.99,DELTA,79,1000,81,400,788,yes,79,-1250
2025-05-20T12:05:15.985469,KXBTCD-25MAY2016-T104999.99,DELTA,79,1000,81,400,789,yes,77,-350
2025-05-20T12:05:16.024437,KXBTCD-25MAY2016-T104999.99,DELTA,79,1000,81,400,790,no,14,-100
2025-05-20T12:05:16.065226,KXBTCD-25MAY2016-T104999.99,DELTA,79,1000,81,400,791,yes,78,20000
2025-05-20T12:05:16.125147,KXBTCD-25MAY2016-T104999.99,DELTA,79,1000,81,400,792,no,14,-1000
2025-05-20T12:05:16.144999,KXBTCD-25MAY2016-T104999.99,DELTA,79,1000,81,400,793,yes,76,350
2025-05-20T12:05:16.185161,KXBTCD-25MAY2016-T104999.99,DELTA,79,1000,81,400,794,no,11,1000
2025-05-20T12:05:16.265611,KXBTCD-25MAY2016-T104999.99,DELTA,79,1000,81,400,795,yes,78,1250
2025-05-20T12:05:16.624685,KXBTCD-25MAY2016-T104999.99,DELTA,79,1000,81,400,796,yes,78,-2000
2025-05-20T12:05:16.644183,KXBTCD-25MAY2016-T104999.99,DELTA,79,1000,81,400,797,no,11,-1000
2025-05-20T12:05:16.825371,KXBTCD-25MAY2016-T104999.99,DELTA,79,1000,81,400,798,no,15,1000
2025-05-20T12:05:16.965442,KXBTCD-25MAY2016-T104999.99,DELTA,79,1000,81,400,799,yes,77,2000
2025-05-20T12:05:17.145105,KXBTCD-25MAY2016-T104999.99,DELTA,79,1000,81,400,800,no,12,500
2025-05-20T12:05:17.145978,KXBTCD-25MAY2016-T104999.99,DELTA,79,1000,81,400,801,no,2,-500
2025-05-20T12:05:17.165259,KXBTCD-25MAY2016-T104999.99,DELTA,79,1000,81,400,802,no,15,100
2025-05-20T12:05:17.344436,KXBTCD-25MAY2016-T104999.99,DELTA,79,1000,81,400,803,no,11,-2000
2025-05-20T12:05:17.364877,KXBTCD-25MAY2016-T104999.99,DELTA,79,1000,81,400,804,no,11,-1250
2025-05-20T12:05:17.425648,KXBTCD-25MAY2016-T104999.99,DELTA,79,1000,81,400,805,no,12,1250
2025-05-20T12:05:17.465187,KXBTCD-25MAY2016-T104999.99,DELTA,79,1000,81,400,806,no,12,2000
2025-05-20T12:05:19.105602,KXBTCD-25MAY2016-T104999.99,DELTA,79,1000,81,400,807,yes,78,-1250
2025-05-20T12:05:19.125150,KXBTCD-25MAY2016-T104999.99,DELTA,79,1000,81,400,808,no,12,-1250
2025-05-20T12:05:19.185381,KXBTCD-25MAY2016-T104999.99,DELTA,79,1000,81,400,809,no,13,1250
2025-05-20T12:05:19.306751,KXBTCD-25MAY2016-T104999.99,DELTA,79,1000,81,400,810,yes,77,-5000
2025-05-20T12:05:19.307859,KXBTCD-25MAY2016-T104999.99,DELTA,79,1000,81,400,811,yes,76,5000
2025-05-20T12:05:19.325541,KXBTCD-25MAY2016-T104999.99,DELTA,79,1000,81,400,812,no,13,-1250
2025-05-20T12:05:19.326339,KXBTCD-25MAY2016-T104999.99,DELTA,79,1000,81,400,813,no,15,-5000
2025-05-20T12:05:19.326857,KXBTCD-25MAY2016-T104999.99,DELTA,79,1000,81,400,814,no,16,5000
2025-05-20T12:05:19.385205,KXBTCD-25MAY2016-T104999.99,DELTA,79,1000,81,400,815,no,12,1250
2025-05-20T12:05:19.405611,KXBTCD-25MAY2016-T104999.99,DELTA,79,1000,81,400,816,yes,78,-20000
2025-05-20T12:05:19.425780,KXBTCD-25MAY2016-T104999.99,DELTA,79,1000,81,400,817,yes,77,1250
2025-05-20T12:05:19.465941,KXBTCD-25MAY2016-T104999.99,DELTA,79,1000,81,400,818,no,16,-5000
2025-05-20T12:05:19.467082,KXBTCD-25MAY2016-T104999.99,DELTA,79,1000,81,400,819,no,15,5000
2025-05-20T12:05:19.525608,KXBTCD-25MAY2016-T104999.99,DELTA,79,1000,85,6128,820,no,19,-400
2025-05-20T12:05:19.586068,KXBTCD-25MAY2016-T104999.99,DELTA,79,1000,80,350,821,no,20,350
2025-05-20T12:05:20.227763,KXBTCD-25MAY2016-T104999.99,DELTA,79,1000,80,350,822,no,12,-2000
2025-05-20T12:05:20.228716,KXBTCD-25MAY2016-T104999.99,DELTA,79,1000,80,350,823,no,15,-1000
2025-05-20T12:05:20.244324,KXBTCD-25MAY2016-T104999.99,DELTA,79,1000,80,350,824,yes,77,20000
2025-05-20T12:05:20.414300,KXBTCD-25MAY2016-T104999.99,DELTA,79,1000,80,350,825,no,13,1000
2025-05-20T12:05:20.415326,KXBTCD-25MAY2016-T104999.99,DELTA,79,1000,80,350,826,no,11,2000
2025-05-20T12:05:20.415965,KXBTCD-25MAY2016-T104999.99,DELTA,79,1000,80,350,827,no,15,-5000
2025-05-20T12:05:20.416433,KXBTCD-25MAY2016-T104999.99,DELTA,79,1000,80,350,828,yes,76,-5000
2025-05-20T12:05:20.416818,KXBTCD-25MAY2016-T104999.99,DELTA,79,1000,80,350,829,yes,77,5000
2025-05-20T12:05:20.466310,KXBTCD-25MAY2016-T104999.99,DELTA,79,1000,80,350,830,no,14,5000
2025-05-20T12:05:20.467000,KXBTCD-25MAY2016-T104999.99,DELTA,79,1000,80,350,831,yes,77,-20000
2025-05-20T12:05:20.486254,KXBTCD-25MAY2016-T104999.99,DELTA,79,1000,80,350,832,yes,77,-2000
2025-05-20T12:05:20.487472,KXBTCD-25MAY2016-T104999.99,DELTA,79,1000,80,350,833,yes,77,-1250
2025-05-20T12:05:20.585570,KXBTCD-25MAY2016-T104999.99,DELTA,79,1000,80,350,834,yes,78,20000
2025-05-20T12:05:20.706223,KXBTCD-25MAY2016-T104999.99,DELTA,79,1000,80,350,835,yes,78,2000
2025-05-20T12:05:20.825894,KXBTCD-25MAY2016-T104999.99,DELTA,79,1000,80,350,836,yes,78,1250
2025-05-20T12:05:20.945996,KXBTCD-25MAY2016-T104999.99,DELTA,79,1000,80,350,837,no,13,-1000
2025-05-20T12:05:21.525499,KXBTCD-25MAY2016-T104999.99,DELTA,79,1000,80,350,838,no,14,1000
2025-05-20T12:05:21.688390,KXBTCD-25MAY2016-T104999.99,DELTA,79,1000,80,350,839,no,16,9
2025-05-20T12:05:23.206651,KXBTCD-25MAY2016-T104999.99,DELTA,79,1000,80,350,840,no,14,-5000
2025-05-20T12:05:23.207317,KXBTCD-25MAY2016-T104999.99,DELTA,79,1000,80,350,841,no,15,5000
2025-05-20T12:05:23.207916,KXBTCD-25MAY2016-T104999.99,DELTA,79,1000,80,350,842,no,14,20000
2025-05-20T12:05:23.208416,KXBTCD-25MAY2016-T104999.99,DELTA,79,1000,80,350,843,yes,78,-2000
2025-05-20T12:05:23.386385,KXBTCD-25MAY2016-T104999.99,DELTA,79,1000,80,350,844,no,11,-2000
2025-05-20T12:05:23.388441,KXBTCD-25MAY2016-T104999.99,DELTA,79,1000,80,350,845,no,14,-20000
2025-05-20T12:05:23.389648,KXBTCD-25MAY2016-T104999.99,DELTA,79,1000,80,350,846,no,14,-1000
2025-05-20T12:05:23.507518,KXBTCD-25MAY2016-T104999.99,DELTA,79,1000,80,350,847,yes,77,-5000
2025-05-20T12:05:23.508302,KXBTCD-25MAY2016-T104999.99,DELTA,79,1000,80,350,848,yes,76,5000
2025-05-20T12:05:23.509677,KXBTCD-25MAY2016-T104999.99,DELTA,79,1000,80,350,849,yes,77,2000
2025-05-20T12:05:23.510204,KXBTCD-25MAY2016-T104999.99,DELTA,79,1000,80,350,850,no,15,1000
2025-05-20T12:05:23.606483,KXBTCD-25MAY2016-T104999.99,DELTA,79,1000,80,350,851,no,12,2000
2025-05-20T12:05:23.608022,KXBTCD-25MAY2016-T104999.99,DELTA,79,1000,80,350,852,no,15,-5000
2025-05-20T12:05:23.608698,KXBTCD-25MAY2016-T104999.99,DELTA,79,1000,80,350,853,no,16,5000
2025-05-20T12:05:23.807435,KXBTCD-25MAY2016-T104999.99,DELTA,79,1000,80,350,854,no,16,-5000
2025-05-20T12:05:23.808198,KXBTCD-25MAY2016-T104999.99,DELTA,79,1000,80,350,855,no,15,5000
2025-05-20T12:05:24.007615,KXBTCD-25MAY2016-T104999.99,DELTA,79,1000,80,350,856,yes,78,-20000
2025-05-20T12:05:24.008592,KXBTCD-25MAY2016-T104999.99,DELTA,79,1000,80,350,857,yes,76,-5000
2025-05-20T12:05:24.107772,KXBTCD-25MAY2016-T104999.99,DELTA,79,1000,80,350,858,yes,78,-1250
2025-05-20T12:05:24.109877,KXBTCD-25MAY2016-T104999.99,DELTA,79,1000,80,350,859,yes,77,5000
2025-05-20T12:05:24.206415,KXBTCD-25MAY2016-T104999.99,DELTA,79,1000,80,350,860,no,12,-2000
2025-05-20T12:05:24.284761,KXBTCD-25MAY2016-T104999.99,DELTA,79,1000,80,350,861,no,15,-1000
2025-05-20T12:05:24.285612,KXBTCD-25MAY2016-T104999.99,DELTA,79,1000,80,350,862,no,15,-5000
2025-05-20T12:05:24.285878,KXBTCD-25MAY2016-T104999.99,DELTA,79,1000,80,350,863,no,14,5000
2025-05-20T12:05:24.384632,KXBTCD-25MAY2016-T104999.99,DELTA,79,1000,80,350,864,no,2,500
2025-05-20T12:05:24.385558,KXBTCD-25MAY2016-T104999.99,DELTA,79,1000,80,350,865,yes,77,-2000
2025-05-20T12:05:24.385711,KXBTCD-25MAY2016-T104999.99,DELTA,79,1000,80,350,866,no,12,-500
2025-05-20T12:05:24.386424,KXBTCD-25MAY2016-T104999.99,DELTA,79,1000,80,350,867,yes,78,20000
2025-05-20T12:05:24.792252,KXBTCD-25MAY2016-T104999.99,DELTA,79,1000,80,350,868,no,13,1000
2025-05-20T12:05:24.809841,KXBTCD-25MAY2016-T104999.99,DELTA,79,1000,80,350,869,yes,78,2000
2025-05-20T12:05:24.810017,KXBTCD-25MAY2016-T104999.99,DELTA,79,1000,80,350,870,no,12,-1250
2025-05-20T12:05:24.877789,KXBTCD-25MAY2016-T104999.99,DELTA,79,1000,80,350,871,no,11,2000
2025-05-20T12:05:24.878569,KXBTCD-25MAY2016-T104999.99,DELTA,79,1000,80,350,872,yes,78,1250
2025-05-20T12:05:24.883117,KXBTCD-25MAY2016-T104999.99,DELTA,79,1000,84,9,873,no,20,-350
2025-05-20T12:05:24.883435,KXBTCD-25MAY2016-T104999.99,DELTA,79,1000,84,9,874,no,11,1250
2025-05-20T12:05:24.905976,KXBTCD-25MAY2016-T104999.99,DELTA,79,1000,84,9,875,no,13,-1000
2025-05-20T12:05:24.986966,KXBTCD-25MAY2016-T104999.99,DELTA,79,1000,81,350,876,no,19,350
2025-05-20T12:05:25.045316,KXBTCD-25MAY2016-T104999.99,DELTA,79,1000,81,350,877,yes,76,-350
2025-05-20T12:05:25.066323,KXBTCD-25MAY2016-T104999.99,DELTA,79,1000,81,350,878,no,14,1000
2025-05-20T12:05:25.084912,KXBTCD-25MAY2016-T104999.99,DELTA,79,1000,81,350,879,yes,78,50
2025-05-20T12:05:25.145406,KXBTCD-25MAY2016-T104999.99,DELTA,79,1000,81,250,880,no,19,-100
2025-05-20T12:05:25.306442,KXBTCD-25MAY2016-T104999.99,DELTA,79,1000,81,250,881,yes,78,-50
2025-05-20T12:05:25.346075,KXBTCD-25MAY2016-T104999.99,DELTA,79,1000,81,250,882,no,14,-5000
2025-05-20T12:05:25.346830,KXBTCD-25MAY2016-T104999.99,DELTA,79,1000,81,250,883,no,13,5000
2025-05-20T12:05:25.385774,KXBTCD-25MAY2016-T104999.99,DELTA,79,1000,81,250,884,yes,77,-5000
2025-05-20T12:05:25.386563,KXBTCD-25MAY2016-T104999.99,DELTA,79,1000,81,250,885,yes,78,5000
2025-05-20T12:05:25.387138,KXBTCD-25MAY2016-T104999.99,DELTA,79,1000,81,250,886,yes,78,250
2025-05-20T12:05:25.465610,KXBTCD-25MAY2016-T104999.99,DELTA,79,1000,81,250,887,no,13,20000
2025-05-20T12:05:25.505428,KXBTCD-25MAY2016-T104999.99,DELTA,79,1000,81,250,888,no,15,-100
2025-05-20T12:05:25.525972,KXBTCD-25MAY2016-T104999.99,DELTA,79,1000,81,250,889,yes,78,-20000
2025-05-20T12:05:25.526498,KXBTCD-25MAY2016-T104999.99,DELTA,79,1000,81,250,890,yes,78,-1250
2025-05-20T12:05:25.586713,KXBTCD-25MAY2016-T104999.99,DELTA,79,21000,81,250,891,yes,79,20000
2025-05-20T12:05:25.587801,KXBTCD-25MAY2016-T104999.99,DELTA,79,22250,81,250,892,yes,79,1250
2025-05-20T12:05:25.725700,KXBTCD-25MAY2016-T104999.99,DELTA,79,22250,81,250,893,yes,78,-100
2025-05-20T12:05:25.825415,KXBTCD-25MAY2016-T104999.99,DELTA,79,22250,81,250,894,no,16,-9
2025-05-20T12:05:25.845828,KXBTCD-25MAY2016-T104999.99,DELTA,79,22250,81,250,895,no,15,9
2025-05-20T12:05:26.465055,KXBTCD-25MAY2016-T104999.99,DELTA,79,22350,81,250,896,yes,79,100
2025-05-20T12:05:26.483789,KXBTCD-25MAY2016-T104999.99,DELTA,79,22350,81,250,897,no,13,100
2025-05-20T12:05:26.543979,KXBTCD-25MAY2016-T104999.99,DELTA,79,22350,85,37,898,no,19,-250
2025-05-20T12:05:26.585136,KXBTCD-25MAY2016-T104999.99,DELTA,79,22350,85,37,899,yes,78,-2000
2025-05-20T12:05:26.585839,KXBTCD-25MAY2016-T104999.99,DELTA,79,22350,85,37,900,no,13,-20000
2025-05-20T12:05:26.605165,KXBTCD-25MAY2016-T104999.99,DELTA,79,22350,85,37,901,no,11,-2000
2025-05-20T12:05:26.605485,KXBTCD-25MAY2016-T104999.99,DELTA,79,22350,85,37,902,no,14,-1000
2025-05-20T12:05:26.664356,KXBTCD-25MAY2016-T104999.99,DELTA,79,22350,82,300,903,no,18,300
2025-05-20T12:05:26.685105,KXBTCD-25MAY2016-T104999.99,DELTA,79,22350,82,300,904,no,13,1000
2025-05-20T12:05:26.745537,KXBTCD-25MAY2016-T104999.99,DELTA,79,24350,82,300,905,yes,79,2000
2025-05-20T12:05:26.746362,KXBTCD-25MAY2016-T104999.99,DELTA,79,24350,82,300,906,no,10,2000
2025-05-20T12:05:26.764455,KXBTCD-25MAY2016-T104999.99,DELTA,79,24350,82,300,907,no,1,-3000
2025-05-20T12:05:26.785323,KXBTCD-25MAY2016-T104999.99,DELTA,79,23350,82,300,908,yes,79,-1000
2025-05-20T12:05:27.025152,KXBTCD-25MAY2016-T104999.99,DELTA,80,1000,82,300,909,yes,80,1000
2025-05-20T12:05:27.146895,KXBTCD-25MAY2016-T104999.99,DELTA,80,1000,82,300,910,yes,78,500
2025-05-20T12:05:27.167088,KXBTCD-25MAY2016-T104999.99,DELTA,80,1000,82,300,911,yes,68,-500
2025-05-20T12:05:29.117782,KXBTCD-25MAY2016-T104999.99,DELTA,80,1000,82,300,912,yes,73,-14
2025-05-20T12:05:29.118657,KXBTCD-25MAY2016-T104999.99,DELTA,80,1000,82,300,913,yes,75,14
2025-05-20T12:05:29.119270,KXBTCD-25MAY2016-T104999.99,DELTA,80,1000,82,300,914,yes,76,-14
2025-05-20T12:05:29.119810,KXBTCD-25MAY2016-T104999.99,DELTA,80,1000,82,300,915,yes,77,14
2025-05-20T12:05:29.120320,KXBTCD-25MAY2016-T104999.99,DELTA,80,1000,82,300,916,no,13,14
2025-05-20T12:05:29.120822,KXBTCD-25MAY2016-T104999.99,DELTA,80,1000,82,300,917,no,15,-14
2025-05-20T12:05:29.121274,KXBTCD-25MAY2016-T104999.99,DELTA,80,1000,82,300,918,no,15,-14
2025-05-20T12:05:29.121605,KXBTCD-25MAY2016-T104999.99,DELTA,80,1000,82,300,919,no,13,14
2025-05-20T12:05:29.206188,KXBTCD-25MAY2016-T104999.99,DELTA,80,1000,82,300,920,no,15,-9
2025-05-20T12:05:29.206964,KXBTCD-25MAY2016-T104999.99,DELTA,80,1000,82,300,921,no,14,9
2025-05-20T12:05:33.486565,KXBTCD-25MAY2016-T104999.99,DELTA,80,1000,82,300,922,no,13,-5000
2025-05-20T12:05:33.487611,KXBTCD-25MAY2016-T104999.99,DELTA,80,1000,82,300,923,no,12,5000
2025-05-20T12:05:33.505724,KXBTCD-25MAY2016-T104999.99,DELTA,80,1000,82,300,924,yes,78,-5000
2025-05-20T12:05:33.506541,KXBTCD-25MAY2016-T104999.99,DELTA,80,1000,82,300,925,yes,79,5000
2025-05-20T12:05:33.545683,KXBTCD-25MAY2016-T104999.99,DELTA,80,1000,82,300,926,no,12,20000
2025-05-20T12:05:33.567277,KXBTCD-25MAY2016-T104999.99,DELTA,80,1000,82,300,927,yes,79,-20000
2025-05-20T12:05:33.585092,KXBTCD-25MAY2016-T104999.99,DELTA,80,1000,82,300,928,yes,79,-1250
2025-05-20T12:05:33.626628,KXBTCD-25MAY2016-T104999.99,DELTA,80,2250,82,300,929,yes,80,1250
2025-05-20T12:05:33.627568,KXBTCD-25MAY2016-T104999.99,DELTA,80,22250,82,300,930,yes,80,20000
2025-05-20T12:05:34.133856,KXBTCD-25MAY2016-T104999.99,DELTA,80,22250,82,300,931,no,12,-5000
2025-05-20T12:05:34.134922,KXBTCD-25MAY2016-T104999.99,DELTA,80,22250,82,300,932,no,13,5000
2025-05-20T12:05:34.185438,KXBTCD-25MAY2016-T104999.99,DELTA,80,22250,82,300,933,no,12,-20000
2025-05-20T12:05:36.081211,KXBTCD-25MAY2016-T104999.99,DELTA,80,22250,82,300,934,no,10,-500
2025-05-20T12:05:36.082200,KXBTCD-25MAY2016-T104999.99,DELTA,80,22250,82,300,935,yes,77,-14
2025-05-20T12:05:36.082935,KXBTCD-25MAY2016-T104999.99,DELTA,80,22250,82,300,936,yes,79,14
2025-05-20T12:05:36.086424,KXBTCD-25MAY2016-T104999.99,DELTA,80,22250,82,300,937,no,12,14
2025-05-20T12:05:36.086965,KXBTCD-25MAY2016-T104999.99,DELTA,80,22250,82,300,938,no,13,-14
2025-05-20T12:05:36.087469,KXBTCD-25MAY2016-T104999.99,DELTA,80,22250,82,300,939,yes,77,14
2025-05-20T12:05:36.088007,KXBTCD-25MAY2016-T104999.99,DELTA,80,22250,82,300,940,yes,75,-14
2025-05-20T12:05:36.088500,KXBTCD-25MAY2016-T104999.99,DELTA,80,22250,82,300,941,no,12,14
2025-05-20T12:05:36.107237,KXBTCD-25MAY2016-T104999.99,DELTA,80,22250,82,300,942,no,13,-14
2025-05-20T12:05:36.109023,KXBTCD-25MAY2016-T104999.99,DELTA,80,21000,82,300,943,yes,80,-1250
2025-05-20T12:05:36.109601,KXBTCD-25MAY2016-T104999.99,DELTA,80,1000,82,300,944,yes,80,-20000
2025-05-20T12:05:36.110044,KXBTCD-25MAY2016-T104999.99,DELTA,80,1000,82,300,945,yes,79,-2000
2025-05-20T12:05:36.110424,KXBTCD-25MAY2016-T104999.99,DELTA,79,5114,82,300,946,yes,80,-1000
2025-05-20T12:05:36.111274,KXBTCD-25MAY2016-T104999.99,DELTA,79,5114,82,300,947,no,10,-2000
2025-05-20T12:05:36.111803,KXBTCD-25MAY2016-T104999.99,DELTA,79,5114,82,300,948,no,11,-1250
2025-05-20T12:05:36.112216,KXBTCD-25MAY2016-T104999.99,DELTA,79,5114,82,300,949,no,13,-1000
2025-05-20T12:05:36.225226,KXBTCD-25MAY2016-T104999.99,DELTA,79,5114,86,9,950,no,18,-300
2025-05-20T12:05:36.226025,KXBTCD-25MAY2016-T104999.99,DELTA,79,5114,86,9,951,yes,53,-3000
2025-05-20T12:05:36.265273,KXBTCD-25MAY2016-T104999.99,DELTA,79,5114,86,9,952,no,13,-5000
2025-05-20T12:05:36.266049,KXBTCD-25MAY2016-T104999.99,DELTA,79,5114,86,9,953,no,11,5000
2025-05-20T12:05:36.289663,KXBTCD-25MAY2016-T104999.99,DELTA,79,114,86,9,954,yes,79,-5000
2025-05-20T12:05:36.289938,KXBTCD-25MAY2016-T104999.99,DELTA,81,5000,86,9,955,yes,81,5000
2025-05-20T12:05:36.380304,KXBTCD-25MAY2016-T104999.99,DELTA,81,5000,86,9,956,yes,78,-250
2025-05-20T12:05:36.384575,KXBTCD-25MAY2016-T104999.99,DELTA,81,5000,86,9,957,yes,79,-100
2025-05-20T12:05:36.404786,KXBTCD-25MAY2016-T104999.99,DELTA,81,5000,86,9,958,no,11,-5000
2025-05-20T12:05:36.405506,KXBTCD-25MAY2016-T104999.99,DELTA,81,5000,86,9,959,no,10,5000
2025-05-20T12:05:36.564726,KXBTCD-25MAY2016-T104999.99,DELTA,81,5000,86,9,960,yes,80,400
2025-05-20T12:05:36.565081,KXBTCD-25MAY2016-T104999.99,DELTA,81,5000,84,400,961,no,16,400
2025-05-20T12:05:36.604760,KXBTCD-25MAY2016-T104999.99,DELTA,81,5000,84,400,962,yes,71,3000
2025-05-20T12:05:36.684399,KXBTCD-25MAY2016-T104999.99,DELTA,81,5000,84,400,963,no,13,-100
2025-05-20T12:05:36.965816,KXBTCD-25MAY2016-T104999.99,DELTA,81,7000,84,400,964,yes,81,2000
2025-05-20T12:05:37.206465,KXBTCD-25MAY2016-T104999.99,DELTA,81,7000,84,400,965,yes,70,-500
2025-05-20T12:05:37.207597,KXBTCD-25MAY2016-T104999.99,DELTA,81,7000,84,400,966,yes,80,500
2025-05-20T12:05:37.245158,KXBTCD-25MAY2016-T104999.99,DELTA,81,7000,84,400,967,no,10,-5000
2025-05-20T12:05:37.246195,KXBTCD-25MAY2016-T104999.99,DELTA,81,7000,84,400,968,no,11,5000
2025-05-20T12:05:37.406720,KXBTCD-25MAY2016-T104999.99,DELTA,81,7100,84,400,969,yes,81,100
2025-05-20T12:05:37.425627,KXBTCD-25MAY2016-T104999.99,DELTA,81,7100,84,400,970,no,8,2000
2025-05-20T12:05:37.426518,KXBTCD-25MAY2016-T104999.99,DELTA,81,7100,84,400,971,no,9,1250
2025-05-20T12:05:37.427101,KXBTCD-25MAY2016-T104999.99,DELTA,81,7100,84,400,972,no,11,1000
2025-05-20T12:05:37.747383,KXBTCD-25MAY2016-T104999.99,DELTA,82,20000,84,400,973,yes,82,20000
2025-05-20T12:05:37.748461,KXBTCD-25MAY2016-T104999.99,DELTA,82,21000,84,400,974,yes,82,1000
2025-05-20T12:05:37.846021,KXBTCD-25MAY2016-T104999.99,DELTA,82,22250,84,400,975,yes,82,1250
2025-05-20T12:05:38.009457,KXBTCD-25MAY2016-T104999.99,DELTA,82,22250,84,400,976,no,11,100
2025-05-20T12:05:38.625744,KXBTCD-25MAY2016-T104999.99,DELTA,82,22250,84,400,977,no,11,-100
2025-05-20T12:05:38.746351,KXBTCD-25MAY2016-T104999.99,DELTA,82,22250,84,400,978,no,14,-9
2025-05-20T12:05:38.747382,KXBTCD-25MAY2016-T104999.99,DELTA,82,22250,84,400,979,no,12,9
2025-05-20T12:05:39.358018,KXBTCD-25MAY2016-T104999.99,DELTA,82,22250,84,400,980,no,8,-500
2025-05-20T12:05:39.372257,KXBTCD-25MAY2016-T104999.99,DELTA,82,22250,84,400,981,no,8,-2000
2025-05-20T12:05:39.384889,KXBTCD-25MAY2016-T104999.99,DELTA,82,22250,84,400,982,no,11,-5000
2025-05-20T12:05:39.385504,KXBTCD-25MAY2016-T104999.99,DELTA,82,22250,84,400,983,no,9,5000
2025-05-20T12:05:39.386577,KXBTCD-25MAY2016-T104999.99,DELTA,82,22250,84,400,984,no,9,-1250
2025-05-20T12:05:39.426308,KXBTCD-25MAY2016-T104999.99,DELTA,82,22250,84,400,985,yes,81,-2000
2025-05-20T12:05:39.462905,KXBTCD-25MAY2016-T104999.99,DELTA,82,22250,84,400,986,yes,81,-5000
2025-05-20T12:05:39.463627,KXBTCD-25MAY2016-T104999.99,DELTA,83,5000,84,400,987,yes,83,5000
2025-05-20T12:05:39.474440,KXBTCD-25MAY2016-T104999.99,DELTA,83,5000,84,400,988,no,11,100
2025-05-20T12:05:39.505552,KXBTCD-25MAY2016-T104999.99,DELTA,83,5000,84,400,989,no,11,-1000
2025-05-20T12:05:39.505847,KXBTCD-25MAY2016-T104999.99,DELTA,83,5000,84,400,990,no,7,1250
2025-05-20T12:05:39.525246,KXBTCD-25MAY2016-T104999.99,DELTA,83,5000,84,400,991,no,7,2000
2025-05-20T12:05:39.526153,KXBTCD-25MAY2016-T104999.99,DELTA,83,5000,88,37,992,no,16,-400
2025-05-20T12:05:39.585684,KXBTCD-25MAY2016-T104999.99,DELTA,83,5000,88,37,993,no,9,20000
2025-05-20T12:05:39.586386,KXBTCD-25MAY2016-T104999.99,DELTA,83,5000,88,37,994,yes,82,2000
2025-05-20T12:05:39.626107,KXBTCD-25MAY2016-T104999.99,DELTA,83,5000,85,450,995,no,15,450
2025-05-20T12:05:39.646951,KXBTCD-25MAY2016-T104999.99,DELTA,83,5000,85,450,996,no,10,1000
2025-05-20T12:05:39.685444,KXBTCD-25MAY2016-T104999.99,DELTA,83,5000,85,450,997,yes,82,-20000
2025-05-20T12:05:39.704883,KXBTCD-25MAY2016-T104999.99,DELTA,83,5000,85,450,998,yes,82,-2000
2025-05-20T12:05:39.705118,KXBTCD-25MAY2016-T104999.99,DELTA,83,5000,85,450,999,yes,82,-1000
2025-05-20T12:05:39.724403,KXBTCD-25MAY2016-T104999.99,DELTA,83,5000,85,450,1000,yes,82,-1250
2025-05-20T12:05:39.885887,KXBTCD-25MAY2016-T104999.99,DELTA,84,20000,85,450,1001,yes,84,20000
2025-05-20T12:05:39.886592,KXBTCD-25MAY2016-T104999.99,DELTA,84,20000,85,450,1002,yes,83,1250
2025-05-20T12:05:39.887063,KXBTCD-25MAY2016-T104999.99,DELTA,84,21000,85,450,1003,yes,84,1000
2025-05-20T12:05:39.887726,KXBTCD-25MAY2016-T104999.99,DELTA,84,21000,85,450,1004,yes,81,2000
2025-05-20T12:05:40.563170,KXBTCD-25MAY2016-T104999.99,DELTA,84,21000,85,450,1005,yes,81,-100
2025-05-20T12:05:40.684889,KXBTCD-25MAY2016-T104999.99,DELTA,84,21000,85,450,1006,no,11,-100
2025-05-20T12:05:40.785298,KXBTCD-25MAY2016-T104999.99,DELTA,84,21000,85,450,1007,no,12,-9
2025-05-20T12:05:40.804476,KXBTCD-25MAY2016-T104999.99,DELTA,84,21000,85,450,1008,no,11,9
2025-05-20T12:05:41.705807,KXBTCD-25MAY2016-T104999.99,DELTA,84,21000,85,450,1009,no,9,-5000
2025-05-20T12:05:41.768380,KXBTCD-25MAY2016-T104999.99,DELTA,84,21000,85,450,1010,yes,83,-5000
2025-05-20T12:05:41.769127,KXBTCD-25MAY2016-T104999.99,DELTA,84,26000,85,450,1011,yes,84,5000
2025-05-20T12:05:41.786397,KXBTCD-25MAY2016-T104999.99,DELTA,84,26000,85,450,1012,yes,80,-400
2025-05-20T12:05:41.805283,KXBTCD-25MAY2016-T104999.99,DELTA,84,26000,85,450,1013,no,8,5000
2025-05-20T12:05:41.825609,KXBTCD-25MAY2016-T104999.99,DELTA,84,26000,85,450,1014,no,9,-20000
2025-05-20T12:05:41.826725,KXBTCD-25MAY2016-T104999.99,DELTA,84,26000,85,450,1015,no,10,-1000
2025-05-20T12:05:41.845759,KXBTCD-25MAY2016-T104999.99,DELTA,84,26000,85,450,1016,no,9,100
2025-05-20T12:05:41.846813,KXBTCD-25MAY2016-T104999.99,DELTA,84,26000,85,450,1017,yes,83,100
2025-05-20T12:05:41.865254,KXBTCD-25MAY2016-T104999.99,DELTA,84,26000,85,450,1018,yes,83,-1250
2025-05-20T12:05:41.925396,KXBTCD-25MAY2016-T104999.99,DELTA,84,26000,85,450,1019,no,7,-1250
2025-05-20T12:05:41.926321,KXBTCD-25MAY2016-T104999.99,DELTA,84,26000,85,450,1020,no,9,20000
2025-05-20T12:05:41.926553,KXBTCD-25MAY2016-T104999.99,DELTA,84,26000,85,450,1021,yes,82,250
2025-05-20T12:05:41.926724,KXBTCD-25MAY2016-T104999.99,DELTA,84,26000,85,450,1022,no,9,1000
2025-05-20T12:05:41.965129,KXBTCD-25MAY2016-T104999.99,DELTA,84,26000,85,450,1023,yes,81,1250
2025-05-20T12:05:42.125908,KXBTCD-25MAY2016-T104999.99,DELTA,84,26000,85,450,1024,no,8,1250
2025-05-20T12:05:42.165716,KXBTCD-25MAY2016-T104999.99,DELTA,84,26000,85,450,1025,yes,82,500
2025-05-20T12:05:42.166540,KXBTCD-25MAY2016-T104999.99,DELTA,84,26000,85,450,1026,yes,72,-500
2025-05-20T12:05:42.185779,KXBTCD-25MAY2016-T104999.99,DELTA,84,26000,85,450,1027,yes,81,-2000
2025-05-20T12:05:42.186618,KXBTCD-25MAY2016-T104999.99,DELTA,84,26000,85,450,1028,yes,81,-1250
2025-05-20T12:05:42.205789,KXBTCD-25MAY2016-T104999.99,DELTA,84,26000,85,450,1029,no,9,-1000
2025-05-20T12:05:42.246341,KXBTCD-25MAY2016-T104999.99,DELTA,84,26000,85,450,1030,yes,82,2000
2025-05-20T12:05:42.246598,KXBTCD-25MAY2016-T104999.99,DELTA,84,26000,85,450,1031,yes,83,1250
2025-05-20T12:05:42.266176,KXBTCD-25MAY2016-T104999.99,DELTA,84,26000,85,450,1032,no,10,1000
2025-05-20T12:05:42.445166,KXBTCD-25MAY2016-T104999.99,DELTA,84,26000,85,450,1033,no,9,-100
2025-05-20T12:05:42.544839,KXBTCD-25MAY2016-T104999.99,DELTA,84,26000,85,450,1034,no,10,-1000
2025-05-20T12:05:42.605023,KXBTCD-25MAY2016-T104999.99,DELTA,84,26000,85,450,1035,no,9,1000
2025-05-20T12:05:43.505979,KXBTCD-25MAY2016-T104999.99,DELTA,84,26000,85,450,1036,no,10,100
2025-05-20T12:05:43.585704,KXBTCD-25MAY2016-T104999.99,DELTA,84,26000,85,450,1037,no,9,-1000
2025-05-20T12:05:43.645867,KXBTCD-25MAY2016-T104999.99,DELTA,84,26000,85,450,1038,no,10,1000
2025-05-20T12:05:44.265559,KXBTCD-25MAY2016-T104999.99,DELTA,84,26000,88,28,1039,no,15,-450
2025-05-20T12:05:44.306518,KXBTCD-25MAY2016-T104999.99,DELTA,84,6000,88,28,1040,yes,84,-20000
2025-05-20T12:05:44.366283,KXBTCD-25MAY2016-T104999.99,DELTA,84,6000,88,28,1041,yes,82,-2000
2025-05-20T12:05:44.368138,KXBTCD-25MAY2016-T104999.99,DELTA,84,6000,88,28,1042,yes,83,-1250
2025-05-20T12:05:44.386150,KXBTCD-25MAY2016-T104999.99,DELTA,84,6000,88,28,1043,no,9,-20000
2025-05-20T12:05:44.386587,KXBTCD-25MAY2016-T104999.99,DELTA,84,6000,88,28,1044,no,7,-2000
2025-05-20T12:05:44.386846,KXBTCD-25MAY2016-T104999.99,DELTA,84,6000,86,400,1045,no,14,400
2025-05-20T12:05:44.404766,KXBTCD-25MAY2016-T104999.99,DELTA,84,6000,86,400,1046,no,10,-1000
2025-05-20T12:05:44.404987,KXBTCD-25MAY2016-T104999.99,DELTA,84,6000,86,400,1047,no,8,-1250
2025-05-20T12:05:44.527489,KXBTCD-25MAY2016-T104999.99,DELTA,84,6000,86,400,1048,no,7,2000
2025-05-20T12:05:44.527812,KXBTCD-25MAY2016-T104999.99,DELTA,84,6000,86,400,1049,no,10,1000
2025-05-20T12:05:44.545521,KXBTCD-25MAY2016-T104999.99,DELTA,84,6000,86,400,1050,no,8,1250
2025-05-20T12:05:44.545965,KXBTCD-25MAY2016-T104999.99,DELTA,84,26000,86,400,1051,yes,84,20000
2025-05-20T12:05:44.546322,KXBTCD-25MAY2016-T104999.99,DELTA,84,26000,86,400,1052,yes,82,2000
2025-05-20T12:05:44.546517,KXBTCD-25MAY2016-T104999.99,DELTA,84,26000,86,400,1053,yes,83,1250
2025-05-20T12:05:44.546849,KXBTCD-25MAY2016-T104999.99,DELTA,84,26000,86,400,1054,no,9,20000
2025-05-20T12:05:44.685199,KXBTCD-25MAY2016-T104999.99,DELTA,84,25000,86,400,1055,yes,84,-1000
2025-05-20T12:05:44.744799,KXBTCD-25MAY2016-T104999.99,DELTA,85,1000,86,400,1056,yes,85,1000
2025-05-20T12:05:48.845286,KXBTCD-25MAY2016-T104999.99,DELTA,85,1000,86,400,1057,yes,82,-250
2025-05-20T12:05:49.006401,KXBTCD-25MAY2016-T104999.99,DELTA,85,1000,86,400,1058,no,11,-9
2025-05-20T12:05:49.007457,KXBTCD-25MAY2016-T104999.99,DELTA,85,1000,86,400,1059,yes,84,-5000
2025-05-20T12:05:49.008050,KXBTCD-25MAY2016-T104999.99,DELTA,85,1000,86,400,1060,yes,83,5000
2025-05-20T12:05:49.107683,KXBTCD-25MAY2016-T104999.99,DELTA,85,1000,86,400,1061,no,8,-5000
2025-05-20T12:05:49.108636,KXBTCD-25MAY2016-T104999.99,DELTA,85,1000,86,400,1062,no,9,5000
2025-05-20T12:05:49.205975,KXBTCD-25MAY2016-T104999.99,DELTA,84,20000,86,400,1063,yes,85,-1000
2025-05-20T12:05:49.305469,KXBTCD-25MAY2016-T104999.99,DELTA,84,20000,86,400,1064,yes,81,350
2025-05-20T12:05:49.306862,KXBTCD-25MAY2016-T104999.99,DELTA,84,20000,86,400,1065,no,8,-1250
2025-05-20T12:05:49.487140,KXBTCD-25MAY2016-T104999.99,DELTA,84,21000,86,400,1066,yes,84,1000
2025-05-20T12:05:49.488987,KXBTCD-25MAY2016-T104999.99,DELTA,84,21000,86,400,1067,yes,72,500
2025-05-20T12:05:49.507141,KXBTCD-25MAY2016-T104999.99,DELTA,84,21000,86,400,1068,yes,82,-500
2025-05-20T12:05:49.508201,KXBTCD-25MAY2016-T104999.99,DELTA,84,21000,86,400,1069,no,7,1250
2025-05-20T12:05:49.509765,KXBTCD-25MAY2016-T104999.99,DELTA,84,21000,86,400,1070,no,9,-5000
2025-05-20T12:05:49.510547,KXBTCD-25MAY2016-T104999.99,DELTA,84,21000,86,400,1071,no,8,5000
2025-05-20T12:05:49.609315,KXBTCD-25MAY2016-T104999.99,DELTA,84,21000,86,400,1072,yes,83,-5000
2025-05-20T12:05:49.610353,KXBTCD-25MAY2016-T104999.99,DELTA,84,26000,86,400,1073,yes,84,5000
2025-05-20T12:05:49.805148,KXBTCD-25MAY2016-T104999.99,DELTA,84,26000,86,400,1074,no,7,-1250
