timestamp,market_ticker,type,yes_bid_price_cents,yes_bid_qty,yes_ask_price_cents,yes_ask_qty_on_no_side,sequence_num,delta_side,delta_price_cents,delta_quantity
2025-05-21T17:02:31.447939,KXBTCD-25MAY2121-T109249.99,SNAPSHOT,69,1024,75,69,1,,,
2025-05-21T17:02:32.079595,KXBTCD-25MAY2121-T109249.99,DELTA,69,1024,75,69,2,yes,68,-100
2025-05-21T17:02:32.179011,KXBTCD-25MAY2121-T109249.99,DELTA,69,24,75,69,3,yes,69,-1000
2025-05-21T17:02:32.197413,KXBTCD-25MAY2121-T109249.99,DELTA,69,24,75,69,4,no,15,9
2025-05-21T17:02:32.399286,KXBTCD-25MAY2121-T109249.99,DELTA,69,24,75,69,5,yes,63,1000
2025-05-21T17:02:32.399905,KXBTCD-25MAY2121-T109249.99,DELTA,69,24,75,69,6,no,7,-9
2025-05-21T17:02:32.599005,KXBTCD-25MAY2121-T109249.99,DELTA,69,24,75,69,7,yes,62,-69
2025-05-21T17:02:32.599313,KXBTCD-25MAY2121-T109249.99,DELTA,69,24,75,69,8,yes,64,69
2025-05-21T17:02:32.777971,KXBTCD-25MAY2121-T109249.99,DELTA,69,24,75,69,9,yes,63,-1000
2025-05-21T17:02:32.899011,KXBTCD-25MAY2121-T109249.99,DELTA,69,24,75,69,10,yes,65,1000
2025-05-21T17:02:33.379617,KXBTCD-25MAY2121-T109249.99,DELTA,69,24,75,69,11,yes,16,-8000
2025-05-21T17:02:33.500293,KXBTCD-25MAY2121-T109249.99,DELTA,69,24,75,69,12,yes,18,8000
2025-05-21T17:02:33.699153,KXBTCD-25MAY2121-T109249.99,DELTA,69,24,75,69,13,yes,68,100
2025-05-21T17:02:33.799325,KXBTCD-25MAY2121-T109249.99,DELTA,69,24,75,69,14,yes,17,-1905
2025-05-21T17:02:33.799996,KXBTCD-25MAY2121-T109249.99,DELTA,69,24,75,69,15,yes,19,1705
2025-05-21T17:02:33.898909,KXBTCD-25MAY2121-T109249.99,DELTA,69,24,75,69,16,yes,65,-1000
2025-05-21T17:02:33.979211,KXBTCD-25MAY2121-T109249.99,DELTA,69,1024,75,69,17,yes,69,1000
2025-05-21T17:02:35.064941,KXBTCD-25MAY2121-T109249.99,DELTA,69,1024,76,100,18,no,25,-69
2025-05-21T17:02:35.066441,KXBTCD-25MAY2121-T109249.99,DELTA,69,1024,76,169,19,no,24,69
2025-05-21T17:02:35.298387,KXBTCD-25MAY2121-T109249.99,DELTA,69,1024,76,169,20,yes,64,-69
2025-05-21T17:02:35.299318,KXBTCD-25MAY2121-T109249.99,DELTA,69,1024,76,169,21,yes,65,69
2025-05-21T17:02:35.300649,KXBTCD-25MAY2121-T109249.99,DELTA,69,1024,76,169,22,yes,68,-100
2025-05-21T17:02:35.479216,KXBTCD-25MAY2121-T109249.99,DELTA,69,24,76,169,23,yes,69,-1000
2025-05-21T17:02:35.578086,KXBTCD-25MAY2121-T109249.99,DELTA,69,24,76,169,24,yes,66,1000
2025-05-21T17:02:36.239153,KXBTCD-25MAY2121-T109249.99,DELTA,69,124,76,169,25,yes,69,100
2025-05-21T17:02:36.299744,KXBTCD-25MAY2121-T109249.99,DELTA,69,124,76,169,26,yes,66,-1000
2025-05-21T17:02:36.539394,KXBTCD-25MAY2121-T109249.99,DELTA,69,100,76,169,27,yes,69,-24
2025-05-21T17:02:36.541006,KXBTCD-25MAY2121-T109249.99,DELTA,70,24,76,169,28,yes,70,24
2025-05-21T17:02:36.557894,KXBTCD-25MAY2121-T109249.99,DELTA,70,24,76,169,29,no,12,24
2025-05-21T17:02:36.558669,KXBTCD-25MAY2121-T109249.99,DELTA,70,24,76,169,30,no,14,-24
2025-05-21T17:02:36.780195,KXBTCD-25MAY2121-T109249.99,DELTA,70,1024,76,169,31,yes,70,1000
2025-05-21T17:02:40.397694,KXBTCD-25MAY2121-T109249.99,DELTA,70,1024,76,169,32,yes,69,-100
2025-05-21T17:02:40.397993,KXBTCD-25MAY2121-T109249.99,DELTA,70,1024,76,69,33,no,24,-100
2025-05-21T17:02:40.466143,KXBTCD-25MAY2121-T109249.99,DELTA,70,24,76,69,34,yes,70,-1000
2025-05-21T17:02:40.519386,KXBTCD-25MAY2121-T109249.99,DELTA,70,24,76,69,35,yes,66,1000
2025-05-21T17:02:40.520026,KXBTCD-25MAY2121-T109249.99,DELTA,70,24,76,69,36,no,13,9
2025-05-21T17:02:40.520183,KXBTCD-25MAY2121-T109249.99,DELTA,70,24,76,69,37,no,15,-9
2025-05-21T17:02:41.338999,KXBTCD-25MAY2121-T109249.99,DELTA,70,124,76,69,38,yes,70,100
2025-05-21T17:02:41.359685,KXBTCD-25MAY2121-T109249.99,DELTA,70,124,76,69,39,no,22,100
2025-05-21T17:02:41.418010,KXBTCD-25MAY2121-T109249.99,DELTA,70,124,76,69,40,yes,66,-1000
2025-05-21T17:02:41.459469,KXBTCD-25MAY2121-T109249.99,DELTA,71,1000,76,69,41,yes,71,1000
2025-05-21T17:02:41.557974,KXBTCD-25MAY2121-T109249.99,DELTA,71,1000,76,69,42,no,22,-100
2025-05-21T17:02:42.680087,KXBTCD-25MAY2121-T109249.99,DELTA,71,1000,76,69,43,no,23,100
2025-05-21T17:02:45.078575,KXBTCD-25MAY2121-T109249.99,DELTA,71,1000,77,100,44,no,24,-69
2025-05-21T17:02:45.078865,KXBTCD-25MAY2121-T109249.99,DELTA,71,1000,77,169,45,no,23,69
2025-05-21T17:02:45.079182,KXBTCD-25MAY2121-T109249.99,DELTA,71,1000,77,169,46,yes,70,-24
2025-05-21T17:02:45.079257,KXBTCD-25MAY2121-T109249.99,DELTA,72,24,77,169,47,yes,72,24
2025-05-21T17:02:45.079326,KXBTCD-25MAY2121-T109249.99,DELTA,72,24,77,169,48,no,12,-24
2025-05-21T17:02:45.079393,KXBTCD-25MAY2121-T109249.99,DELTA,72,24,77,169,49,no,11,24
2025-05-21T17:02:45.096211,KXBTCD-25MAY2121-T109249.99,DELTA,72,24,77,169,50,yes,18,-8000
2025-05-21T17:02:45.159600,KXBTCD-25MAY2121-T109249.99,DELTA,72,24,77,169,51,no,6,-3000
2025-05-21T17:02:45.219972,KXBTCD-25MAY2121-T109249.99,DELTA,72,24,77,169,52,no,2,3000
2025-05-21T17:02:45.220197,KXBTCD-25MAY2121-T109249.99,DELTA,72,24,77,169,53,no,13,-9
2025-05-21T17:02:45.220594,KXBTCD-25MAY2121-T109249.99,DELTA,72,24,77,169,54,no,12,9
2025-05-21T17:02:45.220700,KXBTCD-25MAY2121-T109249.99,DELTA,72,24,77,169,55,yes,25,8000
2025-05-21T17:02:45.719355,KXBTCD-25MAY2121-T109249.99,DELTA,72,24,77,69,56,no,23,-100
2025-05-21T17:02:45.739644,KXBTCD-25MAY2121-T109249.99,DELTA,72,24,77,69,57,yes,70,-100
2025-05-21T17:02:45.817944,KXBTCD-25MAY2121-T109249.99,DELTA,72,24,77,69,58,yes,65,-69
2025-05-21T17:02:45.818711,KXBTCD-25MAY2121-T109249.99,DELTA,72,24,77,69,59,yes,66,69
2025-05-21T17:02:45.858312,KXBTCD-25MAY2121-T109249.99,DELTA,72,24,77,69,60,yes,19,-1705
2025-05-21T17:02:45.859244,KXBTCD-25MAY2121-T109249.99,DELTA,72,24,77,69,61,yes,26,1246
2025-05-21T17:02:45.878333,KXBTCD-25MAY2121-T109249.99,DELTA,72,24,77,69,62,yes,71,-1000
2025-05-21T17:02:45.917820,KXBTCD-25MAY2121-T109249.99,DELTA,72,24,77,69,63,yes,67,1000
2025-05-21T17:02:46.119802,KXBTCD-25MAY2121-T109249.99,DELTA,67,1000,77,69,64,yes,72,-24
2025-05-21T17:02:46.120547,KXBTCD-25MAY2121-T109249.99,DELTA,74,24,77,69,65,yes,74,24
2025-05-21T17:02:46.120916,KXBTCD-25MAY2121-T109249.99,DELTA,74,24,77,69,66,no,11,-24
2025-05-21T17:02:46.121159,KXBTCD-25MAY2121-T109249.99,DELTA,74,24,77,69,67,no,9,24
2025-05-21T17:02:46.837129,KXBTCD-25MAY2121-T109249.99,DELTA,74,24,77,69,68,yes,26,-1246
2025-05-21T17:02:46.837426,KXBTCD-25MAY2121-T109249.99,DELTA,74,24,77,69,69,yes,25,1296
2025-05-21T17:02:46.879340,KXBTCD-25MAY2121-T109249.99,DELTA,74,24,88,9,70,no,23,-69
2025-05-21T17:02:46.879672,KXBTCD-25MAY2121-T109249.99,DELTA,74,24,78,69,71,no,22,69
2025-05-21T17:02:46.977379,KXBTCD-25MAY2121-T109249.99,DELTA,74,24,78,69,72,yes,68,9
2025-05-21T17:02:46.977676,KXBTCD-25MAY2121-T109249.99,DELTA,74,24,78,69,73,no,10,9
2025-05-21T17:02:46.997164,KXBTCD-25MAY2121-T109249.99,DELTA,74,24,78,69,74,no,12,-9
2025-05-21T17:02:47.638422,KXBTCD-25MAY2121-T109249.99,DELTA,74,24,78,69,75,yes,66,-69
2025-05-21T17:02:47.640034,KXBTCD-25MAY2121-T109249.99,DELTA,74,24,78,69,76,yes,67,69
2025-05-21T17:02:47.697618,KXBTCD-25MAY2121-T109249.99,DELTA,74,24,78,69,77,yes,67,-1000
2025-05-21T17:02:47.759014,KXBTCD-25MAY2121-T109249.99,DELTA,74,24,78,69,78,yes,68,1000
2025-05-21T17:02:48.298804,KXBTCD-25MAY2121-T109249.99,DELTA,74,24,78,69,79,yes,25,-1296
2025-05-21T17:02:48.299094,KXBTCD-25MAY2121-T109249.99,DELTA,74,24,78,69,80,yes,6,5400
2025-05-21T17:02:48.359038,KXBTCD-25MAY2121-T109249.99,DELTA,74,24,78,69,81,yes,5,-20000
2025-05-21T17:02:48.421533,KXBTCD-25MAY2121-T109249.99,DELTA,74,24,78,69,82,yes,7,20000
2025-05-21T17:02:48.539010,KXBTCD-25MAY2121-T109249.99,DELTA,74,24,78,69,83,yes,68,-9
2025-05-21T17:02:48.618338,KXBTCD-25MAY2121-T109249.99,DELTA,74,24,78,69,84,yes,69,9
2025-05-21T17:02:48.638363,KXBTCD-25MAY2121-T109249.99,DELTA,74,24,90,9,85,no,22,-69
2025-05-21T17:02:48.638603,KXBTCD-25MAY2121-T109249.99,DELTA,74,24,80,69,86,no,20,69
2025-05-21T17:02:49.459324,KXBTCD-25MAY2121-T109249.99,DELTA,74,24,80,69,87,yes,73,100
2025-05-21T17:02:49.479298,KXBTCD-25MAY2121-T109249.99,DELTA,74,24,80,69,88,no,19,100
2025-05-21T17:02:49.518747,KXBTCD-25MAY2121-T109249.99,DELTA,74,24,80,69,89,yes,68,-1000
2025-05-21T17:02:49.597960,KXBTCD-25MAY2121-T109249.99,DELTA,74,1024,80,69,90,yes,74,1000
2025-05-21T17:02:50.219159,KXBTCD-25MAY2121-T109249.99,DELTA,74,1024,80,69,91,yes,67,-69
2025-05-21T17:02:50.220295,KXBTCD-25MAY2121-T109249.99,DELTA,74,1024,80,69,92,yes,69,69
2025-05-21T17:02:50.339172,KXBTCD-25MAY2121-T109249.99,DELTA,74,1024,80,69,93,yes,69,-9
2025-05-21T17:02:51.517304,KXBTCD-25MAY2121-T109249.99,DELTA,74,1024,80,69,94,no,19,-100
2025-05-21T17:02:52.779173,KXBTCD-25MAY2121-T109249.99,DELTA,74,1024,80,169,95,no,20,100
2025-05-21T17:02:54.178233,KXBTCD-25MAY2121-T109249.99,DELTA,75,24,80,169,96,yes,75,24
2025-05-21T17:02:54.178881,KXBTCD-25MAY2121-T109249.99,DELTA,75,24,80,169,97,yes,74,-24
2025-05-21T17:02:54.198923,KXBTCD-25MAY2121-T109249.99,DELTA,75,24,80,169,98,no,9,-24
2025-05-21T17:02:54.200212,KXBTCD-25MAY2121-T109249.99,DELTA,75,24,80,169,99,no,7,24
2025-05-21T17:02:54.419000,KXBTCD-25MAY2121-T109249.99,DELTA,75,24,80,169,100,no,10,-9
2025-05-21T17:02:54.419638,KXBTCD-25MAY2121-T109249.99,DELTA,75,24,80,169,101,no,8,9
2025-05-21T17:02:54.617906,KXBTCD-25MAY2121-T109249.99,DELTA,75,24,80,169,102,yes,6,-5400
2025-05-21T17:02:54.618393,KXBTCD-25MAY2121-T109249.99,DELTA,75,24,80,169,103,yes,8,4050
2025-05-21T17:02:54.676970,KXBTCD-25MAY2121-T109249.99,DELTA,75,24,80,169,104,yes,7,-20000
2025-05-21T17:02:54.720470,KXBTCD-25MAY2121-T109249.99,DELTA,75,24,80,169,105,yes,9,20000
2025-05-21T17:02:54.742949,KXBTCD-25MAY2121-T109249.99,DELTA,75,24,80,100,106,no,20,-69
2025-05-21T17:02:54.743389,KXBTCD-25MAY2121-T109249.99,DELTA,75,24,80,100,107,no,19,69
2025-05-21T17:02:55.480062,KXBTCD-25MAY2121-T109249.99,DELTA,75,24,80,100,108,yes,69,-69
2025-05-21T17:02:55.480323,KXBTCD-25MAY2121-T109249.99,DELTA,75,24,80,100,109,yes,70,69
2025-05-21T17:02:56.357963,KXBTCD-25MAY2121-T109249.99,DELTA,75,24,81,69,110,no,20,-100
2025-05-21T17:02:56.358445,KXBTCD-25MAY2121-T109249.99,DELTA,75,24,81,69,111,yes,73,-100
2025-05-21T17:02:56.518120,KXBTCD-25MAY2121-T109249.99,DELTA,75,24,81,69,112,yes,74,-1000
2025-05-21T17:02:56.538545,KXBTCD-25MAY2121-T109249.99,DELTA,75,24,81,69,113,yes,71,1000
2025-05-21T17:02:56.698648,KXBTCD-25MAY2121-T109249.99,DELTA,75,24,81,69,114,yes,8,-4050
2025-05-21T17:02:56.699603,KXBTCD-25MAY2121-T109249.99,DELTA,75,24,81,69,115,yes,26,1246
2025-05-21T17:02:56.777604,KXBTCD-25MAY2121-T109249.99,DELTA,75,24,81,69,116,yes,9,-20000
2025-05-21T17:02:56.817773,KXBTCD-25MAY2121-T109249.99,DELTA,75,24,81,69,117,yes,5,20000
2025-05-21T17:02:57.499637,KXBTCD-25MAY2121-T109249.99,DELTA,75,24,81,69,118,yes,73,100
2025-05-21T17:02:57.520691,KXBTCD-25MAY2121-T109249.99,DELTA,75,24,81,169,119,no,19,100
2025-05-21T17:02:57.581487,KXBTCD-25MAY2121-T109249.99,DELTA,75,24,81,169,120,yes,71,-1000
2025-05-21T17:02:57.637867,KXBTCD-25MAY2121-T109249.99,DELTA,75,24,81,169,121,yes,74,1000
2025-05-21T17:02:58.157866,KXBTCD-25MAY2121-T109249.99,DELTA,75,24,81,169,122,yes,70,-69
2025-05-21T17:02:58.158363,KXBTCD-25MAY2121-T109249.99,DELTA,75,24,81,169,123,yes,69,69
2025-05-21T17:02:58.718061,KXBTCD-25MAY2121-T109249.99,DELTA,75,24,81,100,124,no,19,-69
2025-05-21T17:02:58.718325,KXBTCD-25MAY2121-T109249.99,DELTA,75,24,80,69,125,no,20,69
2025-05-21T17:03:01.580464,KXBTCD-25MAY2121-T109249.99,DELTA,75,24,80,69,126,no,19,-100
2025-05-21T17:03:02.040494,KXBTCD-25MAY2121-T109249.99,DELTA,75,24,80,69,127,yes,74,24
2025-05-21T17:03:02.040993,KXBTCD-25MAY2121-T109249.99,DELTA,74,1024,80,69,128,yes,75,-24
2025-05-21T17:03:02.041143,KXBTCD-25MAY2121-T109249.99,DELTA,74,1024,80,69,129,no,9,24
2025-05-21T17:03:02.058242,KXBTCD-25MAY2121-T109249.99,DELTA,74,1024,80,69,130,no,7,-24
2025-05-21T17:03:02.757211,KXBTCD-25MAY2121-T109249.99,DELTA,74,1024,80,169,131,no,20,100
2025-05-21T17:03:02.878545,KXBTCD-25MAY2121-T109249.99,DELTA,74,1024,80,169,132,no,8,-9
2025-05-21T17:03:02.958478,KXBTCD-25MAY2121-T109249.99,DELTA,74,1024,80,169,133,no,10,9
2025-05-21T17:03:03.377674,KXBTCD-25MAY2121-T109249.99,DELTA,74,1024,80,169,134,yes,69,-69
2025-05-21T17:03:03.377985,KXBTCD-25MAY2121-T109249.99,DELTA,74,1024,80,169,135,yes,68,69
2025-05-21T17:03:03.900025,KXBTCD-25MAY2121-T109249.99,DELTA,74,1024,80,169,136,yes,73,-100
2025-05-21T17:03:03.981428,KXBTCD-25MAY2121-T109249.99,DELTA,74,24,80,169,137,yes,74,-1000
2025-05-21T17:03:04.017174,KXBTCD-25MAY2121-T109249.99,DELTA,74,24,80,169,138,yes,69,1000
2025-05-21T17:03:04.118092,KXBTCD-25MAY2121-T109249.99,DELTA,74,24,80,69,139,no,20,-100
2025-05-21T17:03:04.137749,KXBTCD-25MAY2121-T109249.99,DELTA,74,24,90,9,140,no,20,-69
2025-05-21T17:03:04.138293,KXBTCD-25MAY2121-T109249.99,DELTA,74,24,79,69,141,no,21,69
2025-05-21T17:03:05.103786,KXBTCD-25MAY2121-T109249.99,DELTA,74,24,79,169,142,no,21,100
2025-05-21T17:03:05.119035,KXBTCD-25MAY2121-T109249.99,DELTA,74,24,79,169,143,yes,71,100
2025-05-21T17:03:05.219829,KXBTCD-25MAY2121-T109249.99,DELTA,74,24,79,169,144,yes,70,9
2025-05-21T17:03:05.259823,KXBTCD-25MAY2121-T109249.99,DELTA,74,24,79,169,145,yes,69,-1000
2025-05-21T17:03:05.297772,KXBTCD-25MAY2121-T109249.99,DELTA,74,24,79,169,146,yes,72,1000
2025-05-21T17:03:07.418612,KXBTCD-25MAY2121-T109249.99,DELTA,74,24,79,169,147,yes,71,-100
2025-05-21T17:03:07.579666,KXBTCD-25MAY2121-T109249.99,DELTA,74,24,79,169,148,yes,72,-1000
2025-05-21T17:03:07.616786,KXBTCD-25MAY2121-T109249.99,DELTA,74,24,79,169,149,yes,69,1000
2025-05-21T17:03:07.817052,KXBTCD-25MAY2121-T109249.99,DELTA,74,24,79,169,150,yes,70,-9
2025-05-21T17:03:08.398401,KXBTCD-25MAY2121-T109249.99,DELTA,74,24,79,169,151,yes,72,100
2025-05-21T17:03:08.497880,KXBTCD-25MAY2121-T109249.99,DELTA,74,24,79,169,152,yes,69,-1000
2025-05-21T17:03:08.580606,KXBTCD-25MAY2121-T109249.99,DELTA,74,24,79,169,153,yes,73,1000
2025-05-21T17:03:10.064782,KXBTCD-25MAY2121-T109249.99,DELTA,74,24,79,169,154,yes,26,-1246
2025-05-21T17:03:16.740924,KXBTCD-25MAY2121-T109249.99,DELTA,74,24,79,169,155,yes,26,1246
2025-05-21T17:03:20.417745,KXBTCD-25MAY2121-T109249.99,DELTA,74,24,79,169,156,yes,72,-100
2025-05-21T17:03:20.436618,KXBTCD-25MAY2121-T109249.99,DELTA,74,24,79,69,157,no,21,-100
2025-05-21T17:03:20.477229,KXBTCD-25MAY2121-T109249.99,DELTA,74,24,79,69,158,yes,73,-1000
2025-05-21T17:03:20.557622,KXBTCD-25MAY2121-T109249.99,DELTA,74,24,79,69,159,yes,69,1000
2025-05-21T17:03:22.056876,KXBTCD-25MAY2121-T109249.99,DELTA,74,24,90,9,160,no,21,-69
2025-05-21T17:03:22.057086,KXBTCD-25MAY2121-T109249.99,DELTA,74,24,80,69,161,no,20,69
2025-05-21T17:03:22.157746,KXBTCD-25MAY2121-T109249.99,DELTA,74,24,80,69,162,yes,73,100
2025-05-21T17:03:22.157975,KXBTCD-25MAY2121-T109249.99,DELTA,74,24,80,69,163,no,19,100
2025-05-21T17:03:22.218984,KXBTCD-25MAY2121-T109249.99,DELTA,74,24,80,69,164,yes,69,-1000
2025-05-21T17:03:22.237882,KXBTCD-25MAY2121-T109249.99,DELTA,74,24,80,69,165,yes,70,9
2025-05-21T17:03:22.276641,KXBTCD-25MAY2121-T109249.99,DELTA,74,1024,80,69,166,yes,74,1000
2025-05-21T17:03:22.297447,KXBTCD-25MAY2121-T109249.99,DELTA,74,1024,80,69,167,no,19,1000
2025-05-21T17:03:22.598795,KXBTCD-25MAY2121-T109249.99,DELTA,74,1024,80,69,168,no,19,-1000
2025-05-21T17:03:22.668296,KXBTCD-25MAY2121-T109249.99,DELTA,74,1024,80,1069,169,no,20,1000
2025-05-21T17:03:22.897503,KXBTCD-25MAY2121-T109249.99,DELTA,74,1024,80,1069,170,yes,68,-69
2025-05-21T17:03:22.897902,KXBTCD-25MAY2121-T109249.99,DELTA,74,1024,80,1069,171,yes,69,69
2025-05-21T17:03:23.019219,KXBTCD-25MAY2121-T109249.99,DELTA,74,1024,80,69,172,no,20,-1000
2025-05-21T17:03:23.041440,KXBTCD-25MAY2121-T109249.99,DELTA,74,1024,80,69,173,yes,70,-9
2025-05-21T17:03:23.059179,KXBTCD-25MAY2121-T109249.99,DELTA,74,1024,80,69,174,no,10,-9
2025-05-21T17:03:23.059351,KXBTCD-25MAY2121-T109249.99,DELTA,74,1024,79,1000,175,no,21,1000
2025-05-21T17:03:23.358362,KXBTCD-25MAY2121-T109249.99,DELTA,74,1024,79,1000,176,no,19,-100
2025-05-21T17:03:23.981072,KXBTCD-25MAY2121-T109249.99,DELTA,74,1024,79,1000,177,yes,69,-69
2025-05-21T17:03:23.981533,KXBTCD-25MAY2121-T109249.99,DELTA,74,1024,79,1000,178,yes,68,69
2025-05-21T17:03:24.056614,KXBTCD-25MAY2121-T109249.99,DELTA,74,1024,79,1000,179,yes,73,-100
2025-05-21T17:03:24.120469,KXBTCD-25MAY2121-T109249.99,DELTA,74,24,79,1000,180,yes,74,-1000
2025-05-21T17:03:24.177504,KXBTCD-25MAY2121-T109249.99,DELTA,74,24,79,1000,181,yes,69,1000
2025-05-21T17:03:24.456382,KXBTCD-25MAY2121-T109249.99,DELTA,74,24,79,1000,182,no,20,100
2025-05-21T17:03:24.838117,KXBTCD-25MAY2121-T109249.99,DELTA,74,24,79,1000,183,no,20,-69
2025-05-21T17:03:24.838788,KXBTCD-25MAY2121-T109249.99,DELTA,74,24,79,1069,184,no,21,69
2025-05-21T17:03:24.959489,KXBTCD-25MAY2121-T109249.99,DELTA,74,24,79,1069,185,yes,70,9
2025-05-21T17:03:25.119333,KXBTCD-25MAY2121-T109249.99,DELTA,74,24,79,1069,186,yes,71,100
2025-05-21T17:03:25.198692,KXBTCD-25MAY2121-T109249.99,DELTA,74,24,79,1069,187,yes,69,-1000
2025-05-21T17:03:25.479412,KXBTCD-25MAY2121-T109249.99,DELTA,74,24,79,1069,188,yes,72,1000
2025-05-21T17:03:25.498412,KXBTCD-25MAY2121-T109249.99,DELTA,74,24,79,1069,189,yes,71,-100
2025-05-21T17:03:25.597763,KXBTCD-25MAY2121-T109249.99,DELTA,74,24,79,1069,190,yes,72,-1000
2025-05-21T17:03:25.777631,KXBTCD-25MAY2121-T109249.99,DELTA,74,24,79,1069,191,yes,69,1000
2025-05-21T17:03:25.799335,KXBTCD-25MAY2121-T109249.99,DELTA,74,24,79,1069,192,yes,70,-9
2025-05-21T17:03:25.799422,KXBTCD-25MAY2121-T109249.99,DELTA,74,24,79,1069,193,yes,69,9
2025-05-21T17:03:26.379999,KXBTCD-25MAY2121-T109249.99,DELTA,74,24,79,1069,194,yes,72,100
2025-05-21T17:03:27.569594,KXBTCD-25MAY2121-T109249.99,DELTA,74,24,79,1069,195,yes,69,-1000
2025-05-21T17:03:27.570193,KXBTCD-25MAY2121-T109249.99,DELTA,74,24,79,1069,196,yes,69,-9
2025-05-21T17:03:27.571708,KXBTCD-25MAY2121-T109249.99,DELTA,74,24,79,1069,197,no,20,-100
2025-05-21T17:03:27.572488,KXBTCD-25MAY2121-T109249.99,DELTA,74,24,79,1069,198,yes,73,1000
2025-05-21T17:03:27.898831,KXBTCD-25MAY2121-T109249.99,DELTA,74,24,79,1069,199,yes,69,9
2025-05-21T17:03:28.178602,KXBTCD-25MAY2121-T109249.99,DELTA,74,24,79,1069,200,yes,68,-69
2025-05-21T17:03:28.179186,KXBTCD-25MAY2121-T109249.99,DELTA,74,24,79,1069,201,yes,67,69
2025-05-21T17:03:28.298336,KXBTCD-25MAY2121-T109249.99,DELTA,74,24,79,69,202,no,21,-1000
2025-05-21T17:03:28.381293,KXBTCD-25MAY2121-T109249.99,DELTA,74,24,78,1000,203,no,22,1000
2025-05-21T17:03:28.770403,KXBTCD-25MAY2121-T109249.99,DELTA,74,24,78,1000,204,no,21,100
2025-05-21T17:03:28.799037,KXBTCD-25MAY2121-T109249.99,DELTA,74,24,79,169,205,no,22,-1000
2025-05-21T17:03:28.979152,KXBTCD-25MAY2121-T109249.99,DELTA,74,24,79,1169,206,no,21,1000
2025-05-21T17:03:28.979742,KXBTCD-25MAY2121-T109249.99,DELTA,74,24,79,1100,207,no,21,-69
2025-05-21T17:03:28.980083,KXBTCD-25MAY2121-T109249.99,DELTA,74,24,78,69,208,no,22,69
2025-05-21T17:03:28.980329,KXBTCD-25MAY2121-T109249.99,DELTA,74,24,78,69,209,yes,69,-9
2025-05-21T17:03:29.641151,KXBTCD-25MAY2121-T109249.99,DELTA,74,24,78,69,210,no,21,-1000
2025-05-21T17:03:29.759861,KXBTCD-25MAY2121-T109249.99,DELTA,74,24,78,69,211,no,10,9
2025-05-21T17:03:29.760277,KXBTCD-25MAY2121-T109249.99,DELTA,74,24,78,1069,212,no,22,1000
2025-05-21T17:03:29.938802,KXBTCD-25MAY2121-T109249.99,DELTA,74,24,78,1069,213,yes,73,-1000
2025-05-21T17:03:29.939244,KXBTCD-25MAY2121-T109249.99,DELTA,74,24,78,69,214,no,22,-1000
2025-05-21T17:03:29.998381,KXBTCD-25MAY2121-T109249.99,DELTA,74,24,77,1000,215,no,23,1000
2025-05-21T17:03:29.999101,KXBTCD-25MAY2121-T109249.99,DELTA,74,24,77,1000,216,yes,72,1000
2025-05-21T17:03:30.040918,KXBTCD-25MAY2121-T109249.99,DELTA,72,1100,77,1000,217,yes,74,-24
2025-05-21T17:03:30.041615,KXBTCD-25MAY2121-T109249.99,DELTA,72,1124,77,1000,218,yes,72,24
2025-05-21T17:03:30.058982,KXBTCD-25MAY2121-T109249.99,DELTA,72,1124,77,1000,219,no,10,24
2025-05-21T17:03:30.059492,KXBTCD-25MAY2121-T109249.99,DELTA,72,1124,77,1000,220,no,9,-24
2025-05-21T17:03:30.300211,KXBTCD-25MAY2121-T109249.99,DELTA,72,124,77,1000,221,yes,72,-1000
2025-05-21T17:03:30.338321,KXBTCD-25MAY2121-T109249.99,DELTA,72,124,77,1000,222,yes,68,1000
2025-05-21T17:03:31.078593,KXBTCD-25MAY2121-T109249.99,DELTA,72,24,77,1000,223,yes,72,-100
2025-05-21T17:03:31.079374,KXBTCD-25MAY2121-T109249.99,DELTA,72,24,77,1000,224,no,21,-100
2025-05-21T17:03:31.197803,KXBTCD-25MAY2121-T109249.99,DELTA,72,24,77,1000,225,no,10,-9
2025-05-21T17:03:31.736846,KXBTCD-25MAY2121-T109249.99,DELTA,72,24,77,1000,226,yes,67,-69
2025-05-21T17:03:31.737091,KXBTCD-25MAY2121-T109249.99,DELTA,72,24,77,1000,227,yes,66,69
2025-05-21T17:03:31.799059,KXBTCD-25MAY2121-T109249.99,DELTA,72,24,77,1000,228,yes,68,-1000
2025-05-21T17:03:31.838127,KXBTCD-25MAY2121-T109249.99,DELTA,72,24,77,1000,229,yes,67,1000
2025-05-21T17:03:31.978066,KXBTCD-25MAY2121-T109249.99,DELTA,72,24,77,1000,230,yes,68,9
2025-05-21T17:03:32.417608,KXBTCD-25MAY2121-T109249.99,DELTA,72,24,77,1000,231,no,22,-69
2025-05-21T17:03:32.418750,KXBTCD-25MAY2121-T109249.99,DELTA,72,24,77,1069,232,no,23,69
2025-05-21T17:03:32.498318,KXBTCD-25MAY2121-T109249.99,DELTA,72,24,77,69,233,no,23,-1000
2025-05-21T17:03:32.719241,KXBTCD-25MAY2121-T109249.99,DELTA,72,24,76,1000,234,no,24,1000
2025-05-21T17:03:32.920292,KXBTCD-25MAY2121-T109249.99,DELTA,72,24,76,1000,235,yes,71,24
2025-05-21T17:03:32.920600,KXBTCD-25MAY2121-T109249.99,DELTA,71,24,76,1000,236,yes,72,-24
2025-05-21T17:03:32.920724,KXBTCD-25MAY2121-T109249.99,DELTA,71,24,76,1000,237,no,10,-24
2025-05-21T17:03:32.920814,KXBTCD-25MAY2121-T109249.99,DELTA,71,24,76,1000,238,no,12,24
2025-05-21T17:03:33.321716,KXBTCD-25MAY2121-T109249.99,DELTA,71,24,76,1000,239,no,23,100
2025-05-21T17:03:33.338240,KXBTCD-25MAY2121-T109249.99,DELTA,71,24,76,1000,240,yes,69,100
2025-05-21T17:03:33.418181,KXBTCD-25MAY2121-T109249.99,DELTA,71,24,76,1000,241,yes,67,-1000
2025-05-21T17:03:33.478097,KXBTCD-25MAY2121-T109249.99,DELTA,71,24,76,1000,242,yes,70,1000
2025-05-21T17:03:33.599232,KXBTCD-25MAY2121-T109249.99,DELTA,71,24,76,1000,243,yes,68,-9
2025-05-21T17:03:33.739277,KXBTCD-25MAY2121-T109249.99,DELTA,71,24,76,999,244,no,24,-1
2025-05-21T17:03:35.040733,KXBTCD-25MAY2121-T109249.99,DELTA,71,24,76,999,245,no,23,-100
2025-05-21T17:03:35.423577,KXBTCD-25MAY2121-T109249.99,DELTA,71,24,76,999,246,yes,66,-69
2025-05-21T17:03:35.424726,KXBTCD-25MAY2121-T109249.99,DELTA,71,24,76,999,247,yes,65,69
2025-05-21T17:03:35.858947,KXBTCD-25MAY2121-T109249.99,DELTA,71,24,77,69,248,no,24,-999
2025-05-21T17:03:35.859696,KXBTCD-25MAY2121-T109249.99,DELTA,71,24,77,169,249,no,23,100
2025-05-21T17:03:35.937714,KXBTCD-25MAY2121-T109249.99,DELTA,71,24,77,1169,250,no,23,1000
2025-05-21T17:03:35.998506,KXBTCD-25MAY2121-T109249.99,DELTA,71,24,77,1169,251,no,13,9
2025-05-21T17:03:36.238792,KXBTCD-25MAY2121-T109249.99,DELTA,71,24,77,1100,252,no,23,-69
2025-05-21T17:03:36.238974,KXBTCD-25MAY2121-T109249.99,DELTA,71,24,76,69,253,no,24,69
2025-05-21T17:03:37.737860,KXBTCD-25MAY2121-T109249.99,DELTA,71,24,76,69,254,no,23,-1000
2025-05-21T17:03:37.797718,KXBTCD-25MAY2121-T109249.99,DELTA,71,24,76,69,255,no,23,1000
2025-05-21T17:03:38.418828,KXBTCD-25MAY2121-T109249.99,DELTA,71,24,76,69,256,no,23,-1000
2025-05-21T17:03:38.457054,KXBTCD-25MAY2121-T109249.99,DELTA,71,24,76,1069,257,no,24,1000
2025-05-21T17:03:38.659303,KXBTCD-25MAY2121-T109249.99,DELTA,71,24,76,69,258,no,24,-1000
2025-05-21T17:03:38.717940,KXBTCD-25MAY2121-T109249.99,DELTA,71,24,76,69,259,no,23,1000
2025-05-21T17:03:38.777132,KXBTCD-25MAY2121-T109249.99,DELTA,71,24,77,1100,260,no,24,-69
2025-05-21T17:03:38.777787,KXBTCD-25MAY2121-T109249.99,DELTA,71,24,77,1169,261,no,23,69
2025-05-21T17:03:38.978375,KXBTCD-25MAY2121-T109249.99,DELTA,71,24,77,169,262,no,23,-1000
2025-05-21T17:03:38.997751,KXBTCD-25MAY2121-T109249.99,DELTA,71,24,77,169,263,yes,65,-69
2025-05-21T17:03:38.998410,KXBTCD-25MAY2121-T109249.99,DELTA,71,24,77,169,264,yes,66,69
2025-05-21T17:03:39.061260,KXBTCD-25MAY2121-T109249.99,DELTA,71,24,76,1000,265,no,24,1000
2025-05-21T17:03:40.097854,KXBTCD-25MAY2121-T109249.99,DELTA,71,24,76,1000,266,no,23,-100
2025-05-21T17:03:40.198170,KXBTCD-25MAY2121-T109249.99,DELTA,71,24,76,1000,267,no,13,-9
2025-05-21T17:03:40.440484,KXBTCD-25MAY2121-T109249.99,DELTA,71,24,76,1000,268,yes,66,-69
2025-05-21T17:03:40.440998,KXBTCD-25MAY2121-T109249.99,DELTA,71,24,76,1000,269,yes,65,69
2025-05-21T17:03:40.922355,KXBTCD-25MAY2121-T109249.99,DELTA,71,24,76,1000,270,no,23,-69
2025-05-21T17:03:40.923561,KXBTCD-25MAY2121-T109249.99,DELTA,71,24,76,1069,271,no,24,69
2025-05-21T17:03:41.238782,KXBTCD-25MAY2121-T109249.99,DELTA,71,24,76,69,272,no,24,-1000
2025-05-21T17:03:41.497238,KXBTCD-25MAY2121-T109249.99,DELTA,71,24,76,69,273,no,23,100
2025-05-21T17:03:41.564484,KXBTCD-25MAY2121-T109249.99,DELTA,71,24,76,69,274,no,23,1000
2025-05-21T17:03:41.761891,KXBTCD-25MAY2121-T109249.99,DELTA,71,24,76,69,275,no,23,-1000
2025-05-21T17:03:41.897401,KXBTCD-25MAY2121-T109249.99,DELTA,71,24,76,69,276,no,13,9
2025-05-21T17:03:42.039341,KXBTCD-25MAY2121-T109249.99,DELTA,71,24,76,69,277,yes,69,-100
2025-05-21T17:03:42.120849,KXBTCD-25MAY2121-T109249.99,DELTA,71,24,76,69,278,yes,70,-1000
2025-05-21T17:03:42.177975,KXBTCD-25MAY2121-T109249.99,DELTA,71,24,76,69,279,yes,66,1000
2025-05-21T17:03:43.070510,KXBTCD-25MAY2121-T109249.99,DELTA,71,24,76,69,280,yes,70,100
2025-05-21T17:03:43.098946,KXBTCD-25MAY2121-T109249.99,DELTA,71,24,76,69,281,yes,66,-1000
2025-05-21T17:03:43.117981,KXBTCD-25MAY2121-T109249.99,DELTA,71,24,76,69,282,yes,67,9
2025-05-21T17:03:43.158474,KXBTCD-25MAY2121-T109249.99,DELTA,71,1024,76,69,283,yes,71,1000
2025-05-21T17:03:43.458113,KXBTCD-25MAY2121-T109249.99,DELTA,71,1024,77,100,284,no,24,-69
2025-05-21T17:03:43.458457,KXBTCD-25MAY2121-T109249.99,DELTA,71,1024,77,169,285,no,23,69
2025-05-21T17:03:44.277641,KXBTCD-25MAY2121-T109249.99,DELTA,72,24,77,169,286,yes,72,24
2025-05-21T17:03:44.278178,KXBTCD-25MAY2121-T109249.99,DELTA,72,24,77,169,287,yes,71,-24
2025-05-21T17:03:44.278579,KXBTCD-25MAY2121-T109249.99,DELTA,72,24,77,169,288,no,12,-24
2025-05-21T17:03:44.278748,KXBTCD-25MAY2121-T109249.99,DELTA,72,24,77,169,289,no,10,24
2025-05-21T17:03:44.425622,KXBTCD-25MAY2121-T109249.99,DELTA,72,24,77,169,290,yes,65,-69
2025-05-21T17:03:44.427057,KXBTCD-25MAY2121-T109249.99,DELTA,72,24,77,169,291,yes,66,69
2025-05-21T17:03:44.428119,KXBTCD-25MAY2121-T109249.99,DELTA,72,24,77,169,292,yes,67,-9
2025-05-21T17:03:45.956970,KXBTCD-25MAY2121-T109249.99,DELTA,72,24,77,1169,293,no,23,1000
2025-05-21T17:03:46.016924,KXBTCD-25MAY2121-T109249.99,DELTA,72,24,77,169,294,no,23,-1000
2025-05-21T17:03:46.118866,KXBTCD-25MAY2121-T109249.99,DELTA,72,24,77,169,295,no,13,-9
2025-05-21T17:03:47.382296,KXBTCD-25MAY2121-T109249.99,DELTA,72,24,77,100,296,no,23,-69
2025-05-21T17:03:47.382503,KXBTCD-25MAY2121-T109249.99,DELTA,72,24,77,100,297,no,22,69
2025-05-21T17:03:47.617345,KXBTCD-25MAY2121-T109249.99,DELTA,72,24,77,100,298,no,11,9
2025-05-21T17:03:47.638083,KXBTCD-25MAY2121-T109249.99,DELTA,72,24,77,100,299,yes,66,-69
2025-05-21T17:03:47.638460,KXBTCD-25MAY2121-T109249.99,DELTA,72,24,77,100,300,yes,67,69
2025-05-21T17:03:49.258366,KXBTCD-25MAY2121-T109249.99,DELTA,72,24,77,100,301,yes,67,-69
2025-05-21T17:03:49.258545,KXBTCD-25MAY2121-T109249.99,DELTA,72,24,77,100,302,yes,66,69
2025-05-21T17:03:49.456602,KXBTCD-25MAY2121-T109249.99,DELTA,72,24,77,100,303,no,22,-69
2025-05-21T17:03:49.456799,KXBTCD-25MAY2121-T109249.99,DELTA,72,24,77,169,304,no,23,69
2025-05-21T17:03:51.277242,KXBTCD-25MAY2121-T109249.99,DELTA,72,24,77,1169,305,no,23,1000
2025-05-21T17:03:51.337710,KXBTCD-25MAY2121-T109249.99,DELTA,72,24,77,169,306,no,23,-1000
2025-05-21T17:03:51.397114,KXBTCD-25MAY2121-T109249.99,DELTA,72,24,77,169,307,no,11,-9
2025-05-21T17:03:51.538454,KXBTCD-25MAY2121-T109249.99,DELTA,72,24,77,1169,308,no,23,1000
2025-05-21T17:03:52.877689,KXBTCD-25MAY2121-T109249.99,DELTA,72,24,77,169,309,no,23,-1000
2025-05-21T17:03:52.923876,KXBTCD-25MAY2121-T109249.99,DELTA,72,24,77,169,310,yes,71,24
2025-05-21T17:03:52.924433,KXBTCD-25MAY2121-T109249.99,DELTA,71,1024,77,169,311,yes,72,-24
2025-05-21T17:03:52.924839,KXBTCD-25MAY2121-T109249.99,DELTA,71,1024,76,1000,312,no,24,1000
2025-05-21T17:03:52.925199,KXBTCD-25MAY2121-T109249.99,DELTA,71,1024,76,1000,313,no,10,-24
2025-05-21T17:03:52.925542,KXBTCD-25MAY2121-T109249.99,DELTA,71,1024,76,1000,314,no,12,24
2025-05-21T17:03:53.017508,KXBTCD-25MAY2121-T109249.99,DELTA,71,1024,76,1000,315,no,11,9
2025-05-21T17:03:53.959520,KXBTCD-25MAY2121-T109249.99,DELTA,71,24,76,1000,316,yes,71,-1000
2025-05-21T17:03:54.017560,KXBTCD-25MAY2121-T109249.99,DELTA,71,24,76,1000,317,yes,70,1000
2025-05-21T17:03:54.077568,KXBTCD-25MAY2121-T109249.99,DELTA,71,24,76,1000,318,no,11,-9
2025-05-21T17:03:54.077805,KXBTCD-25MAY2121-T109249.99,DELTA,71,24,76,1000,319,yes,67,9
2025-05-21T17:03:54.239321,KXBTCD-25MAY2121-T109249.99,DELTA,71,24,76,1000,320,yes,66,-69
2025-05-21T17:03:54.240501,KXBTCD-25MAY2121-T109249.99,DELTA,71,24,76,1000,321,yes,65,69
2025-05-21T17:03:54.897270,KXBTCD-25MAY2121-T109249.99,DELTA,71,24,76,1000,322,no,23,-100
2025-05-21T17:03:54.897464,KXBTCD-25MAY2121-T109249.99,DELTA,71,24,76,1000,323,yes,70,-100
2025-05-21T17:03:54.980675,KXBTCD-25MAY2121-T109249.99,DELTA,71,24,76,1000,324,yes,70,-1000
2025-05-21T17:03:54.997756,KXBTCD-25MAY2121-T109249.99,DELTA,71,24,76,1000,325,no,23,-69
2025-05-21T17:03:54.997921,KXBTCD-25MAY2121-T109249.99,DELTA,71,24,76,1069,326,no,24,69
2025-05-21T17:03:55.018199,KXBTCD-25MAY2121-T109249.99,DELTA,71,24,76,1069,327,yes,67,-9
2025-05-21T17:03:55.060776,KXBTCD-25MAY2121-T109249.99,DELTA,71,24,76,1069,328,yes,66,1000
2025-05-21T17:03:55.061027,KXBTCD-25MAY2121-T109249.99,DELTA,71,24,76,69,329,no,24,-1000
2025-05-21T17:03:55.118166,KXBTCD-25MAY2121-T109249.99,DELTA,71,24,75,1000,330,no,25,1000
2025-05-21T17:03:55.317719,KXBTCD-25MAY2121-T109249.99,DELTA,71,24,76,69,331,no,25,-1000
2025-05-21T17:03:55.377960,KXBTCD-25MAY2121-T109249.99,DELTA,71,24,76,1069,332,no,24,1000
2025-05-21T17:03:55.858409,KXBTCD-25MAY2121-T109249.99,DELTA,71,24,76,1169,333,no,24,100
2025-05-21T17:03:55.859175,KXBTCD-25MAY2121-T109249.99,DELTA,71,24,76,1169,334,yes,68,100
2025-05-21T17:03:55.939585,KXBTCD-25MAY2121-T109249.99,DELTA,71,24,76,1169,335,yes,66,-1000
2025-05-21T17:03:55.997808,KXBTCD-25MAY2121-T109249.99,DELTA,71,24,76,1169,336,yes,69,1000
2025-05-21T17:03:56.640921,KXBTCD-25MAY2121-T109249.99,DELTA,71,24,76,169,337,no,24,-1000
2025-05-21T17:03:56.698468,KXBTCD-25MAY2121-T109249.99,DELTA,71,24,75,1000,338,no,25,1000
2025-05-21T17:03:56.757746,KXBTCD-25MAY2121-T109249.99,DELTA,71,24,75,1000,339,no,13,9
2025-05-21T17:03:57.857956,KXBTCD-25MAY2121-T109249.99,DELTA,71,24,76,169,340,no,25,-1000
2025-05-21T17:03:58.056439,KXBTCD-25MAY2121-T109249.99,DELTA,71,24,76,1169,341,no,24,1000
2025-05-21T17:03:59.437032,KXBTCD-25MAY2121-T109249.99,DELTA,71,24,76,1169,342,yes,68,-100
2025-05-21T17:03:59.497089,KXBTCD-25MAY2121-T109249.99,DELTA,71,24,76,1169,343,yes,69,-1000
2025-05-21T17:03:59.538027,KXBTCD-25MAY2121-T109249.99,DELTA,71,24,76,1169,344,no,13,-9
2025-05-21T17:03:59.538175,KXBTCD-25MAY2121-T109249.99,DELTA,71,24,76,1169,345,yes,66,1000
2025-05-21T17:03:59.977821,KXBTCD-25MAY2121-T109249.99,DELTA,71,24,76,169,346,no,24,-1000
2025-05-21T17:04:00.020238,KXBTCD-25MAY2121-T109249.99,DELTA,71,24,76,1169,347,no,24,1000
2025-05-21T17:04:00.237126,KXBTCD-25MAY2121-T109249.99,DELTA,71,24,76,169,348,no,24,-1000
2025-05-21T17:04:00.297656,KXBTCD-25MAY2121-T109249.99,DELTA,71,24,76,1169,349,no,24,1000
2025-05-21T17:04:00.358707,KXBTCD-25MAY2121-T109249.99,DELTA,71,24,76,1169,350,yes,67,9
2025-05-21T17:04:00.358916,KXBTCD-25MAY2121-T109249.99,DELTA,71,24,76,1169,351,no,13,9
2025-05-21T17:04:00.437925,KXBTCD-25MAY2121-T109249.99,DELTA,71,24,76,1169,352,yes,69,100
2025-05-21T17:04:00.518905,KXBTCD-25MAY2121-T109249.99,DELTA,71,24,76,1169,353,yes,66,-1000
2025-05-21T17:04:00.558202,KXBTCD-25MAY2121-T109249.99,DELTA,71,24,76,1169,354,yes,70,1000
2025-05-21T17:04:01.217106,KXBTCD-25MAY2121-T109249.99,DELTA,71,24,76,169,355,no,24,-1000
2025-05-21T17:04:01.619008,KXBTCD-25MAY2121-T109249.99,DELTA,71,24,76,169,356,yes,67,-9
2025-05-21T17:04:02.698465,KXBTCD-25MAY2121-T109249.99,DELTA,71,24,76,1169,357,no,24,1000
2025-05-21T17:04:02.976879,KXBTCD-25MAY2121-T109249.99,DELTA,71,24,76,169,358,no,24,-1000
2025-05-21T17:04:03.038094,KXBTCD-25MAY2121-T109249.99,DELTA,71,24,76,169,359,no,13,-9
2025-05-21T17:04:04.618925,KXBTCD-25MAY2121-T109249.99,DELTA,71,24,76,1169,360,no,24,1000
2025-05-21T17:04:05.777691,KXBTCD-25MAY2121-T109249.99,DELTA,71,24,76,169,361,no,24,-1000
2025-05-21T17:04:05.899472,KXBTCD-25MAY2121-T109249.99,DELTA,72,24,76,169,362,yes,72,24
2025-05-21T17:04:05.899860,KXBTCD-25MAY2121-T109249.99,DELTA,72,24,76,169,363,yes,71,-24
2025-05-21T17:04:05.900093,KXBTCD-25MAY2121-T109249.99,DELTA,72,24,76,169,364,no,11,24
2025-05-21T17:04:05.900398,KXBTCD-25MAY2121-T109249.99,DELTA,72,24,76,169,365,no,13,9
2025-05-21T17:04:05.918026,KXBTCD-25MAY2121-T109249.99,DELTA,72,24,76,169,366,no,12,-24
2025-05-21T17:04:06.297302,KXBTCD-25MAY2121-T109249.99,DELTA,72,24,76,69,367,no,24,-100
2025-05-21T17:04:06.298113,KXBTCD-25MAY2121-T109249.99,DELTA,72,24,76,69,368,yes,69,-100
2025-05-21T17:04:06.357823,KXBTCD-25MAY2121-T109249.99,DELTA,72,24,76,69,369,yes,70,-1000
2025-05-21T17:04:06.417597,KXBTCD-25MAY2121-T109249.99,DELTA,72,24,76,69,370,yes,66,1000
2025-05-21T17:04:06.577206,KXBTCD-25MAY2121-T109249.99,DELTA,72,24,87,9,371,no,24,-69
2025-05-21T17:04:06.577572,KXBTCD-25MAY2121-T109249.99,DELTA,72,24,78,69,372,no,22,69
2025-05-21T17:04:06.718660,KXBTCD-25MAY2121-T109249.99,DELTA,72,24,78,69,373,yes,67,9
2025-05-21T17:04:06.739163,KXBTCD-25MAY2121-T109249.99,DELTA,72,24,78,69,374,no,13,-9
2025-05-21T17:04:06.739736,KXBTCD-25MAY2121-T109249.99,DELTA,72,24,78,69,375,no,12,9
2025-05-21T17:04:07.477763,KXBTCD-25MAY2121-T109249.99,DELTA,72,24,78,69,376,yes,70,100
2025-05-21T17:04:07.497788,KXBTCD-25MAY2121-T109249.99,DELTA,72,24,78,169,377,no,22,100
2025-05-21T17:04:07.537738,KXBTCD-25MAY2121-T109249.99,DELTA,72,24,78,169,378,yes,66,-1000
2025-05-21T17:04:07.697849,KXBTCD-25MAY2121-T109249.99,DELTA,72,24,78,169,379,yes,71,1000
2025-05-21T17:04:08.058625,KXBTCD-25MAY2121-T109249.99,DELTA,72,24,78,169,380,yes,65,-69
2025-05-21T17:04:08.059419,KXBTCD-25MAY2121-T109249.99,DELTA,72,24,78,169,381,yes,67,69
2025-05-21T17:04:08.777782,KXBTCD-25MAY2121-T109249.99,DELTA,72,24,78,169,382,yes,70,-100
2025-05-21T17:04:08.860519,KXBTCD-25MAY2121-T109249.99,DELTA,72,24,78,169,383,yes,71,-1000
2025-05-21T17:04:08.897313,KXBTCD-25MAY2121-T109249.99,DELTA,72,24,78,169,384,yes,67,-9
2025-05-21T17:04:09.438348,KXBTCD-25MAY2121-T109249.99,DELTA,72,24,78,169,385,yes,68,1000
2025-05-21T17:04:09.680387,KXBTCD-25MAY2121-T109249.99,DELTA,72,24,78,169,386,yes,71,100
2025-05-21T17:04:09.760183,KXBTCD-25MAY2121-T109249.99,DELTA,72,24,78,169,387,yes,68,-1000
2025-05-21T17:04:09.797957,KXBTCD-25MAY2121-T109249.99,DELTA,72,1024,78,169,388,yes,72,1000
2025-05-21T17:04:10.339020,KXBTCD-25MAY2121-T109249.99,DELTA,72,1000,78,169,389,yes,72,-24
2025-05-21T17:04:10.339122,KXBTCD-25MAY2121-T109249.99,DELTA,74,24,78,169,390,yes,74,24
2025-05-21T17:04:10.340353,KXBTCD-25MAY2121-T109249.99,DELTA,74,24,78,169,391,no,11,-24
2025-05-21T17:04:10.358116,KXBTCD-25MAY2121-T109249.99,DELTA,74,24,78,169,392,no,9,24
2025-05-21T17:04:10.419535,KXBTCD-25MAY2121-T109249.99,DELTA,74,24,78,169,393,yes,71,-100
2025-05-21T17:04:10.419647,KXBTCD-25MAY2121-T109249.99,DELTA,74,24,78,69,394,no,22,-100
2025-05-21T17:04:10.499065,KXBTCD-25MAY2121-T109249.99,DELTA,74,24,78,69,395,yes,72,-1000
2025-05-21T17:04:10.538418,KXBTCD-25MAY2121-T109249.99,DELTA,74,24,78,69,396,yes,68,1000
2025-05-21T17:04:10.620663,KXBTCD-25MAY2121-T109249.99,DELTA,74,24,78,69,397,no,12,-9
2025-05-21T17:04:10.621290,KXBTCD-25MAY2121-T109249.99,DELTA,74,24,78,69,398,yes,68,9
2025-05-21T17:04:10.622353,KXBTCD-25MAY2121-T109249.99,DELTA,74,24,78,69,399,no,10,9
2025-05-21T17:04:10.699764,KXBTCD-25MAY2121-T109249.99,DELTA,74,24,90,9,400,no,22,-69
2025-05-21T17:04:10.700384,KXBTCD-25MAY2121-T109249.99,DELTA,74,24,79,69,401,no,21,69
2025-05-21T17:04:11.998405,KXBTCD-25MAY2121-T109249.99,DELTA,74,24,79,69,402,yes,67,-69
2025-05-21T17:04:11.998761,KXBTCD-25MAY2121-T109249.99,DELTA,74,24,79,69,403,yes,68,69
2025-05-21T17:04:12.057615,KXBTCD-25MAY2121-T109249.99,DELTA,74,24,79,69,404,yes,68,-1000
2025-05-21T17:04:12.098269,KXBTCD-25MAY2121-T109249.99,DELTA,74,24,79,69,405,yes,69,1000
2025-05-21T17:04:12.118511,KXBTCD-25MAY2121-T109249.99,DELTA,74,24,79,69,406,yes,68,-9
2025-05-21T17:04:12.119311,KXBTCD-25MAY2121-T109249.99,DELTA,74,24,79,69,407,yes,69,9
2025-05-21T17:04:12.537787,KXBTCD-25MAY2121-T109249.99,DELTA,74,24,79,69,408,yes,72,100
2025-05-21T17:04:12.538132,KXBTCD-25MAY2121-T109249.99,DELTA,74,24,79,69,409,no,20,100
2025-05-21T17:04:12.597662,KXBTCD-25MAY2121-T109249.99,DELTA,74,24,79,69,410,yes,69,-1000
2025-05-21T17:04:12.659405,KXBTCD-25MAY2121-T109249.99,DELTA,74,24,79,69,411,yes,73,1000
2025-05-21T17:04:13.497720,KXBTCD-25MAY2121-T109249.99,DELTA,74,24,79,69,412,no,20,-100
2025-05-21T17:04:13.618672,KXBTCD-25MAY2121-T109249.99,DELTA,74,24,79,69,413,yes,69,-9
2025-05-21T17:04:15.098692,KXBTCD-25MAY2121-T109249.99,DELTA,74,24,79,69,414,no,19,100
2025-05-21T17:04:15.174833,KXBTCD-25MAY2121-T109249.99,DELTA,74,24,79,69,415,yes,72,-100
2025-05-21T17:04:15.218553,KXBTCD-25MAY2121-T109249.99,DELTA,74,24,79,69,416,yes,73,-1000
2025-05-21T17:04:15.279765,KXBTCD-25MAY2121-T109249.99,DELTA,74,24,79,69,417,yes,69,1000
2025-05-21T17:04:16.337720,KXBTCD-25MAY2121-T109249.99,DELTA,74,24,79,69,418,yes,73,100
2025-05-21T17:04:16.397219,KXBTCD-25MAY2121-T109249.99,DELTA,74,24,79,69,419,yes,69,-1000
2025-05-21T17:04:16.438278,KXBTCD-25MAY2121-T109249.99,DELTA,74,1024,79,69,420,yes,74,1000
2025-05-21T17:04:16.457457,KXBTCD-25MAY2121-T109249.99,DELTA,74,1024,79,69,421,yes,70,9
2025-05-21T17:04:16.859507,KXBTCD-25MAY2121-T109249.99,DELTA,74,1024,81,100,422,no,21,-69
2025-05-21T17:04:16.860319,KXBTCD-25MAY2121-T109249.99,DELTA,74,1024,80,69,423,no,20,69
2025-05-21T17:04:17.917902,KXBTCD-25MAY2121-T109249.99,DELTA,74,1024,80,69,424,yes,68,-69
2025-05-21T17:04:17.918298,KXBTCD-25MAY2121-T109249.99,DELTA,74,1024,80,69,425,yes,69,69
2025-05-21T17:04:18.018365,KXBTCD-25MAY2121-T109249.99,DELTA,74,1024,80,69,426,yes,70,-9
2025-05-21T17:04:20.117795,KXBTCD-25MAY2121-T109249.99,DELTA,74,1024,80,69,427,yes,73,-100
2025-05-21T17:04:20.199635,KXBTCD-25MAY2121-T109249.99,DELTA,74,24,80,69,428,yes,74,-1000
2025-05-21T17:04:20.257915,KXBTCD-25MAY2121-T109249.99,DELTA,74,24,80,69,429,yes,70,1000
2025-05-21T17:04:20.837971,KXBTCD-25MAY2121-T109249.99,DELTA,70,1000,80,69,430,yes,74,-24
2025-05-21T17:04:20.838110,KXBTCD-25MAY2121-T109249.99,DELTA,75,24,80,69,431,yes,75,24
2025-05-21T17:04:20.858100,KXBTCD-25MAY2121-T109249.99,DELTA,75,24,80,69,432,no,9,-24
2025-05-21T17:04:20.858188,KXBTCD-25MAY2121-T109249.99,DELTA,75,24,80,69,433,no,7,24
2025-05-21T17:04:20.858253,KXBTCD-25MAY2121-T109249.99,DELTA,75,24,81,100,434,no,20,-69
2025-05-21T17:04:20.858310,KXBTCD-25MAY2121-T109249.99,DELTA,75,24,81,169,435,no,19,69
2025-05-21T17:04:21.438416,KXBTCD-25MAY2121-T109249.99,DELTA,75,24,81,169,436,yes,74,100
2025-05-21T17:04:21.577183,KXBTCD-25MAY2121-T109249.99,DELTA,75,24,81,169,437,no,8,9
2025-05-21T17:04:21.577288,KXBTCD-25MAY2121-T109249.99,DELTA,75,24,81,169,438,yes,71,9
2025-05-21T17:04:21.597576,KXBTCD-25MAY2121-T109249.99,DELTA,75,24,81,169,439,no,10,-9
2025-05-21T17:04:21.616718,KXBTCD-25MAY2121-T109249.99,DELTA,75,24,81,169,440,yes,70,-1000
2025-05-21T17:04:21.616831,KXBTCD-25MAY2121-T109249.99,DELTA,75,24,81,169,441,yes,69,-69
2025-05-21T17:04:21.616896,KXBTCD-25MAY2121-T109249.99,DELTA,75,24,81,169,442,yes,70,69
2025-05-21T17:04:21.677714,KXBTCD-25MAY2121-T109249.99,DELTA,75,1024,81,169,443,yes,75,1000
2025-05-21T17:04:22.324464,KXBTCD-25MAY2121-T109249.99,DELTA,75,1024,81,100,444,no,19,-69
2025-05-21T17:04:22.324593,KXBTCD-25MAY2121-T109249.99,DELTA,75,1024,81,100,445,no,18,69
2025-05-21T17:04:22.397900,KXBTCD-25MAY2121-T109249.99,DELTA,75,1024,81,100,446,yes,71,-9
2025-05-21T17:04:22.456475,KXBTCD-25MAY2121-T109249.99,DELTA,75,1024,81,100,447,yes,74,-100
2025-05-21T17:04:22.456602,KXBTCD-25MAY2121-T109249.99,DELTA,75,1024,82,69,448,no,19,-100
2025-05-21T17:04:22.581141,KXBTCD-25MAY2121-T109249.99,DELTA,75,24,82,69,449,yes,75,-1000
2025-05-21T17:04:22.639689,KXBTCD-25MAY2121-T109249.99,DELTA,75,24,82,69,450,yes,71,1000
2025-05-21T17:04:23.897106,KXBTCD-25MAY2121-T109249.99,DELTA,75,24,82,69,451,yes,70,-69
2025-05-21T17:04:23.897245,KXBTCD-25MAY2121-T109249.99,DELTA,75,24,82,69,452,yes,71,69
2025-05-21T17:04:23.999228,KXBTCD-25MAY2121-T109249.99,DELTA,75,24,82,69,453,yes,71,-1000
2025-05-21T17:04:24.177532,KXBTCD-25MAY2121-T109249.99,DELTA,75,24,82,69,454,yes,72,1000
2025-05-21T17:04:24.798162,KXBTCD-25MAY2121-T109249.99,DELTA,75,24,82,69,455,no,17,100
2025-05-21T17:04:24.897511,KXBTCD-25MAY2121-T109249.99,DELTA,75,24,82,69,456,yes,74,100
2025-05-21T17:04:25.078301,KXBTCD-25MAY2121-T109249.99,DELTA,75,24,82,69,457,yes,72,-1000
2025-05-21T17:04:25.078413,KXBTCD-25MAY2121-T109249.99,DELTA,75,24,82,69,458,no,17,1000
2025-05-21T17:04:25.197809,KXBTCD-25MAY2121-T109249.99,DELTA,75,1024,82,69,459,yes,75,1000
2025-05-21T17:04:25.577380,KXBTCD-25MAY2121-T109249.99,DELTA,75,1024,82,69,460,no,17,-100
2025-05-21T17:04:25.599230,KXBTCD-25MAY2121-T109249.99,DELTA,75,1024,82,69,461,yes,71,-69
2025-05-21T17:04:25.599427,KXBTCD-25MAY2121-T109249.99,DELTA,75,1024,82,69,462,yes,70,69
2025-05-21T17:04:25.777274,KXBTCD-25MAY2121-T109249.99,DELTA,75,1024,82,69,463,no,17,-1000
2025-05-21T17:04:25.777428,KXBTCD-25MAY2121-T109249.99,DELTA,75,1024,82,69,464,no,8,-9
2025-05-21T17:04:26.697972,KXBTCD-25MAY2121-T109249.99,DELTA,75,1024,82,169,465,no,18,100
2025-05-21T17:04:26.781525,KXBTCD-25MAY2121-T109249.99,DELTA,75,1024,82,100,466,no,18,-69
2025-05-21T17:04:26.781662,KXBTCD-25MAY2121-T109249.99,DELTA,75,1024,81,69,467,no,19,69
2025-05-21T17:04:26.817713,KXBTCD-25MAY2121-T109249.99,DELTA,75,1024,81,69,468,no,8,9
2025-05-21T17:04:30.317609,KXBTCD-25MAY2121-T109249.99,DELTA,75,1024,81,69,469,yes,74,-100
2025-05-21T17:04:30.378517,KXBTCD-25MAY2121-T109249.99,DELTA,75,24,81,69,470,yes,75,-1000
2025-05-21T17:04:30.436921,KXBTCD-25MAY2121-T109249.99,DELTA,75,24,81,69,471,yes,71,1000
2025-05-21T17:04:30.658877,KXBTCD-25MAY2121-T109249.99,DELTA,75,24,82,100,472,no,19,-69
2025-05-21T17:04:30.659773,KXBTCD-25MAY2121-T109249.99,DELTA,75,24,82,169,473,no,18,69
2025-05-21T17:04:31.408152,KXBTCD-25MAY2121-T109249.99,DELTA,75,24,82,169,474,yes,70,-69
2025-05-21T17:04:31.408426,KXBTCD-25MAY2121-T109249.99,DELTA,75,24,82,169,475,yes,71,69
2025-05-21T17:04:31.477697,KXBTCD-25MAY2121-T109249.99,DELTA,75,24,82,169,476,yes,71,-1000
2025-05-21T17:04:31.497811,KXBTCD-25MAY2121-T109249.99,DELTA,75,124,82,169,477,yes,75,100
2025-05-21T17:04:31.577530,KXBTCD-25MAY2121-T109249.99,DELTA,75,124,82,169,478,yes,72,1000
2025-05-21T17:04:31.639740,KXBTCD-25MAY2121-T109249.99,DELTA,75,124,82,169,479,yes,72,-1000
2025-05-21T17:04:31.737118,KXBTCD-25MAY2121-T109249.99,DELTA,76,1000,82,169,480,yes,76,1000
2025-05-21T17:04:32.358646,KXBTCD-25MAY2121-T109249.99,DELTA,76,1000,82,169,481,yes,75,-100
2025-05-21T17:04:32.358881,KXBTCD-25MAY2121-T109249.99,DELTA,76,1000,82,69,482,no,18,-100
2025-05-21T17:04:32.639805,KXBTCD-25MAY2121-T109249.99,DELTA,75,24,82,69,483,yes,76,-1000
2025-05-21T17:04:32.799640,KXBTCD-25MAY2121-T109249.99,DELTA,75,24,82,69,484,yes,72,1000
2025-05-21T17:04:33.276518,KXBTCD-25MAY2121-T109249.99,DELTA,75,124,82,69,485,yes,75,100
2025-05-21T17:04:33.276716,KXBTCD-25MAY2121-T109249.99,DELTA,75,124,82,69,486,no,17,100
2025-05-21T17:04:33.397047,KXBTCD-25MAY2121-T109249.99,DELTA,75,124,82,69,487,yes,72,-1000
2025-05-21T17:04:33.517517,KXBTCD-25MAY2121-T109249.99,DELTA,76,1000,82,69,488,yes,76,1000
2025-05-21T17:04:35.258189,KXBTCD-25MAY2121-T109249.99,DELTA,76,1000,82,69,489,no,17,-100
2025-05-21T17:04:36.057324,KXBTCD-25MAY2121-T109249.99,DELTA,76,1000,82,169,490,no,18,100
2025-05-21T17:04:38.057116,KXBTCD-25MAY2121-T109249.99,DELTA,76,1000,82,169,491,yes,71,-69
2025-05-21T17:04:38.057294,KXBTCD-25MAY2121-T109249.99,DELTA,76,1000,82,169,492,yes,70,69
2025-05-21T17:04:38.181140,KXBTCD-25MAY2121-T109249.99,DELTA,76,1000,82,100,493,no,18,-69
2025-05-21T17:04:38.181313,KXBTCD-25MAY2121-T109249.99,DELTA,76,1000,81,69,494,no,19,69
2025-05-21T17:04:40.236242,KXBTCD-25MAY2121-T109249.99,DELTA,76,1000,82,100,495,no,19,-69
2025-05-21T17:04:40.236442,KXBTCD-25MAY2121-T109249.99,DELTA,76,1000,82,169,496,no,18,69
2025-05-21T17:04:40.396677,KXBTCD-25MAY2121-T109249.99,DELTA,76,1000,82,169,497,yes,70,-69
2025-05-21T17:04:40.396855,KXBTCD-25MAY2121-T109249.99,DELTA,76,1000,82,169,498,yes,71,69
2025-05-21T17:04:44.496457,KXBTCD-25MAY2121-T109249.99,DELTA,76,1000,82,169,499,yes,71,-69
2025-05-21T17:04:44.497349,KXBTCD-25MAY2121-T109249.99,DELTA,76,1000,82,169,500,yes,70,69
2025-05-21T17:04:44.897224,KXBTCD-25MAY2121-T109249.99,DELTA,76,1000,82,100,501,no,18,-69
2025-05-21T17:04:44.897375,KXBTCD-25MAY2121-T109249.99,DELTA,76,1000,81,69,502,no,19,69
2025-05-21T17:04:47.397230,KXBTCD-25MAY2121-T109249.99,DELTA,76,1000,82,100,503,no,19,-69
2025-05-21T17:04:47.397439,KXBTCD-25MAY2121-T109249.99,DELTA,76,1000,82,169,504,no,18,69
2025-05-21T17:04:47.976819,KXBTCD-25MAY2121-T109249.99,DELTA,76,1000,82,169,505,yes,70,-69
2025-05-21T17:04:47.976994,KXBTCD-25MAY2121-T109249.99,DELTA,76,1000,82,169,506,yes,71,69
2025-05-21T17:04:54.398104,KXBTCD-25MAY2121-T109249.99,DELTA,76,1000,82,168,507,no,18,-1
2025-05-21T17:05:01.223468,KXBTCD-25MAY2121-T109249.99,DELTA,76,1000,82,168,508,yes,54,250
2025-05-21T17:05:01.278578,KXBTCD-25MAY2121-T109249.99,DELTA,76,1000,82,168,509,no,6,250
2025-05-21T17:05:01.278700,KXBTCD-25MAY2121-T109249.99,DELTA,76,1000,82,168,510,no,8,250
2025-05-21T17:05:01.296756,KXBTCD-25MAY2121-T109249.99,DELTA,76,1000,82,168,511,yes,51,-2000
2025-05-21T17:05:01.296879,KXBTCD-25MAY2121-T109249.99,DELTA,76,1000,82,168,512,no,10,250
2025-05-21T17:05:01.297574,KXBTCD-25MAY2121-T109249.99,DELTA,76,1000,82,168,513,no,2,250
2025-05-21T17:05:01.317907,KXBTCD-25MAY2121-T109249.99,DELTA,76,1000,82,168,514,no,4,250
2025-05-21T17:05:01.318024,KXBTCD-25MAY2121-T109249.99,DELTA,76,1000,82,168,515,yes,62,250
2025-05-21T17:05:01.338444,KXBTCD-25MAY2121-T109249.99,DELTA,76,1000,82,168,516,yes,60,250
2025-05-21T17:05:01.338547,KXBTCD-25MAY2121-T109249.99,DELTA,76,1000,82,168,517,yes,58,250
2025-05-21T17:05:01.357896,KXBTCD-25MAY2121-T109249.99,DELTA,76,1000,82,168,518,yes,56,250
2025-05-21T17:05:01.418905,KXBTCD-25MAY2121-T109249.99,DELTA,76,1000,82,168,519,no,9,2000
2025-05-21T17:05:01.438000,KXBTCD-25MAY2121-T109249.99,DELTA,76,1000,82,168,520,no,9,1000
2025-05-21T17:05:01.439149,KXBTCD-25MAY2121-T109249.99,DELTA,76,1000,82,168,521,yes,55,2000
2025-05-21T17:05:01.557599,KXBTCD-25MAY2121-T109249.99,DELTA,76,1000,82,168,522,no,9,-2000
2025-05-21T17:05:01.557750,KXBTCD-25MAY2121-T109249.99,DELTA,76,1000,82,168,523,no,9,-1000
2025-05-21T17:05:01.623823,KXBTCD-25MAY2121-T109249.99,DELTA,76,1000,82,168,524,yes,55,-2000
2025-05-21T17:05:01.658092,KXBTCD-25MAY2121-T109249.99,DELTA,76,1000,82,168,525,no,11,1250
2025-05-21T17:05:01.697204,KXBTCD-25MAY2121-T109249.99,DELTA,76,1000,82,168,526,no,11,2000
2025-05-21T17:05:01.698073,KXBTCD-25MAY2121-T109249.99,DELTA,76,1000,82,168,527,no,11,1000
2025-05-21T17:05:01.817553,KXBTCD-25MAY2121-T109249.99,DELTA,77,24,82,168,528,yes,77,24
2025-05-21T17:05:01.817702,KXBTCD-25MAY2121-T109249.99,DELTA,77,24,82,168,529,no,6,24
2025-05-21T17:05:01.817790,KXBTCD-25MAY2121-T109249.99,DELTA,77,24,82,168,530,yes,63,2000
2025-05-21T17:05:01.838948,KXBTCD-25MAY2121-T109249.99,DELTA,77,24,82,168,531,yes,63,1250
2025-05-21T17:05:01.858059,KXBTCD-25MAY2121-T109249.99,DELTA,77,24,82,168,532,yes,75,-24
2025-05-21T17:05:01.858170,KXBTCD-25MAY2121-T109249.99,DELTA,77,24,82,168,533,no,7,-24
2025-05-21T17:05:01.878150,KXBTCD-25MAY2121-T109249.99,DELTA,77,24,82,168,534,no,2,-250
2025-05-21T17:05:01.878242,KXBTCD-25MAY2121-T109249.99,DELTA,77,24,82,168,535,no,12,250
2025-05-21T17:05:02.103578,KXBTCD-25MAY2121-T109249.99,DELTA,77,24,82,168,536,no,11,-2000
2025-05-21T17:05:02.103702,KXBTCD-25MAY2121-T109249.99,DELTA,77,24,82,168,537,no,11,-1000
2025-05-21T17:05:02.103769,KXBTCD-25MAY2121-T109249.99,DELTA,77,24,82,168,538,no,11,-1250
2025-05-21T17:05:02.120867,KXBTCD-25MAY2121-T109249.99,DELTA,77,24,82,168,539,yes,64,250
2025-05-21T17:05:02.138324,KXBTCD-25MAY2121-T109249.99,DELTA,77,24,82,69,540,no,18,-99
2025-05-21T17:05:02.138438,KXBTCD-25MAY2121-T109249.99,DELTA,77,24,82,69,541,yes,54,-250
2025-05-21T17:05:02.237041,KXBTCD-25MAY2121-T109249.99,DELTA,77,24,82,69,542,no,13,9
2025-05-21T17:05:02.237188,KXBTCD-25MAY2121-T109249.99,DELTA,77,24,82,69,543,yes,63,-2000
2025-05-21T17:05:02.237274,KXBTCD-25MAY2121-T109249.99,DELTA,77,24,82,69,544,yes,63,-1250
2025-05-21T17:05:02.377510,KXBTCD-25MAY2121-T109249.99,DELTA,77,24,82,69,545,yes,65,2000
2025-05-21T17:05:02.377667,KXBTCD-25MAY2121-T109249.99,DELTA,77,24,82,69,546,yes,65,1250
2025-05-21T17:05:02.397846,KXBTCD-25MAY2121-T109249.99,DELTA,77,24,82,69,547,no,13,1250
2025-05-21T17:05:02.397920,KXBTCD-25MAY2121-T109249.99,DELTA,77,24,82,69,548,no,13,2000
2025-05-21T17:05:02.397979,KXBTCD-25MAY2121-T109249.99,DELTA,77,24,82,69,549,no,13,1000
2025-05-21T17:05:02.737879,KXBTCD-25MAY2121-T109249.99,DELTA,77,24,82,69,550,no,13,-2000
2025-05-21T17:05:02.878180,KXBTCD-25MAY2121-T109249.99,DELTA,77,24,82,69,551,no,12,2000
2025-05-21T17:05:02.918692,KXBTCD-25MAY2121-T109249.99,DELTA,77,24,82,69,552,yes,75,-100
2025-05-21T17:05:03.037928,KXBTCD-25MAY2121-T109249.99,DELTA,77,24,82,69,553,yes,76,-1000
2025-05-21T17:05:03.137408,KXBTCD-25MAY2121-T109249.99,DELTA,77,24,82,69,554,yes,72,1000
2025-05-21T17:05:03.468829,KXBTCD-25MAY2121-T109249.99,DELTA,77,24,82,69,555,no,12,-2000
2025-05-21T17:05:03.468971,KXBTCD-25MAY2121-T109249.99,DELTA,77,24,82,69,556,no,16,100
2025-05-21T17:05:03.469756,KXBTCD-25MAY2121-T109249.99,DELTA,77,24,84,100,557,no,18,-69
2025-05-21T17:05:03.469848,KXBTCD-25MAY2121-T109249.99,DELTA,77,24,83,69,558,no,17,69
2025-05-21T17:05:03.469909,KXBTCD-25MAY2121-T109249.99,DELTA,77,24,83,69,559,no,13,2000
2025-05-21T17:05:03.469964,KXBTCD-25MAY2121-T109249.99,DELTA,77,24,83,69,560,no,8,-9
2025-05-21T17:05:03.618876,KXBTCD-25MAY2121-T109249.99,DELTA,77,24,83,69,561,no,13,-1000
2025-05-21T17:05:03.758619,KXBTCD-25MAY2121-T109249.99,DELTA,77,24,83,69,562,no,16,1000
2025-05-21T17:05:03.800273,KXBTCD-25MAY2121-T109249.99,DELTA,77,24,83,69,563,yes,71,-69
2025-05-21T17:05:03.800714,KXBTCD-25MAY2121-T109249.99,DELTA,77,24,83,69,564,yes,72,69
2025-05-21T17:05:03.819554,KXBTCD-25MAY2121-T109249.99,DELTA,77,24,83,69,565,yes,73,9
2025-05-21T17:05:03.879224,KXBTCD-25MAY2121-T109249.99,DELTA,77,24,83,69,566,yes,76,100
2025-05-21T17:05:03.918885,KXBTCD-25MAY2121-T109249.99,DELTA,77,24,83,69,567,yes,72,-1000
2025-05-21T17:05:04.018628,KXBTCD-25MAY2121-T109249.99,DELTA,77,1024,83,69,568,yes,77,1000
2025-05-21T17:05:04.063226,KXBTCD-25MAY2121-T109249.99,DELTA,77,1024,83,69,569,no,14,9
2025-05-21T17:05:04.277798,KXBTCD-25MAY2121-T109249.99,DELTA,77,1024,83,69,570,yes,72,-69
2025-05-21T17:05:04.277947,KXBTCD-25MAY2121-T109249.99,DELTA,77,1024,83,69,571,yes,71,69
2025-05-21T17:05:04.459271,KXBTCD-25MAY2121-T109249.99,DELTA,77,1024,83,69,572,no,16,-100
2025-05-21T17:05:04.478309,KXBTCD-25MAY2121-T109249.99,DELTA,77,1024,84,1000,573,no,17,-69
2025-05-21T17:05:04.478450,KXBTCD-25MAY2121-T109249.99,DELTA,77,1024,82,69,574,no,18,69
2025-05-21T17:05:04.600514,KXBTCD-25MAY2121-T109249.99,DELTA,77,1024,82,69,575,no,16,-1000
2025-05-21T17:05:04.739053,KXBTCD-25MAY2121-T109249.99,DELTA,77,1024,82,69,576,no,13,1000
2025-05-21T17:05:05.558421,KXBTCD-25MAY2121-T109249.99,DELTA,77,1024,82,69,577,no,17,100
2025-05-21T17:05:07.256951,KXBTCD-25MAY2121-T109249.99,DELTA,77,1024,82,69,578,no,13,-9
2025-05-21T17:05:07.397961,KXBTCD-25MAY2121-T109249.99,DELTA,77,1024,82,69,579,yes,73,-9
2025-05-21T17:05:09.859538,KXBTCD-25MAY2121-T109249.99,DELTA,77,1024,82,69,580,no,13,-1000
2025-05-21T17:05:09.978984,KXBTCD-25MAY2121-T109249.99,DELTA,77,1024,82,69,581,no,17,1000
2025-05-21T17:05:10.157652,KXBTCD-25MAY2121-T109249.99,DELTA,77,1024,82,69,582,yes,54,250
2025-05-21T17:05:10.177126,KXBTCD-25MAY2121-T109249.99,DELTA,77,1024,82,69,583,yes,64,-250
2025-05-21T17:05:10.698308,KXBTCD-25MAY2121-T109249.99,DELTA,77,1024,82,69,584,yes,65,-2000
2025-05-21T17:05:10.698423,KXBTCD-25MAY2121-T109249.99,DELTA,77,1024,82,69,585,yes,65,-1250
2025-05-21T17:05:10.817194,KXBTCD-25MAY2121-T109249.99,DELTA,77,1024,82,69,586,yes,63,2000
2025-05-21T17:05:10.837648,KXBTCD-25MAY2121-T109249.99,DELTA,77,1024,82,69,587,yes,63,1250
2025-05-21T17:05:12.001956,KXBTCD-25MAY2121-T109249.99,DELTA,77,1024,82,69,588,no,14,-9
2025-05-21T17:05:12.043965,KXBTCD-25MAY2121-T109249.99,DELTA,77,1024,82,69,589,no,17,-1000
2025-05-21T17:05:12.159834,KXBTCD-25MAY2121-T109249.99,DELTA,77,1024,82,69,590,no,17,1000
2025-05-21T17:05:12.543809,KXBTCD-25MAY2121-T109249.99,DELTA,77,1024,82,69,591,no,14,9
2025-05-21T17:05:12.744042,KXBTCD-25MAY2121-T109249.99,DELTA,77,1024,82,69,592,no,17,-1000
2025-05-21T17:05:12.858801,KXBTCD-25MAY2121-T109249.99,DELTA,77,1024,82,1069,593,no,18,1000
2025-05-21T17:05:13.078816,KXBTCD-25MAY2121-T109249.99,DELTA,77,1024,82,1069,594,no,14,-9
2025-05-21T17:05:13.156516,KXBTCD-25MAY2121-T109249.99,DELTA,77,1024,82,1069,595,no,14,250
2025-05-21T17:05:13.218423,KXBTCD-25MAY2121-T109249.99,DELTA,77,1024,82,1069,596,no,4,-250
2025-05-21T17:05:13.337561,KXBTCD-25MAY2121-T109249.99,DELTA,77,1024,82,1069,597,no,13,-2000
2025-05-21T17:05:13.337669,KXBTCD-25MAY2121-T109249.99,DELTA,77,1024,82,1069,598,no,13,-1250
2025-05-21T17:05:13.457906,KXBTCD-25MAY2121-T109249.99,DELTA,77,1024,82,1069,599,no,15,1250
2025-05-21T17:05:13.458008,KXBTCD-25MAY2121-T109249.99,DELTA,77,1024,82,1069,600,no,15,2000
2025-05-21T17:05:13.476076,KXBTCD-25MAY2121-T109249.99,DELTA,77,1024,82,1069,601,yes,71,-69
2025-05-21T17:05:13.476189,KXBTCD-25MAY2121-T109249.99,DELTA,77,1024,82,1069,602,yes,70,69
2025-05-21T17:05:13.840616,KXBTCD-25MAY2121-T109249.99,DELTA,77,1000,82,1069,603,yes,77,-24
2025-05-21T17:05:13.840737,KXBTCD-25MAY2121-T109249.99,DELTA,77,1000,82,1069,604,yes,75,24
2025-05-21T17:05:13.860932,KXBTCD-25MAY2121-T109249.99,DELTA,77,1000,82,1069,605,no,6,-24
2025-05-21T17:05:13.861014,KXBTCD-25MAY2121-T109249.99,DELTA,77,1000,82,1069,606,no,8,24
2025-05-21T17:05:13.918929,KXBTCD-25MAY2121-T109249.99,DELTA,76,100,82,1069,607,yes,77,-1000
2025-05-21T17:05:13.919083,KXBTCD-25MAY2121-T109249.99,DELTA,75,24,82,1069,608,yes,76,-100
2025-05-21T17:05:13.919156,KXBTCD-25MAY2121-T109249.99,DELTA,75,24,82,69,609,no,18,-1000
2025-05-21T17:05:14.036828,KXBTCD-25MAY2121-T109249.99,DELTA,75,24,81,1000,610,no,19,1000
2025-05-21T17:05:14.036981,KXBTCD-25MAY2121-T109249.99,DELTA,75,24,81,1000,611,yes,71,1000
2025-05-21T17:05:14.137930,KXBTCD-25MAY2121-T109249.99,DELTA,75,24,81,1000,612,no,17,-100
2025-05-21T17:05:14.138129,KXBTCD-25MAY2121-T109249.99,DELTA,75,24,81,1000,613,yes,62,-250
2025-05-21T17:05:14.138224,KXBTCD-25MAY2121-T109249.99,DELTA,75,24,81,1000,614,yes,52,250
2025-05-21T17:05:14.158423,KXBTCD-25MAY2121-T109249.99,DELTA,75,24,81,1000,615,no,18,-69
2025-05-21T17:05:14.158538,KXBTCD-25MAY2121-T109249.99,DELTA,75,24,81,1069,616,no,19,69
2025-05-21T17:05:14.257626,KXBTCD-25MAY2121-T109249.99,DELTA,75,24,81,1069,617,yes,63,-2000
2025-05-21T17:05:14.257857,KXBTCD-25MAY2121-T109249.99,DELTA,75,24,81,1069,618,yes,63,-1250
2025-05-21T17:05:14.397334,KXBTCD-25MAY2121-T109249.99,DELTA,75,24,81,69,619,no,19,-1000
2025-05-21T17:05:14.397456,KXBTCD-25MAY2121-T109249.99,DELTA,75,24,81,69,620,yes,61,2000
2025-05-21T17:05:14.398594,KXBTCD-25MAY2121-T109249.99,DELTA,75,24,81,69,621,yes,61,1250
2025-05-21T17:05:14.537004,KXBTCD-25MAY2121-T109249.99,DELTA,75,24,80,1000,622,no,20,1000
2025-05-21T17:05:14.920110,KXBTCD-25MAY2121-T109249.99,DELTA,75,24,80,1000,623,yes,70,-69
2025-05-21T17:05:14.920244,KXBTCD-25MAY2121-T109249.99,DELTA,75,24,80,1000,624,yes,69,69
2025-05-21T17:05:15.059219,KXBTCD-25MAY2121-T109249.99,DELTA,75,24,80,1000,625,yes,71,-1000
2025-05-21T17:05:15.137822,KXBTCD-25MAY2121-T109249.99,DELTA,75,24,80,1000,626,no,6,-250
2025-05-21T17:05:15.198525,KXBTCD-25MAY2121-T109249.99,DELTA,75,24,80,1000,627,yes,70,1000
2025-05-21T17:05:15.198739,KXBTCD-25MAY2121-T109249.99,DELTA,75,24,80,1000,628,no,16,250
2025-05-21T17:05:15.338076,KXBTCD-25MAY2121-T109249.99,DELTA,75,24,80,1000,629,no,15,-2000
2025-05-21T17:05:15.338202,KXBTCD-25MAY2121-T109249.99,DELTA,75,24,80,1000,630,no,15,-1250
2025-05-21T17:05:15.476714,KXBTCD-25MAY2121-T109249.99,DELTA,75,24,80,1000,631,no,16,1250
2025-05-21T17:05:15.477520,KXBTCD-25MAY2121-T109249.99,DELTA,75,24,80,1000,632,no,17,2000
2025-05-21T17:05:15.497120,KXBTCD-25MAY2121-T109249.99,DELTA,75,24,80,1000,633,no,19,-69
2025-05-21T17:05:15.497244,KXBTCD-25MAY2121-T109249.99,DELTA,75,24,80,1069,634,no,20,69
2025-05-21T17:05:15.516330,KXBTCD-25MAY2121-T109249.99,DELTA,75,24,80,1069,635,yes,73,100
2025-05-21T17:05:15.516469,KXBTCD-25MAY2121-T109249.99,DELTA,75,24,80,1069,636,no,19,100
2025-05-21T17:05:15.598490,KXBTCD-25MAY2121-T109249.99,DELTA,75,24,80,1069,637,no,16,-1250
2025-05-21T17:05:15.636960,KXBTCD-25MAY2121-T109249.99,DELTA,75,24,80,1069,638,yes,70,-1000
2025-05-21T17:05:15.716916,KXBTCD-25MAY2121-T109249.99,DELTA,75,24,80,1069,639,no,17,1250
2025-05-21T17:05:15.779555,KXBTCD-25MAY2121-T109249.99,DELTA,75,24,80,1069,640,yes,74,1000
2025-05-21T17:05:16.057309,KXBTCD-25MAY2121-T109249.99,DELTA,75,24,80,1069,641,yes,70,9
2025-05-21T17:05:16.355960,KXBTCD-25MAY2121-T109249.99,DELTA,75,24,80,1069,642,no,19,-100
2025-05-21T17:05:17.336229,KXBTCD-25MAY2121-T109249.99,DELTA,75,24,80,1169,643,no,20,100
2025-05-21T17:05:17.456995,KXBTCD-25MAY2121-T109249.99,DELTA,75,24,80,1169,644,no,17,-2000
2025-05-21T17:05:17.477964,KXBTCD-25MAY2121-T109249.99,DELTA,75,24,80,169,645,no,20,-1000
2025-05-21T17:05:17.478081,KXBTCD-25MAY2121-T109249.99,DELTA,75,24,80,169,646,no,17,-1250
2025-05-21T17:05:17.596186,KXBTCD-25MAY2121-T109249.99,DELTA,75,24,80,169,647,no,16,1250
2025-05-21T17:05:17.596325,KXBTCD-25MAY2121-T109249.99,DELTA,75,24,80,1169,648,no,20,1000
2025-05-21T17:05:17.596408,KXBTCD-25MAY2121-T109249.99,DELTA,75,24,80,1169,649,no,17,2000
2025-05-21T17:05:17.897834,KXBTCD-25MAY2121-T109249.99,DELTA,75,24,80,1169,650,no,17,-2000
2025-05-21T17:05:17.916716,KXBTCD-25MAY2121-T109249.99,DELTA,75,24,80,169,651,no,20,-1000
2025-05-21T17:05:18.038570,KXBTCD-25MAY2121-T109249.99,DELTA,75,24,80,169,652,no,16,2000
2025-05-21T17:05:18.038678,KXBTCD-25MAY2121-T109249.99,DELTA,75,24,80,169,653,no,17,1000
2025-05-21T17:05:18.257969,KXBTCD-25MAY2121-T109249.99,DELTA,75,24,80,169,654,yes,70,-9
2025-05-21T17:05:18.558376,KXBTCD-25MAY2121-T109249.99,DELTA,75,24,80,169,655,no,16,-2000
2025-05-21T17:05:18.577742,KXBTCD-25MAY2121-T109249.99,DELTA,75,24,80,169,656,no,16,-1250
2025-05-21T17:05:18.678316,KXBTCD-25MAY2121-T109249.99,DELTA,75,24,80,169,657,no,15,2000
2025-05-21T17:05:18.678442,KXBTCD-25MAY2121-T109249.99,DELTA,75,24,80,159,658,no,20,-10
2025-05-21T17:05:18.678508,KXBTCD-25MAY2121-T109249.99,DELTA,75,24,80,159,659,no,15,1250
2025-05-21T17:05:19.017658,KXBTCD-25MAY2121-T109249.99,DELTA,75,24,80,159,660,no,15,-2000
2025-05-21T17:05:19.017764,KXBTCD-25MAY2121-T109249.99,DELTA,75,24,80,159,661,no,15,-1250
2025-05-21T17:05:19.139522,KXBTCD-25MAY2121-T109249.99,DELTA,75,24,80,159,662,no,15,2000
2025-05-21T17:05:19.139635,KXBTCD-25MAY2121-T109249.99,DELTA,75,24,80,159,663,no,15,1250
2025-05-21T17:05:19.277689,KXBTCD-25MAY2121-T109249.99,DELTA,75,24,80,159,664,no,15,-1250
2025-05-21T17:05:19.376851,KXBTCD-25MAY2121-T109249.99,DELTA,75,24,80,159,665,no,16,1250
2025-05-21T17:05:19.817703,KXBTCD-25MAY2121-T109249.99,DELTA,75,24,80,159,666,no,15,-2000
2025-05-21T17:05:19.937082,KXBTCD-25MAY2121-T109249.99,DELTA,75,24,80,159,667,no,16,2000
2025-05-21T17:05:19.996739,KXBTCD-25MAY2121-T109249.99,DELTA,75,24,80,159,668,no,16,-1250
2025-05-21T17:05:20.057563,KXBTCD-25MAY2121-T109249.99,DELTA,75,24,80,159,669,no,16,-2000
2025-05-21T17:05:20.118678,KXBTCD-25MAY2121-T109249.99,DELTA,75,24,80,159,670,no,15,1250
2025-05-21T17:05:20.137486,KXBTCD-25MAY2121-T109249.99,DELTA,75,24,80,159,671,no,6,250
2025-05-21T17:05:20.177360,KXBTCD-25MAY2121-T109249.99,DELTA,75,24,80,159,672,no,15,2000
2025-05-21T17:05:20.177460,KXBTCD-25MAY2121-T109249.99,DELTA,75,24,80,159,673,no,16,-250
2025-05-21T17:05:20.436599,KXBTCD-25MAY2121-T109249.99,DELTA,75,24,80,159,674,no,17,-1000
2025-05-21T17:05:20.578550,KXBTCD-25MAY2121-T109249.99,DELTA,75,24,80,159,675,no,15,-2000
2025-05-21T17:05:20.578656,KXBTCD-25MAY2121-T109249.99,DELTA,75,24,80,159,676,no,15,1000
2025-05-21T17:05:20.616814,KXBTCD-25MAY2121-T109249.99,DELTA,75,24,80,159,677,no,20,0
2025-05-21T17:05:20.718031,KXBTCD-25MAY2121-T109249.99,DELTA,75,24,80,159,678,no,14,2000
2025-05-21T17:05:20.817908,KXBTCD-25MAY2121-T109249.99,DELTA,75,24,80,159,679,no,14,-2000
2025-05-21T17:05:20.937273,KXBTCD-25MAY2121-T109249.99,DELTA,75,24,80,159,680,no,15,2000
2025-05-21T17:05:20.957526,KXBTCD-25MAY2121-T109249.99,DELTA,75,24,80,159,681,no,16,9
2025-05-21T17:05:21.118199,KXBTCD-25MAY2121-T109249.99,DELTA,75,24,80,159,682,yes,62,250
2025-05-21T17:05:21.118405,KXBTCD-25MAY2121-T109249.99,DELTA,75,24,80,159,683,yes,52,-250
2025-05-21T17:05:21.257147,KXBTCD-25MAY2121-T109249.99,DELTA,75,24,80,159,684,yes,61,-2000
2025-05-21T17:05:21.277383,KXBTCD-25MAY2121-T109249.99,DELTA,75,24,80,159,685,yes,61,-1250
2025-05-21T17:05:21.396543,KXBTCD-25MAY2121-T109249.99,DELTA,75,24,80,159,686,yes,63,2000
2025-05-21T17:05:21.396740,KXBTCD-25MAY2121-T109249.99,DELTA,75,24,80,159,687,yes,63,1250
2025-05-21T17:05:21.477475,KXBTCD-25MAY2121-T109249.99,DELTA,75,24,80,59,688,no,20,-100
2025-05-21T17:05:21.477603,KXBTCD-25MAY2121-T109249.99,DELTA,75,24,80,59,689,yes,73,-100
2025-05-21T17:05:21.517160,KXBTCD-25MAY2121-T109249.99,DELTA,75,24,80,59,690,no,15,-2000
2025-05-21T17:05:21.517289,KXBTCD-25MAY2121-T109249.99,DELTA,75,24,84,9,691,no,20,-59
2025-05-21T17:05:21.517362,KXBTCD-25MAY2121-T109249.99,DELTA,75,24,81,69,692,no,19,69
2025-05-21T17:05:21.599138,KXBTCD-25MAY2121-T109249.99,DELTA,75,24,81,69,693,yes,74,-1000
2025-05-21T17:05:21.641733,KXBTCD-25MAY2121-T109249.99,DELTA,75,24,81,69,694,no,14,2000
2025-05-21T17:05:21.717514,KXBTCD-25MAY2121-T109249.99,DELTA,75,24,81,69,695,yes,70,1000
2025-05-21T17:05:22.216472,KXBTCD-25MAY2121-T109249.99,DELTA,75,24,81,69,696,no,14,-2000
2025-05-21T17:05:22.277287,KXBTCD-25MAY2121-T109249.99,DELTA,75,24,81,69,697,yes,69,-69
2025-05-21T17:05:22.277471,KXBTCD-25MAY2121-T109249.99,DELTA,75,24,81,69,698,yes,70,69
2025-05-21T17:05:22.336912,KXBTCD-25MAY2121-T109249.99,DELTA,75,24,81,69,699,no,15,2000
2025-05-21T17:05:22.396887,KXBTCD-25MAY2121-T109249.99,DELTA,75,24,81,69,700,no,16,-9
2025-05-21T17:05:22.416137,KXBTCD-25MAY2121-T109249.99,DELTA,75,24,81,69,701,yes,70,-1000
2025-05-21T17:05:22.456162,KXBTCD-25MAY2121-T109249.99,DELTA,75,24,81,69,702,yes,71,9
2025-05-21T17:05:22.497609,KXBTCD-25MAY2121-T109249.99,DELTA,75,24,81,69,703,no,15,-1000
2025-05-21T17:05:22.557342,KXBTCD-25MAY2121-T109249.99,DELTA,75,24,81,69,704,yes,71,1000
2025-05-21T17:05:22.617534,KXBTCD-25MAY2121-T109249.99,DELTA,75,24,81,1069,705,no,19,1000
2025-05-21T17:05:22.979573,KXBTCD-25MAY2121-T109249.99,DELTA,75,24,81,69,706,no,19,-1000
2025-05-21T17:05:23.017146,KXBTCD-25MAY2121-T109249.99,DELTA,75,24,81,69,707,yes,74,100
2025-05-21T17:05:23.017274,KXBTCD-25MAY2121-T109249.99,DELTA,75,24,81,69,708,no,18,100
2025-05-21T17:05:23.116486,KXBTCD-25MAY2121-T109249.99,DELTA,75,24,81,69,709,no,15,1000
2025-05-21T17:05:23.160207,KXBTCD-25MAY2121-T109249.99,DELTA,75,24,81,69,710,yes,71,-9
2025-05-21T17:05:23.160316,KXBTCD-25MAY2121-T109249.99,DELTA,75,24,81,69,711,yes,62,-250
2025-05-21T17:05:23.160390,KXBTCD-25MAY2121-T109249.99,DELTA,75,24,81,69,712,yes,52,250
2025-05-21T17:05:23.178530,KXBTCD-25MAY2121-T109249.99,DELTA,75,24,81,69,713,yes,71,-1000
2025-05-21T17:05:23.217418,KXBTCD-25MAY2121-T109249.99,DELTA,75,24,81,69,714,no,15,-1000
2025-05-21T17:05:23.237368,KXBTCD-25MAY2121-T109249.99,DELTA,75,24,81,69,715,no,18,-100
2025-05-21T17:05:23.298477,KXBTCD-25MAY2121-T109249.99,DELTA,75,24,81,69,716,yes,63,-2000
2025-05-21T17:05:23.317754,KXBTCD-25MAY2121-T109249.99,DELTA,75,24,81,69,717,yes,63,-1250
2025-05-21T17:05:23.317866,KXBTCD-25MAY2121-T109249.99,DELTA,75,1024,81,69,718,yes,75,1000
2025-05-21T17:05:23.342457,KXBTCD-25MAY2121-T109249.99,DELTA,75,1024,81,69,719,no,18,1000
2025-05-21T17:05:23.438382,KXBTCD-25MAY2121-T109249.99,DELTA,75,1024,81,69,720,yes,61,1250
2025-05-21T17:05:23.438530,KXBTCD-25MAY2121-T109249.99,DELTA,75,1024,81,69,721,yes,61,2000
2025-05-21T17:05:23.477543,KXBTCD-25MAY2121-T109249.99,DELTA,75,1024,81,69,722,no,18,-1000
2025-05-21T17:05:23.577386,KXBTCD-25MAY2121-T109249.99,DELTA,75,1024,81,69,723,no,15,1000
2025-05-21T17:05:24.138095,KXBTCD-25MAY2121-T109249.99,DELTA,75,1024,81,69,724,no,6,-250
2025-05-21T17:05:24.138225,KXBTCD-25MAY2121-T109249.99,DELTA,75,1024,81,69,725,no,16,250
2025-05-21T17:05:24.177555,KXBTCD-25MAY2121-T109249.99,DELTA,75,1024,81,169,726,no,19,100
2025-05-21T17:05:24.256517,KXBTCD-25MAY2121-T109249.99,DELTA,75,1024,81,169,727,no,15,-1000
2025-05-21T17:05:24.377765,KXBTCD-25MAY2121-T109249.99,DELTA,75,1024,81,169,728,no,17,1000
2025-05-21T17:05:25.397337,KXBTCD-25MAY2121-T109249.99,DELTA,75,1024,81,169,729,no,15,-1250
2025-05-21T17:05:25.517358,KXBTCD-25MAY2121-T109249.99,DELTA,75,1024,81,169,730,no,16,1250
2025-05-21T17:05:26.136239,KXBTCD-25MAY2121-T109249.99,DELTA,75,1024,81,169,731,no,15,-2000
2025-05-21T17:05:26.136373,KXBTCD-25MAY2121-T109249.99,DELTA,75,1024,81,169,732,no,17,-1000
2025-05-21T17:05:26.256941,KXBTCD-25MAY2121-T109249.99,DELTA,75,1024,81,1169,733,no,19,1000
2025-05-21T17:05:26.257066,KXBTCD-25MAY2121-T109249.99,DELTA,75,1024,81,1169,734,no,16,2000
2025-05-21T17:05:26.771665,KXBTCD-25MAY2121-T109249.99,DELTA,75,1024,81,1169,735,yes,70,-69
2025-05-21T17:05:26.771852,KXBTCD-25MAY2121-T109249.99,DELTA,75,1024,81,1169,736,yes,69,69
2025-05-21T17:05:26.836812,KXBTCD-25MAY2121-T109249.99,DELTA,75,1024,81,1100,737,no,19,-69
2025-05-21T17:05:26.836969,KXBTCD-25MAY2121-T109249.99,DELTA,75,1024,80,69,738,no,20,69
2025-05-21T17:05:27.419746,KXBTCD-25MAY2121-T109249.99,DELTA,75,1024,80,69,739,no,16,-2000
2025-05-21T17:05:27.440154,KXBTCD-25MAY2121-T109249.99,DELTA,75,1024,80,69,740,no,19,-1000
2025-05-21T17:05:27.440260,KXBTCD-25MAY2121-T109249.99,DELTA,75,1024,80,69,741,no,16,-1250
2025-05-21T17:05:27.577373,KXBTCD-25MAY2121-T109249.99,DELTA,75,1024,80,69,742,no,15,1250
2025-05-21T17:05:27.577726,KXBTCD-25MAY2121-T109249.99,DELTA,75,1024,80,69,743,no,17,1000
2025-05-21T17:05:27.577851,KXBTCD-25MAY2121-T109249.99,DELTA,75,1024,80,69,744,no,15,2000
2025-05-21T17:05:28.756222,KXBTCD-25MAY2121-T109249.99,DELTA,75,1024,80,69,745,no,15,-2000
2025-05-21T17:05:28.777388,KXBTCD-25MAY2121-T109249.99,DELTA,75,1024,80,69,746,no,17,-1000
2025-05-21T17:05:28.777532,KXBTCD-25MAY2121-T109249.99,DELTA,75,1024,80,69,747,no,15,-1250
2025-05-21T17:05:28.877441,KXBTCD-25MAY2121-T109249.99,DELTA,75,1024,80,69,748,no,16,2000
2025-05-21T17:05:28.901574,KXBTCD-25MAY2121-T109249.99,DELTA,75,1024,80,69,749,no,16,1250
2025-05-21T17:05:28.901750,KXBTCD-25MAY2121-T109249.99,DELTA,75,1024,80,69,750,no,19,1000
2025-05-21T17:05:38.957164,KXBTCD-25MAY2121-T109249.99,DELTA,75,1024,80,69,751,no,16,-2000
2025-05-21T17:05:38.978496,KXBTCD-25MAY2121-T109249.99,DELTA,75,1024,80,69,752,no,19,-1000
2025-05-21T17:05:39.018592,KXBTCD-25MAY2121-T109249.99,DELTA,75,1024,80,69,753,no,17,2000
2025-05-21T17:05:39.018700,KXBTCD-25MAY2121-T109249.99,DELTA,75,1024,80,1069,754,no,20,1000
2025-05-21T17:05:39.297675,KXBTCD-25MAY2121-T109249.99,DELTA,75,1024,80,1069,755,no,17,-2000
2025-05-21T17:05:39.297777,KXBTCD-25MAY2121-T109249.99,DELTA,75,1024,80,69,756,no,20,-1000
2025-05-21T17:05:39.337099,KXBTCD-25MAY2121-T109249.99,DELTA,75,1024,80,69,757,no,19,1000
2025-05-21T17:05:39.757313,KXBTCD-25MAY2121-T109249.99,DELTA,75,1024,80,69,758,no,19,-1000
2025-05-21T17:05:39.779250,KXBTCD-25MAY2121-T109249.99,DELTA,75,1024,80,69,759,no,16,-1250
2025-05-21T17:05:39.816964,KXBTCD-25MAY2121-T109249.99,DELTA,75,1024,80,69,760,no,15,1250
2025-05-21T17:05:39.836991,KXBTCD-25MAY2121-T109249.99,DELTA,75,1024,80,69,761,no,17,1000
2025-05-21T17:05:39.876598,KXBTCD-25MAY2121-T109249.99,DELTA,75,1024,80,69,762,no,16,2000
2025-05-21T17:05:39.918643,KXBTCD-25MAY2121-T109249.99,DELTA,75,1024,80,69,763,no,16,-2000
2025-05-21T17:05:39.958266,KXBTCD-25MAY2121-T109249.99,DELTA,75,1024,80,69,764,no,15,2000
2025-05-21T17:05:45.837731,KXBTCD-25MAY2121-T109249.99,DELTA,75,1024,80,69,765,no,15,-2000
2025-05-21T17:05:46.236752,KXBTCD-25MAY2121-T109249.99,DELTA,75,1024,80,69,766,no,14,2000
2025-05-21T17:05:46.278703,KXBTCD-25MAY2121-T109249.99,DELTA,75,1024,80,69,767,no,14,-2000
2025-05-21T17:05:46.338455,KXBTCD-25MAY2121-T109249.99,DELTA,75,1024,80,69,768,no,15,2000
2025-05-21T17:05:53.659432,KXBTCD-25MAY2121-T109249.99,DELTA,75,1024,80,69,769,no,15,-2000
2025-05-21T17:05:53.799026,KXBTCD-25MAY2121-T109249.99,DELTA,75,1024,80,69,770,no,14,2000
2025-05-21T17:05:53.919161,KXBTCD-25MAY2121-T109249.99,DELTA,75,1024,80,69,771,no,14,-2000
2025-05-21T17:05:53.998031,KXBTCD-25MAY2121-T109249.99,DELTA,75,1024,80,69,772,no,15,2000
2025-05-21T17:05:59.938493,KXBTCD-25MAY2121-T109249.99,DELTA,75,1024,80,69,773,no,15,-2000
2025-05-21T17:06:00.018831,KXBTCD-25MAY2121-T109249.99,DELTA,75,1024,80,69,774,no,14,2000
2025-05-21T17:06:00.397997,KXBTCD-25MAY2121-T109249.99,DELTA,75,1024,80,69,775,no,19,-100
2025-05-21T17:06:00.457760,KXBTCD-25MAY2121-T109249.99,DELTA,75,1000,80,69,776,yes,75,-24
2025-05-21T17:06:00.457856,KXBTCD-25MAY2121-T109249.99,DELTA,77,24,80,69,777,yes,77,24
2025-05-21T17:06:00.476943,KXBTCD-25MAY2121-T109249.99,DELTA,77,24,80,69,778,no,8,-24
2025-05-21T17:06:00.477487,KXBTCD-25MAY2121-T109249.99,DELTA,77,24,80,69,779,no,6,24
2025-05-21T17:06:00.517943,KXBTCD-25MAY2121-T109249.99,DELTA,77,24,80,69,780,yes,52,-250
2025-05-21T17:06:00.518043,KXBTCD-25MAY2121-T109249.99,DELTA,77,24,80,69,781,yes,64,250
2025-05-21T17:06:00.518113,KXBTCD-25MAY2121-T109249.99,DELTA,77,24,80,69,782,yes,54,-250
2025-05-21T17:06:00.518180,KXBTCD-25MAY2121-T109249.99,DELTA,77,24,80,69,783,yes,62,250
2025-05-21T17:06:00.537562,KXBTCD-25MAY2121-T109249.99,DELTA,77,24,80,69,784,no,8,-250
2025-05-21T17:06:00.537649,KXBTCD-25MAY2121-T109249.99,DELTA,77,24,80,69,785,no,18,250
2025-05-21T17:06:00.556911,KXBTCD-25MAY2121-T109249.99,DELTA,77,24,80,69,786,yes,61,-1250
2025-05-21T17:06:00.577130,KXBTCD-25MAY2121-T109249.99,DELTA,77,24,80,69,787,no,14,-2000
2025-05-21T17:06:00.577240,KXBTCD-25MAY2121-T109249.99,DELTA,77,24,80,69,788,no,17,-1000
2025-05-21T17:06:00.598047,KXBTCD-25MAY2121-T109249.99,DELTA,77,24,80,69,789,no,15,-1250
2025-05-21T17:06:00.618540,KXBTCD-25MAY2121-T109249.99,DELTA,77,24,82,250,790,no,20,-69
2025-05-21T17:06:00.618648,KXBTCD-25MAY2121-T109249.99,DELTA,77,24,81,69,791,no,19,69
2025-05-21T17:06:00.618721,KXBTCD-25MAY2121-T109249.99,DELTA,77,24,81,69,792,yes,74,-100
2025-05-21T17:06:00.678646,KXBTCD-25MAY2121-T109249.99,DELTA,77,24,81,69,793,no,8,250
2025-05-21T17:06:00.678747,KXBTCD-25MAY2121-T109249.99,DELTA,77,24,81,69,794,no,18,-250
2025-05-21T17:06:00.697958,KXBTCD-25MAY2121-T109249.99,DELTA,77,24,81,69,795,no,13,1250
2025-05-21T17:06:00.698069,KXBTCD-25MAY2121-T109249.99,DELTA,77,24,81,69,796,yes,61,-2000
2025-05-21T17:06:00.698140,KXBTCD-25MAY2121-T109249.99,DELTA,77,24,81,69,797,no,16,1000
2025-05-21T17:06:00.698196,KXBTCD-25MAY2121-T109249.99,DELTA,77,24,81,69,798,yes,65,1250
2025-05-21T17:06:00.718127,KXBTCD-25MAY2121-T109249.99,DELTA,77,24,81,69,799,no,13,2000
2025-05-21T17:06:00.718238,KXBTCD-25MAY2121-T109249.99,DELTA,77,24,81,69,800,yes,75,-1000
2025-05-21T17:06:00.737763,KXBTCD-25MAY2121-T109249.99,DELTA,77,24,81,69,801,yes,69,-69
2025-05-21T17:06:00.737840,KXBTCD-25MAY2121-T109249.99,DELTA,77,24,81,69,802,yes,70,69
2025-05-21T17:06:00.820158,KXBTCD-25MAY2121-T109249.99,DELTA,77,24,81,69,803,yes,65,2000
2025-05-21T17:06:00.820247,KXBTCD-25MAY2121-T109249.99,DELTA,77,24,81,69,804,no,16,-1000
2025-05-21T17:06:00.838614,KXBTCD-25MAY2121-T109249.99,DELTA,77,24,81,69,805,yes,70,1000
2025-05-21T17:06:00.917806,KXBTCD-25MAY2121-T109249.99,DELTA,77,24,81,69,806,no,13,-2000
2025-05-21T17:06:00.917934,KXBTCD-25MAY2121-T109249.99,DELTA,77,24,81,69,807,no,15,1000
2025-05-21T17:06:00.937463,KXBTCD-25MAY2121-T109249.99,DELTA,77,24,81,69,808,yes,70,-1000
2025-05-21T17:06:01.057086,KXBTCD-25MAY2121-T109249.99,DELTA,77,24,81,69,809,yes,71,1000
2025-05-21T17:06:01.057923,KXBTCD-25MAY2121-T109249.99,DELTA,77,24,81,69,810,no,12,2000
2025-05-21T17:06:01.077436,KXBTCD-25MAY2121-T109249.99,DELTA,77,24,81,69,811,yes,71,9
2025-05-21T17:06:01.116961,KXBTCD-25MAY2121-T109249.99,DELTA,77,24,81,69,812,no,12,-2000
2025-05-21T17:06:01.117070,KXBTCD-25MAY2121-T109249.99,DELTA,77,24,81,69,813,no,15,-1000
2025-05-21T17:06:01.177834,KXBTCD-25MAY2121-T109249.99,DELTA,77,24,81,69,814,no,13,2000
2025-05-21T17:06:01.197269,KXBTCD-25MAY2121-T109249.99,DELTA,77,24,81,69,815,no,16,1000
2025-05-21T17:06:01.197419,KXBTCD-25MAY2121-T109249.99,DELTA,77,24,81,69,816,no,6,250
2025-05-21T17:06:01.197491,KXBTCD-25MAY2121-T109249.99,DELTA,77,24,81,69,817,no,16,-250
2025-05-21T17:06:01.218555,KXBTCD-25MAY2121-T109249.99,DELTA,77,24,81,69,818,yes,66,250
2025-05-21T17:06:01.218636,KXBTCD-25MAY2121-T109249.99,DELTA,77,24,81,69,819,yes,56,-250
2025-05-21T17:06:01.277356,KXBTCD-25MAY2121-T109249.99,DELTA,77,24,81,69,820,no,16,-1000
2025-05-21T17:06:01.298906,KXBTCD-25MAY2121-T109249.99,DELTA,77,24,81,69,821,yes,65,-2000
2025-05-21T17:06:01.299073,KXBTCD-25MAY2121-T109249.99,DELTA,77,24,81,69,822,yes,65,-1250
2025-05-21T17:06:01.358242,KXBTCD-25MAY2121-T109249.99,DELTA,77,24,81,69,823,yes,67,2000
2025-05-21T17:06:01.358346,KXBTCD-25MAY2121-T109249.99,DELTA,77,24,81,69,824,no,15,1000
2025-05-21T17:06:01.376602,KXBTCD-25MAY2121-T109249.99,DELTA,77,24,81,69,825,yes,67,1250
2025-05-21T17:06:01.397535,KXBTCD-25MAY2121-T109249.99,DELTA,77,24,81,69,826,no,13,-2000
2025-05-21T17:06:01.418607,KXBTCD-25MAY2121-T109249.99,DELTA,77,24,81,69,827,no,17,100
2025-05-21T17:06:01.796958,KXBTCD-25MAY2121-T109249.99,DELTA,77,24,81,69,828,no,12,2000
2025-05-21T17:06:01.956966,KXBTCD-25MAY2121-T109249.99,DELTA,77,24,81,69,829,yes,71,-9
2025-05-21T17:06:01.996991,KXBTCD-25MAY2121-T109249.99,DELTA,77,24,81,69,830,no,12,-2000
2025-05-21T17:06:02.077859,KXBTCD-25MAY2121-T109249.99,DELTA,77,24,81,69,831,no,13,2000
2025-05-21T17:06:02.117221,KXBTCD-25MAY2121-T109249.99,DELTA,77,24,81,69,832,no,16,250
2025-05-21T17:06:02.138881,KXBTCD-25MAY2121-T109249.99,DELTA,77,24,81,69,833,no,6,-250
2025-05-21T17:06:02.157137,KXBTCD-25MAY2121-T109249.99,DELTA,77,24,81,69,834,no,13,-1250
2025-05-21T17:06:02.238107,KXBTCD-25MAY2121-T109249.99,DELTA,77,24,81,69,835,no,14,1250
2025-05-21T17:06:02.238280,KXBTCD-25MAY2121-T109249.99,DELTA,77,24,81,69,836,no,15,-1000
2025-05-21T17:06:02.277958,KXBTCD-25MAY2121-T109249.99,DELTA,77,24,81,69,837,no,16,1000
2025-05-21T17:06:02.337743,KXBTCD-25MAY2121-T109249.99,DELTA,77,24,81,69,838,yes,72,9
2025-05-21T17:06:02.397691,KXBTCD-25MAY2121-T109249.99,DELTA,77,24,81,69,839,no,14,-1250
2025-05-21T17:06:02.458299,KXBTCD-25MAY2121-T109249.99,DELTA,77,24,81,69,840,no,13,1250
2025-05-21T17:06:02.697892,KXBTCD-25MAY2121-T109249.99,DELTA,77,24,81,69,841,yes,76,100
2025-05-21T17:06:02.757582,KXBTCD-25MAY2121-T109249.99,DELTA,77,24,83,100,842,no,19,-69
2025-05-21T17:06:02.757711,KXBTCD-25MAY2121-T109249.99,DELTA,77,24,82,69,843,no,18,69
2025-05-21T17:06:02.757785,KXBTCD-25MAY2121-T109249.99,DELTA,77,24,82,69,844,yes,71,-1000
2025-05-21T17:06:02.817642,KXBTCD-25MAY2121-T109249.99,DELTA,77,1024,82,69,845,yes,77,1000
2025-05-21T17:06:03.459924,KXBTCD-25MAY2121-T109249.99,DELTA,77,1024,82,69,846,yes,70,-69
2025-05-21T17:06:03.460092,KXBTCD-25MAY2121-T109249.99,DELTA,77,1024,82,69,847,yes,71,69
2025-05-21T17:06:03.576820,KXBTCD-25MAY2121-T109249.99,DELTA,77,1024,82,69,848,yes,72,-9
2025-05-21T17:06:04.556369,KXBTCD-25MAY2121-T109249.99,DELTA,77,1024,82,69,849,no,13,-1250
2025-05-21T17:06:04.596925,KXBTCD-25MAY2121-T109249.99,DELTA,77,1024,82,69,850,no,14,1250
2025-05-21T17:06:04.817255,KXBTCD-25MAY2121-T109249.99,DELTA,77,1024,82,69,851,no,13,-2000
2025-05-21T17:06:04.817367,KXBTCD-25MAY2121-T109249.99,DELTA,77,1024,82,69,852,no,16,-1000
2025-05-21T17:06:04.898733,KXBTCD-25MAY2121-T109249.99,DELTA,77,1024,82,69,853,no,14,2000
2025-05-21T17:06:04.898828,KXBTCD-25MAY2121-T109249.99,DELTA,77,1024,82,69,854,no,17,1000
2025-05-21T17:06:05.157797,KXBTCD-25MAY2121-T109249.99,DELTA,77,1024,82,69,855,no,8,-250
2025-05-21T17:06:05.177710,KXBTCD-25MAY2121-T109249.99,DELTA,77,1024,82,319,856,no,18,250
2025-05-21T17:06:06.317857,KXBTCD-25MAY2121-T109249.99,DELTA,77,1024,82,319,857,yes,71,-69
2025-05-21T17:06:06.318013,KXBTCD-25MAY2121-T109249.99,DELTA,77,1024,82,319,858,yes,70,69
2025-05-21T17:06:06.697769,KXBTCD-25MAY2121-T109249.99,DELTA,77,1024,82,319,859,no,14,-2000
2025-05-21T17:06:06.717523,KXBTCD-25MAY2121-T109249.99,DELTA,77,1024,82,319,860,no,17,-1000
2025-05-21T17:06:06.717611,KXBTCD-25MAY2121-T109249.99,DELTA,77,1024,82,319,861,no,14,-1250
2025-05-21T17:06:06.757869,KXBTCD-25MAY2121-T109249.99,DELTA,77,1024,82,319,862,no,16,1000
2025-05-21T17:06:06.758026,KXBTCD-25MAY2121-T109249.99,DELTA,77,1024,82,319,863,no,13,2000
2025-05-21T17:06:06.758117,KXBTCD-25MAY2121-T109249.99,DELTA,77,1024,82,319,864,no,13,1250
2025-05-21T17:06:06.878475,KXBTCD-25MAY2121-T109249.99,DELTA,77,1024,82,319,865,no,13,-1250
2025-05-21T17:06:06.938391,KXBTCD-25MAY2121-T109249.99,DELTA,77,1024,82,319,866,no,13,-2000
2025-05-21T17:06:06.938513,KXBTCD-25MAY2121-T109249.99,DELTA,77,1024,82,319,867,no,14,1250
2025-05-21T17:06:06.956372,KXBTCD-25MAY2121-T109249.99,DELTA,77,1024,82,319,868,no,16,-1000
2025-05-21T17:06:06.977889,KXBTCD-25MAY2121-T109249.99,DELTA,77,1024,82,319,869,yes,66,-250
2025-05-21T17:06:06.977987,KXBTCD-25MAY2121-T109249.99,DELTA,77,1024,82,319,870,yes,56,250
2025-05-21T17:06:07.062144,KXBTCD-25MAY2121-T109249.99,DELTA,77,1024,82,319,871,no,14,-1250
2025-05-21T17:06:07.062556,KXBTCD-25MAY2121-T109249.99,DELTA,77,1024,82,319,872,no,14,2000
2025-05-21T17:06:07.062778,KXBTCD-25MAY2121-T109249.99,DELTA,77,1024,82,319,873,no,17,1000
2025-05-21T17:06:07.078108,KXBTCD-25MAY2121-T109249.99,DELTA,77,1024,82,319,874,yes,67,-2000
2025-05-21T17:06:07.078720,KXBTCD-25MAY2121-T109249.99,DELTA,77,1024,82,250,875,no,18,-69
2025-05-21T17:06:07.078810,KXBTCD-25MAY2121-T109249.99,DELTA,77,1024,81,69,876,no,19,69
2025-05-21T17:06:07.078881,KXBTCD-25MAY2121-T109249.99,DELTA,77,1024,81,69,877,yes,67,-1250
2025-05-21T17:06:07.138404,KXBTCD-25MAY2121-T109249.99,DELTA,77,1024,81,69,878,no,14,1250
2025-05-21T17:06:07.138515,KXBTCD-25MAY2121-T109249.99,DELTA,77,1024,81,69,879,yes,65,2000
2025-05-21T17:06:07.138575,KXBTCD-25MAY2121-T109249.99,DELTA,77,1024,81,69,880,yes,65,1250
2025-05-21T17:06:07.157740,KXBTCD-25MAY2121-T109249.99,DELTA,77,1024,81,69,881,yes,76,-100
2025-05-21T17:06:07.188304,KXBTCD-25MAY2121-T109249.99,DELTA,77,1024,81,69,882,no,14,-1250
2025-05-21T17:06:07.236514,KXBTCD-25MAY2121-T109249.99,DELTA,77,1024,81,69,883,no,15,1250
2025-05-21T17:06:07.236647,KXBTCD-25MAY2121-T109249.99,DELTA,77,24,81,69,884,yes,77,-1000
2025-05-21T17:06:07.318847,KXBTCD-25MAY2121-T109249.99,DELTA,77,24,81,69,885,yes,71,1000
2025-05-21T17:06:07.717166,KXBTCD-25MAY2121-T109249.99,DELTA,77,24,81,69,886,no,17,-100
2025-05-21T17:06:07.781890,KXBTCD-25MAY2121-T109249.99,DELTA,77,24,81,69,887,no,14,-2000
2025-05-21T17:06:07.799915,KXBTCD-25MAY2121-T109249.99,DELTA,77,24,81,69,888,no,17,-1000
2025-05-21T17:06:07.859097,KXBTCD-25MAY2121-T109249.99,DELTA,77,24,81,69,889,no,18,1000
2025-05-21T17:06:07.859235,KXBTCD-25MAY2121-T109249.99,DELTA,77,24,81,69,890,no,15,2000
2025-05-21T17:06:07.898629,KXBTCD-25MAY2121-T109249.99,DELTA,77,24,81,69,891,yes,64,-250
2025-05-21T17:06:07.898713,KXBTCD-25MAY2121-T109249.99,DELTA,77,24,81,69,892,yes,54,250
2025-05-21T17:06:07.917734,KXBTCD-25MAY2121-T109249.99,DELTA,77,24,81,69,893,no,8,250
2025-05-21T17:06:07.917868,KXBTCD-25MAY2121-T109249.99,DELTA,77,24,81,69,894,no,18,-250
2025-05-21T17:06:07.979608,KXBTCD-25MAY2121-T109249.99,DELTA,77,24,81,69,895,yes,65,-2000
2025-05-21T17:06:07.979694,KXBTCD-25MAY2121-T109249.99,DELTA,77,24,81,69,896,no,18,-1000
2025-05-21T17:06:07.979753,KXBTCD-25MAY2121-T109249.99,DELTA,77,24,81,69,897,yes,75,24
2025-05-21T17:06:07.979806,KXBTCD-25MAY2121-T109249.99,DELTA,77,24,81,69,898,yes,65,-1250
2025-05-21T17:06:07.997544,KXBTCD-25MAY2121-T109249.99,DELTA,77,24,81,69,899,no,8,24
2025-05-21T17:06:07.997652,KXBTCD-25MAY2121-T109249.99,DELTA,75,24,81,69,900,yes,77,-24
2025-05-21T17:06:08.016798,KXBTCD-25MAY2121-T109249.99,DELTA,75,24,81,69,901,no,6,-24
2025-05-21T17:06:08.045873,KXBTCD-25MAY2121-T109249.99,DELTA,75,24,81,69,902,yes,72,9
2025-05-21T17:06:08.058562,KXBTCD-25MAY2121-T109249.99,DELTA,75,24,81,69,903,yes,63,1250
2025-05-21T17:06:08.058651,KXBTCD-25MAY2121-T109249.99,DELTA,75,24,81,69,904,no,17,1000
2025-05-21T17:06:08.059201,KXBTCD-25MAY2121-T109249.99,DELTA,75,24,81,69,905,yes,63,2000
2025-05-21T17:06:08.178979,KXBTCD-25MAY2121-T109249.99,DELTA,75,24,81,69,906,yes,73,100
2025-05-21T17:06:08.179103,KXBTCD-25MAY2121-T109249.99,DELTA,75,24,81,69,907,no,18,250
2025-05-21T17:06:08.179180,KXBTCD-25MAY2121-T109249.99,DELTA,75,24,81,69,908,no,8,-250
2025-05-21T17:06:08.258806,KXBTCD-25MAY2121-T109249.99,DELTA,75,24,81,69,909,yes,71,-1000
2025-05-21T17:06:08.258906,KXBTCD-25MAY2121-T109249.99,DELTA,75,24,81,69,910,no,17,-1000
2025-05-21T17:06:08.336855,KXBTCD-25MAY2121-T109249.99,DELTA,75,24,81,69,911,no,15,-2000
2025-05-21T17:06:08.357388,KXBTCD-25MAY2121-T109249.99,DELTA,75,24,81,69,912,yes,74,1000
2025-05-21T17:06:08.357531,KXBTCD-25MAY2121-T109249.99,DELTA,75,24,81,1069,913,no,19,1000
2025-05-21T17:06:08.357608,KXBTCD-25MAY2121-T109249.99,DELTA,75,24,81,1069,914,no,15,-1250
2025-05-21T17:06:08.458943,KXBTCD-25MAY2121-T109249.99,DELTA,75,24,81,1069,915,no,17,2000
2025-05-21T17:06:08.459038,KXBTCD-25MAY2121-T109249.99,DELTA,75,24,81,69,916,no,19,-1000
2025-05-21T17:06:08.459119,KXBTCD-25MAY2121-T109249.99,DELTA,75,24,81,69,917,no,16,1250
2025-05-21T17:06:08.558644,KXBTCD-25MAY2121-T109249.99,DELTA,75,24,80,1000,918,no,20,1000
2025-05-21T17:06:08.617828,KXBTCD-25MAY2121-T109249.99,DELTA,75,24,80,1250,919,no,20,250
2025-05-21T17:06:08.617934,KXBTCD-25MAY2121-T109249.99,DELTA,75,24,80,1250,920,no,10,-250
2025-05-21T17:06:08.759710,KXBTCD-25MAY2121-T109249.99,DELTA,75,24,80,1250,921,no,16,-1250
2025-05-21T17:06:08.759921,KXBTCD-25MAY2121-T109249.99,DELTA,75,24,80,1250,922,yes,72,-9
2025-05-21T17:06:08.797174,KXBTCD-25MAY2121-T109249.99,DELTA,75,24,80,1250,923,no,19,100
2025-05-21T17:06:08.817671,KXBTCD-25MAY2121-T109249.99,DELTA,75,24,80,1250,924,no,17,1250
2025-05-21T17:06:09.016980,KXBTCD-25MAY2121-T109249.99,DELTA,75,24,80,1250,925,no,19,-100
2025-05-21T17:06:09.898423,KXBTCD-25MAY2121-T109249.99,DELTA,75,24,80,1250,926,yes,73,24
2025-05-21T17:06:09.898599,KXBTCD-25MAY2121-T109249.99,DELTA,74,1000,80,1250,927,yes,75,-24
2025-05-21T17:06:09.918344,KXBTCD-25MAY2121-T109249.99,DELTA,74,1000,80,1250,928,no,8,-24
2025-05-21T17:06:09.918424,KXBTCD-25MAY2121-T109249.99,DELTA,74,1000,80,1250,929,no,10,24
2025-05-21T17:06:09.918482,KXBTCD-25MAY2121-T109249.99,DELTA,74,1000,80,1250,930,yes,70,-69
2025-05-21T17:06:09.918529,KXBTCD-25MAY2121-T109249.99,DELTA,74,1000,80,1250,931,yes,68,69
2025-05-21T17:06:10.017500,KXBTCD-25MAY2121-T109249.99,DELTA,74,1000,80,1350,932,no,20,100
2025-05-21T17:06:11.097797,KXBTCD-25MAY2121-T109249.99,DELTA,74,1000,80,1350,933,no,19,-69
2025-05-21T17:06:11.097995,KXBTCD-25MAY2121-T109249.99,DELTA,74,1000,79,69,934,no,21,69
2025-05-21T17:06:11.578857,KXBTCD-25MAY2121-T109249.99,DELTA,74,1000,79,69,935,no,20,-100
2025-05-21T17:06:11.597024,KXBTCD-25MAY2121-T109249.99,DELTA,74,1000,79,69,936,yes,73,-100
2025-05-21T17:06:11.658219,KXBTCD-25MAY2121-T109249.99,DELTA,73,24,79,69,937,yes,74,-1000
2025-05-21T17:06:11.718211,KXBTCD-25MAY2121-T109249.99,DELTA,73,24,79,69,938,yes,69,1000
2025-05-21T17:06:12.397123,KXBTCD-25MAY2121-T109249.99,DELTA,73,24,79,69,939,no,17,-2000
2025-05-21T17:06:12.397885,KXBTCD-25MAY2121-T109249.99,DELTA,73,24,79,69,940,no,20,-1000
2025-05-21T17:06:12.457090,KXBTCD-25MAY2121-T109249.99,DELTA,73,24,79,69,941,no,18,2000
2025-05-21T17:06:12.457203,KXBTCD-25MAY2121-T109249.99,DELTA,73,24,79,1069,942,no,21,1000
2025-05-21T17:06:12.516714,KXBTCD-25MAY2121-T109249.99,DELTA,73,24,79,1069,943,no,17,-1250
2025-05-21T17:06:12.558543,KXBTCD-25MAY2121-T109249.99,DELTA,73,24,79,1069,944,no,18,1250
2025-05-21T17:06:12.837959,KXBTCD-25MAY2121-T109249.99,DELTA,73,24,79,1069,945,yes,71,100
2025-05-21T17:06:12.856667,KXBTCD-25MAY2121-T109249.99,DELTA,73,24,79,1169,946,no,21,100
2025-05-21T17:06:12.917976,KXBTCD-25MAY2121-T109249.99,DELTA,73,24,79,1169,947,yes,69,-1000
2025-05-21T17:06:12.937201,KXBTCD-25MAY2121-T109249.99,DELTA,73,24,79,1169,948,no,18,-1250
2025-05-21T17:06:12.976759,KXBTCD-25MAY2121-T109249.99,DELTA,73,24,79,1169,949,no,17,1250
2025-05-21T17:06:13.000355,KXBTCD-25MAY2121-T109249.99,DELTA,73,24,79,1169,950,yes,72,1000
2025-05-21T17:06:13.138248,KXBTCD-25MAY2121-T109249.99,DELTA,73,24,79,1169,951,no,18,-2000
2025-05-21T17:06:13.138403,KXBTCD-25MAY2121-T109249.99,DELTA,73,24,79,169,952,no,21,-1000
2025-05-21T17:06:13.176903,KXBTCD-25MAY2121-T109249.99,DELTA,73,24,79,169,953,no,17,2000
2025-05-21T17:06:13.177029,KXBTCD-25MAY2121-T109249.99,DELTA,73,24,79,169,954,no,20,1000
2025-05-21T17:06:13.496821,KXBTCD-25MAY2121-T109249.99,DELTA,73,24,79,169,955,yes,71,-100
2025-05-21T17:06:13.557521,KXBTCD-25MAY2121-T109249.99,DELTA,73,24,79,169,956,yes,72,-1000
2025-05-21T17:06:13.604534,KXBTCD-25MAY2121-T109249.99,DELTA,73,24,79,169,957,yes,69,1000
2025-05-21T17:06:13.716755,KXBTCD-25MAY2121-T109249.99,DELTA,73,24,79,169,958,yes,69,9
2025-05-21T17:06:14.037774,KXBTCD-25MAY2121-T109249.99,DELTA,73,24,79,168,959,no,21,-1
2025-05-21T17:06:14.337155,KXBTCD-25MAY2121-T109249.99,DELTA,73,24,79,100,960,no,21,-68
2025-05-21T17:06:14.337339,KXBTCD-25MAY2121-T109249.99,DELTA,73,24,79,100,961,no,20,68
2025-05-21T17:06:14.598453,KXBTCD-25MAY2121-T109249.99,DELTA,73,24,79,100,962,yes,72,100
2025-05-21T17:06:14.598593,KXBTCD-25MAY2121-T109249.99,DELTA,73,24,79,100,963,yes,69,-9
2025-05-21T17:06:14.716802,KXBTCD-25MAY2121-T109249.99,DELTA,73,24,79,100,964,yes,69,-1000
2025-05-21T17:06:14.777355,KXBTCD-25MAY2121-T109249.99,DELTA,73,1024,79,100,965,yes,73,1000
2025-05-21T17:06:14.897845,KXBTCD-25MAY2121-T109249.99,DELTA,73,1024,79,100,966,yes,68,-69
2025-05-21T17:06:14.897948,KXBTCD-25MAY2121-T109249.99,DELTA,73,1024,79,100,967,yes,69,69
2025-05-21T17:06:15.076672,KXBTCD-25MAY2121-T109249.99,DELTA,73,1024,79,100,968,no,17,-2000
2025-05-21T17:06:15.076787,KXBTCD-25MAY2121-T109249.99,DELTA,73,1024,79,100,969,no,20,-1000
2025-05-21T17:06:15.139014,KXBTCD-25MAY2121-T109249.99,DELTA,73,1024,79,100,970,no,18,2000
2025-05-21T17:06:15.139117,KXBTCD-25MAY2121-T109249.99,DELTA,73,1024,79,1100,971,no,21,1000
2025-05-21T17:06:15.223861,KXBTCD-25MAY2121-T109249.99,DELTA,73,1024,79,1100,972,no,18,-2000
2025-05-21T17:06:15.239864,KXBTCD-25MAY2121-T109249.99,DELTA,73,1024,79,100,973,no,21,-1000
2025-05-21T17:06:15.297564,KXBTCD-25MAY2121-T109249.99,DELTA,73,1024,79,100,974,no,17,2000
2025-05-21T17:06:15.297725,KXBTCD-25MAY2121-T109249.99,DELTA,73,1024,79,100,975,no,20,1000
2025-05-21T17:06:15.417854,KXBTCD-25MAY2121-T109249.99,DELTA,73,1024,79,100,976,no,17,-1250
2025-05-21T17:06:15.558088,KXBTCD-25MAY2121-T109249.99,DELTA,73,1024,79,100,977,no,16,1250
2025-05-21T17:06:15.598115,KXBTCD-25MAY2121-T109249.99,DELTA,73,1024,79,100,978,no,17,-2000
2025-05-21T17:06:15.599441,KXBTCD-25MAY2121-T109249.99,DELTA,73,1024,79,100,979,no,20,-1000
2025-05-21T17:06:15.676422,KXBTCD-25MAY2121-T109249.99,DELTA,73,1024,79,100,980,no,18,1000
2025-05-21T17:06:15.677548,KXBTCD-25MAY2121-T109249.99,DELTA,73,1024,79,100,981,no,15,2000
2025-05-21T17:06:15.757040,KXBTCD-25MAY2121-T109249.99,DELTA,73,1024,79,100,982,no,16,-1250
2025-05-21T17:06:15.836623,KXBTCD-25MAY2121-T109249.99,DELTA,73,1024,79,100,983,no,15,1250
2025-05-21T17:06:16.059000,KXBTCD-25MAY2121-T109249.99,DELTA,73,1024,79,100,984,yes,26,-1246
2025-05-21T17:06:16.076801,KXBTCD-25MAY2121-T109249.99,DELTA,73,1000,79,100,985,yes,73,-24
2025-05-21T17:06:16.076998,KXBTCD-25MAY2121-T109249.99,DELTA,75,24,79,100,986,yes,75,24
2025-05-21T17:06:16.077074,KXBTCD-25MAY2121-T109249.99,DELTA,75,24,79,100,987,no,10,-24
2025-05-21T17:06:16.096838,KXBTCD-25MAY2121-T109249.99,DELTA,75,24,79,100,988,no,8,24
2025-05-21T17:06:16.197825,KXBTCD-25MAY2121-T109249.99,DELTA,75,24,79,100,989,yes,54,-250
2025-05-21T17:06:16.218258,KXBTCD-25MAY2121-T109249.99,DELTA,75,24,79,100,990,yes,64,250
2025-05-21T17:06:16.237823,KXBTCD-25MAY2121-T109249.99,DELTA,75,24,80,318,991,no,21,-100
2025-05-21T17:06:16.237986,KXBTCD-25MAY2121-T109249.99,DELTA,75,24,80,318,992,yes,72,-100
2025-05-21T17:06:16.298044,KXBTCD-25MAY2121-T109249.99,DELTA,75,24,80,318,993,yes,63,-2000
2025-05-21T17:06:16.318274,KXBTCD-25MAY2121-T109249.99,DELTA,75,24,80,318,994,yes,63,-1250
2025-05-21T17:06:16.318379,KXBTCD-25MAY2121-T109249.99,DELTA,75,24,80,318,995,yes,73,-1000
2025-05-21T17:06:16.438044,KXBTCD-25MAY2121-T109249.99,DELTA,75,24,80,318,996,yes,65,1250
2025-05-21T17:06:16.478300,KXBTCD-25MAY2121-T109249.99,DELTA,75,24,80,318,997,yes,65,2000
2025-05-21T17:06:16.478420,KXBTCD-25MAY2121-T109249.99,DELTA,75,24,80,318,998,yes,70,1000
2025-05-21T17:06:16.636763,KXBTCD-25MAY2121-T109249.99,DELTA,75,24,80,318,999,no,15,-2000
2025-05-21T17:06:16.636875,KXBTCD-25MAY2121-T109249.99,DELTA,75,24,80,318,1000,no,18,-1000
2025-05-21T17:06:16.718596,KXBTCD-25MAY2121-T109249.99,DELTA,75,24,80,318,1001,no,16,2000
2025-05-21T17:06:16.718714,KXBTCD-25MAY2121-T109249.99,DELTA,75,24,80,318,1002,no,19,1000
2025-05-21T17:06:16.877526,KXBTCD-25MAY2121-T109249.99,DELTA,75,24,80,318,1003,no,16,-2000
2025-05-21T17:06:16.900179,KXBTCD-25MAY2121-T109249.99,DELTA,75,24,80,319,1004,no,20,1
2025-05-21T17:06:16.900275,KXBTCD-25MAY2121-T109249.99,DELTA,75,24,80,319,1005,no,19,-1000
2025-05-21T17:06:16.956943,KXBTCD-25MAY2121-T109249.99,DELTA,75,24,80,319,1006,no,18,1000
2025-05-21T17:06:16.997900,KXBTCD-25MAY2121-T109249.99,DELTA,75,24,80,319,1007,no,15,2000
2025-05-21T17:06:16.998053,KXBTCD-25MAY2121-T109249.99,DELTA,75,24,80,319,1008,yes,71,9
2025-05-21T17:06:17.286166,KXBTCD-25MAY2121-T109249.99,DELTA,75,24,80,319,1009,no,10,250
2025-05-21T17:06:17.286434,KXBTCD-25MAY2121-T109249.99,DELTA,75,24,80,69,1010,no,20,-250
2025-05-21T17:06:17.537768,KXBTCD-25MAY2121-T109249.99,DELTA,75,24,80,69,1011,yes,74,100
2025-05-21T17:06:17.537871,KXBTCD-25MAY2121-T109249.99,DELTA,75,24,80,69,1012,no,18,100
2025-05-21T17:06:17.596710,KXBTCD-25MAY2121-T109249.99,DELTA,75,24,80,69,1013,yes,70,-1000
2025-05-21T17:06:17.638772,KXBTCD-25MAY2121-T109249.99,DELTA,75,1024,80,69,1014,yes,75,1000
2025-05-21T17:06:17.657384,KXBTCD-25MAY2121-T109249.99,DELTA,75,1024,82,1350,1015,no,20,-69
2025-05-21T17:06:17.657497,KXBTCD-25MAY2121-T109249.99,DELTA,75,1024,81,69,1016,no,19,69
2025-05-21T17:06:17.776374,KXBTCD-25MAY2121-T109249.99,DELTA,75,1024,81,69,1017,yes,71,-9
2025-05-21T17:06:17.959282,KXBTCD-25MAY2121-T109249.99,DELTA,75,1024,81,69,1018,yes,69,-69
2025-05-21T17:06:17.959387,KXBTCD-25MAY2121-T109249.99,DELTA,75,1024,81,69,1019,yes,70,69
2025-05-21T17:06:18.697338,KXBTCD-25MAY2121-T109249.99,DELTA,75,1024,81,69,1020,no,15,-2000
2025-05-21T17:06:18.698070,KXBTCD-25MAY2121-T109249.99,DELTA,75,1024,81,69,1021,no,18,-1000
2025-05-21T17:06:18.776974,KXBTCD-25MAY2121-T109249.99,DELTA,75,1024,81,69,1022,no,17,1000
2025-05-21T17:06:18.777058,KXBTCD-25MAY2121-T109249.99,DELTA,75,1024,81,69,1023,no,14,2000
2025-05-21T17:06:18.817622,KXBTCD-25MAY2121-T109249.99,DELTA,75,1024,81,69,1024,no,14,-2000
2025-05-21T17:06:18.838024,KXBTCD-25MAY2121-T109249.99,DELTA,75,1024,81,69,1025,no,17,-1000
2025-05-21T17:06:18.900035,KXBTCD-25MAY2121-T109249.99,DELTA,75,1024,81,69,1026,no,15,2000
2025-05-21T17:06:18.900123,KXBTCD-25MAY2121-T109249.99,DELTA,75,1024,81,69,1027,no,18,1000
2025-05-21T17:06:19.118801,KXBTCD-25MAY2121-T109249.99,DELTA,75,1024,81,69,1028,no,15,-2000
2025-05-21T17:06:19.119000,KXBTCD-25MAY2121-T109249.99,DELTA,75,1024,81,69,1029,no,18,-1000
2025-05-21T17:06:19.156563,KXBTCD-25MAY2121-T109249.99,DELTA,75,1024,81,69,1030,no,14,2000
2025-05-21T17:06:19.157816,KXBTCD-25MAY2121-T109249.99,DELTA,75,1024,81,69,1031,no,17,1000
2025-05-21T17:06:19.258361,KXBTCD-25MAY2121-T109249.99,DELTA,75,1024,81,69,1032,no,14,-2000
2025-05-21T17:06:19.258531,KXBTCD-25MAY2121-T109249.99,DELTA,75,1024,81,69,1033,no,17,-1000
2025-05-21T17:06:19.298001,KXBTCD-25MAY2121-T109249.99,DELTA,75,1024,81,69,1034,no,18,1000
2025-05-21T17:06:19.318261,KXBTCD-25MAY2121-T109249.99,DELTA,75,1024,81,69,1035,no,15,2000
2025-05-21T17:06:20.578380,KXBTCD-25MAY2121-T109249.99,DELTA,75,1024,81,69,1036,yes,26,1246
2025-05-21T17:06:21.937720,KXBTCD-25MAY2121-T109249.99,DELTA,75,1024,81,69,1037,no,15,-2000
2025-05-21T17:06:21.957661,KXBTCD-25MAY2121-T109249.99,DELTA,75,1024,81,69,1038,no,18,-1000
2025-05-21T17:06:22.017851,KXBTCD-25MAY2121-T109249.99,DELTA,75,1024,81,69,1039,no,14,2000
2025-05-21T17:06:22.017984,KXBTCD-25MAY2121-T109249.99,DELTA,75,1024,81,69,1040,no,17,1000
2025-05-21T17:06:22.079623,KXBTCD-25MAY2121-T109249.99,DELTA,75,1024,81,69,1041,no,14,-2000
2025-05-21T17:06:22.100024,KXBTCD-25MAY2121-T109249.99,DELTA,75,1024,81,69,1042,no,17,-1000
2025-05-21T17:06:22.138946,KXBTCD-25MAY2121-T109249.99,DELTA,75,1024,81,69,1043,no,15,2000
2025-05-21T17:06:22.158532,KXBTCD-25MAY2121-T109249.99,DELTA,75,1024,81,69,1044,no,18,1000
2025-05-21T17:06:22.317714,KXBTCD-25MAY2121-T109249.99,DELTA,75,1024,81,69,1045,no,15,-2000
2025-05-21T17:06:22.337699,KXBTCD-25MAY2121-T109249.99,DELTA,75,1024,81,69,1046,no,18,-1000
2025-05-21T17:06:22.396964,KXBTCD-25MAY2121-T109249.99,DELTA,75,1024,81,69,1047,no,14,2000
2025-05-21T17:06:22.398358,KXBTCD-25MAY2121-T109249.99,DELTA,75,1024,81,69,1048,no,17,1000
2025-05-21T17:06:22.458472,KXBTCD-25MAY2121-T109249.99,DELTA,75,1024,81,69,1049,no,15,-1250
2025-05-21T17:06:22.517175,KXBTCD-25MAY2121-T109249.99,DELTA,75,1024,81,69,1050,no,14,1250
2025-05-21T17:06:22.998542,KXBTCD-25MAY2121-T109249.99,DELTA,75,1024,81,69,1051,no,14,-2000
2025-05-21T17:06:22.998665,KXBTCD-25MAY2121-T109249.99,DELTA,75,1024,81,69,1052,no,17,-1000
2025-05-21T17:06:23.017127,KXBTCD-25MAY2121-T109249.99,DELTA,75,1024,81,69,1053,no,14,-1250
2025-05-21T17:06:23.118898,KXBTCD-25MAY2121-T109249.99,DELTA,75,1024,81,69,1054,no,15,1250
2025-05-21T17:06:23.118995,KXBTCD-25MAY2121-T109249.99,DELTA,75,1024,81,69,1055,no,15,2000
2025-05-21T17:06:23.119057,KXBTCD-25MAY2121-T109249.99,DELTA,75,1024,81,69,1056,no,18,1000
2025-05-21T17:06:23.737486,KXBTCD-25MAY2121-T109249.99,DELTA,75,1024,81,69,1057,yes,70,-69
2025-05-21T17:06:23.737643,KXBTCD-25MAY2121-T109249.99,DELTA,75,1024,81,69,1058,yes,69,69
2025-05-21T17:06:23.858768,KXBTCD-25MAY2121-T109249.99,DELTA,75,1024,81,69,1059,no,18,-100
2025-05-21T17:06:23.918506,KXBTCD-25MAY2121-T109249.99,DELTA,75,1024,82,1250,1060,no,19,-69
2025-05-21T17:06:23.918737,KXBTCD-25MAY2121-T109249.99,DELTA,75,1024,80,69,1061,no,20,69
2025-05-21T17:06:24.137116,KXBTCD-25MAY2121-T109249.99,DELTA,75,1024,80,319,1062,no,20,250
2025-05-21T17:06:24.137234,KXBTCD-25MAY2121-T109249.99,DELTA,75,1024,80,319,1063,no,10,-250
2025-05-21T17:06:24.639557,KXBTCD-25MAY2121-T109249.99,DELTA,75,1024,80,319,1064,no,15,-2000
2025-05-21T17:06:24.656868,KXBTCD-25MAY2121-T109249.99,DELTA,75,1024,80,319,1065,no,18,-1000
2025-05-21T17:06:24.697939,KXBTCD-25MAY2121-T109249.99,DELTA,75,1024,80,319,1066,no,17,1000
2025-05-21T17:06:24.698054,KXBTCD-25MAY2121-T109249.99,DELTA,75,1024,80,319,1067,no,14,2000
2025-05-21T17:06:24.878901,KXBTCD-25MAY2121-T109249.99,DELTA,75,1024,80,319,1068,no,19,100
2025-05-21T17:06:24.999260,KXBTCD-25MAY2121-T109249.99,DELTA,75,1024,80,319,1069,no,14,-2000
2025-05-21T17:06:25.017620,KXBTCD-25MAY2121-T109249.99,DELTA,75,1024,80,319,1070,no,17,-1000
2025-05-21T17:06:25.059053,KXBTCD-25MAY2121-T109249.99,DELTA,75,1024,80,319,1071,no,15,2000
2025-05-21T17:06:25.059148,KXBTCD-25MAY2121-T109249.99,DELTA,75,1024,80,319,1072,no,18,1000
2025-05-21T17:06:25.157146,KXBTCD-25MAY2121-T109249.99,DELTA,75,1024,80,69,1073,no,20,-250
2025-05-21T17:06:25.157269,KXBTCD-25MAY2121-T109249.99,DELTA,75,1024,80,69,1074,no,10,250
2025-05-21T17:06:28.338285,KXBTCD-25MAY2121-T109249.99,DELTA,75,1024,80,69,1075,no,15,-2000
2025-05-21T17:06:28.338404,KXBTCD-25MAY2121-T109249.99,DELTA,75,1024,80,69,1076,no,18,-1000
2025-05-21T17:06:28.357095,KXBTCD-25MAY2121-T109249.99,DELTA,75,1024,80,69,1077,no,15,-1250
2025-05-21T17:06:28.437385,KXBTCD-25MAY2121-T109249.99,DELTA,75,1024,80,69,1078,no,14,2000
2025-05-21T17:06:28.456975,KXBTCD-25MAY2121-T109249.99,DELTA,75,1024,80,69,1079,no,14,1250
2025-05-21T17:06:28.457117,KXBTCD-25MAY2121-T109249.99,DELTA,75,1024,80,69,1080,no,17,1000
2025-05-21T17:06:30.159472,KXBTCD-25MAY2121-T109249.99,DELTA,75,1024,80,69,1081,no,14,-1250
2025-05-21T17:06:30.197286,KXBTCD-25MAY2121-T109249.99,DELTA,75,1024,80,69,1082,no,14,1250
2025-05-21T17:06:31.497716,KXBTCD-25MAY2121-T109249.99,DELTA,75,1024,80,69,1083,no,14,-1250
2025-05-21T17:06:31.557208,KXBTCD-25MAY2121-T109249.99,DELTA,75,1024,80,69,1084,no,14,1250
2025-05-21T17:06:31.959249,KXBTCD-25MAY2121-T109249.99,DELTA,75,1024,80,69,1085,no,14,-1250
2025-05-21T17:06:31.997317,KXBTCD-25MAY2121-T109249.99,DELTA,75,1024,80,69,1086,no,14,1250
2025-05-21T17:06:33.417998,KXBTCD-25MAY2121-T109249.99,DELTA,75,1024,80,69,1087,no,14,-1250
2025-05-21T17:06:33.478004,KXBTCD-25MAY2121-T109249.99,DELTA,75,1024,80,69,1088,no,15,1250
2025-05-21T17:06:33.820453,KXBTCD-25MAY2121-T109249.99,DELTA,75,1024,80,69,1089,no,14,-2000
2025-05-21T17:06:33.820944,KXBTCD-25MAY2121-T109249.99,DELTA,75,1024,80,69,1090,no,17,-1000
2025-05-21T17:06:33.878534,KXBTCD-25MAY2121-T109249.99,DELTA,75,1024,80,69,1091,no,18,1000
2025-05-21T17:06:33.879576,KXBTCD-25MAY2121-T109249.99,DELTA,75,1024,80,69,1092,no,15,2000
2025-05-21T17:06:34.000798,KXBTCD-25MAY2121-T109249.99,DELTA,75,1024,80,69,1093,no,15,-2000
2025-05-21T17:06:34.078711,KXBTCD-25MAY2121-T109249.99,DELTA,75,1024,80,69,1094,no,18,-1000
2025-05-21T17:06:34.079496,KXBTCD-25MAY2121-T109249.99,DELTA,75,1024,80,69,1095,no,15,-1250
2025-05-21T17:06:34.277008,KXBTCD-25MAY2121-T109249.99,DELTA,75,1024,80,319,1096,no,20,250
2025-05-21T17:06:34.379224,KXBTCD-25MAY2121-T109249.99,DELTA,75,1024,80,319,1097,no,10,-250
2025-05-21T17:06:34.379322,KXBTCD-25MAY2121-T109249.99,DELTA,75,1024,80,319,1098,no,16,1250
2025-05-21T17:06:34.379386,KXBTCD-25MAY2121-T109249.99,DELTA,75,1024,80,319,1099,no,17,2000
2025-05-21T17:06:34.379443,KXBTCD-25MAY2121-T109249.99,DELTA,75,1024,80,1319,1100,no,20,1000
2025-05-21T17:06:34.497622,KXBTCD-25MAY2121-T109249.99,DELTA,75,1024,80,1319,1101,no,16,-1250
2025-05-21T17:06:34.808440,KXBTCD-25MAY2121-T109249.99,DELTA,75,1024,80,1319,1102,no,17,1250
2025-05-21T17:06:34.977535,KXBTCD-25MAY2121-T109249.99,DELTA,75,1024,80,1319,1103,yes,54,250
2025-05-21T17:06:35.078978,KXBTCD-25MAY2121-T109249.99,DELTA,75,1024,80,1319,1104,no,19,-100
