timestamp,market_ticker,type,yes_bid_price_cents,yes_bid_qty,yes_ask_price_cents,yes_ask_qty_on_no_side,sequence_num,delta_side,delta_price_cents,delta_quantity
2025-05-21T17:03:26.127120,KXBTCD-25MAY2121-T109999.99,SNAPSHOT,36,50,39,1000,1,,,
2025-05-21T17:03:26.196928,KXBTCD-25MAY2121-T109999.99,DELTA,36,50,39,1000,2,yes,33,-69
2025-05-21T17:03:26.197333,KXBTCD-25MAY2121-T109999.99,DELTA,36,50,39,1000,3,yes,32,69
2025-05-21T17:03:26.380128,KXBTCD-25MAY2121-T109999.99,DELTA,36,50,39,1000,4,yes,3,-1000
2025-05-21T17:03:26.398510,KXBTCD-25MAY2121-T109999.99,DELTA,36,50,39,1000,5,yes,13,9
2025-05-21T17:03:26.477346,KXBTCD-25MAY2121-T109999.99,DELTA,36,50,39,1000,6,no,44,-9
2025-05-21T17:03:27.496317,KXBTCD-25MAY2121-T109999.99,DELTA,36,50,39,1000,7,yes,3,1000
2025-05-21T17:03:27.590102,KXBTCD-25MAY2121-T109999.99,DELTA,36,50,39,1000,8,no,56,-69
2025-05-21T17:03:27.591308,KXBTCD-25MAY2121-T109999.99,DELTA,36,50,39,1000,9,no,57,69
2025-05-21T17:03:27.877411,KXBTCD-25MAY2121-T109999.99,DELTA,36,50,39,1000,10,no,41,-2000
2025-05-21T17:03:28.076111,KXBTCD-25MAY2121-T109999.99,DELTA,36,50,39,1000,11,no,58,2000
2025-05-21T17:03:28.377004,KXBTCD-25MAY2121-T109999.99,DELTA,36,50,39,1000,12,no,6,-8000
2025-05-21T17:03:28.577604,KXBTCD-25MAY2121-T109999.99,DELTA,36,50,39,1000,13,no,7,8000
2025-05-21T17:03:29.101092,KXBTCD-25MAY2121-T109999.99,DELTA,36,50,39,1000,14,yes,28,24
2025-05-21T17:03:29.101515,KXBTCD-25MAY2121-T109999.99,DELTA,36,50,39,1000,15,yes,29,-24
2025-05-21T17:03:29.101922,KXBTCD-25MAY2121-T109999.99,DELTA,36,50,39,1000,16,no,54,-24
2025-05-21T17:03:29.102011,KXBTCD-25MAY2121-T109999.99,DELTA,36,50,39,1000,17,no,55,24
2025-05-21T17:03:29.958109,KXBTCD-25MAY2121-T109999.99,DELTA,36,50,39,1000,18,no,60,-50
2025-05-21T17:03:29.958939,KXBTCD-25MAY2121-T109999.99,DELTA,36,50,39,1050,19,no,61,50
2025-05-21T17:03:30.040820,KXBTCD-25MAY2121-T109999.99,DELTA,36,50,39,50,20,no,61,-1000
2025-05-21T17:03:30.058982,KXBTCD-25MAY2121-T109999.99,DELTA,36,50,39,50,21,yes,28,-24
2025-05-21T17:03:30.077593,KXBTCD-25MAY2121-T109999.99,DELTA,36,50,39,50,22,no,55,-24
2025-05-21T17:03:30.078179,KXBTCD-25MAY2121-T109999.99,DELTA,36,50,39,50,23,yes,26,24
2025-05-21T17:03:30.078691,KXBTCD-25MAY2121-T109999.99,DELTA,36,50,39,50,24,no,57,24
2025-05-21T17:03:30.100109,KXBTCD-25MAY2121-T109999.99,DELTA,36,50,38,1000,25,no,62,1000
2025-05-21T17:03:30.100639,KXBTCD-25MAY2121-T109999.99,DELTA,36,50,38,1000,26,no,61,-50
2025-05-21T17:03:30.100977,KXBTCD-25MAY2121-T109999.99,DELTA,36,50,38,1000,27,no,59,50
2025-05-21T17:03:30.157814,KXBTCD-25MAY2121-T109999.99,DELTA,36,50,41,50,28,no,62,-1000
2025-05-21T17:03:30.159492,KXBTCD-25MAY2121-T109999.99,DELTA,36,50,42,2000,29,no,59,-50
2025-05-21T17:03:30.160501,KXBTCD-25MAY2121-T109999.99,DELTA,36,50,39,50,30,no,61,50
2025-05-21T17:03:30.219246,KXBTCD-25MAY2121-T109999.99,DELTA,36,50,39,50,31,no,60,1000
2025-05-21T17:03:30.301857,KXBTCD-25MAY2121-T109999.99,DELTA,36,50,39,50,32,yes,2,-16200
2025-05-21T17:03:30.302360,KXBTCD-25MAY2121-T109999.99,DELTA,36,50,39,50,33,yes,1,32400
2025-05-21T17:03:30.337222,KXBTCD-25MAY2121-T109999.99,DELTA,36,50,39,50,34,no,7,-4628
2025-05-21T17:03:30.338267,KXBTCD-25MAY2121-T109999.99,DELTA,36,50,39,50,35,no,9,3600
2025-05-21T17:03:30.358262,KXBTCD-25MAY2121-T109999.99,DELTA,36,50,39,50,36,no,60,-1000
2025-05-21T17:03:30.359405,KXBTCD-25MAY2121-T109999.99,DELTA,36,50,39,50,37,yes,3,-20000
2025-05-21T17:03:30.379263,KXBTCD-25MAY2121-T109999.99,DELTA,36,50,39,50,38,yes,3,-2000
2025-05-21T17:03:30.379721,KXBTCD-25MAY2121-T109999.99,DELTA,36,50,39,50,39,yes,3,-1000
2025-05-21T17:03:30.397401,KXBTCD-25MAY2121-T109999.99,DELTA,36,50,39,50,40,no,8,-20000
2025-05-21T17:03:30.397914,KXBTCD-25MAY2121-T109999.99,DELTA,36,50,38,1000,41,no,62,1000
2025-05-21T17:03:30.437160,KXBTCD-25MAY2121-T109999.99,DELTA,36,50,38,1000,42,yes,2,1000
2025-05-21T17:03:30.437768,KXBTCD-25MAY2121-T109999.99,DELTA,36,50,38,1000,43,yes,2,2000
2025-05-21T17:03:30.438141,KXBTCD-25MAY2121-T109999.99,DELTA,36,50,38,1000,44,yes,2,20000
2025-05-21T17:03:30.456852,KXBTCD-25MAY2121-T109999.99,DELTA,36,50,38,1000,45,no,10,20000
2025-05-21T17:03:30.558361,KXBTCD-25MAY2121-T109999.99,DELTA,36,50,38,1000,46,no,57,-100
2025-05-21T17:03:30.636348,KXBTCD-25MAY2121-T109999.99,DELTA,36,50,38,1000,47,no,58,-2000
2025-05-21T17:03:30.657760,KXBTCD-25MAY2121-T109999.99,DELTA,36,50,38,1000,48,no,61,-50
2025-05-21T17:03:30.658101,KXBTCD-25MAY2121-T109999.99,DELTA,36,50,38,1050,49,no,62,50
2025-05-21T17:03:30.716336,KXBTCD-25MAY2121-T109999.99,DELTA,36,50,38,1050,50,no,41,2000
2025-05-21T17:03:30.776874,KXBTCD-25MAY2121-T109999.99,DELTA,36,50,38,1050,51,no,7,-8000
2025-05-21T17:03:30.816018,KXBTCD-25MAY2121-T109999.99,DELTA,36,50,38,50,52,no,62,-1000
2025-05-21T17:03:30.857059,KXBTCD-25MAY2121-T109999.99,DELTA,36,50,37,1000,53,no,63,1000
2025-05-21T17:03:30.876090,KXBTCD-25MAY2121-T109999.99,DELTA,36,50,37,1000,54,no,62,-50
2025-05-21T17:03:30.876454,KXBTCD-25MAY2121-T109999.99,DELTA,36,50,37,1000,55,no,58,50
2025-05-21T17:03:30.936833,KXBTCD-25MAY2121-T109999.99,DELTA,36,50,37,1000,56,no,58,-50
2025-05-21T17:03:30.937099,KXBTCD-25MAY2121-T109999.99,DELTA,36,50,37,1000,57,no,62,50
2025-05-21T17:03:30.977094,KXBTCD-25MAY2121-T109999.99,DELTA,36,50,38,50,58,no,63,-1000
2025-05-21T17:03:31.016366,KXBTCD-25MAY2121-T109999.99,DELTA,36,50,37,1000,59,no,63,1000
2025-05-21T17:03:31.056435,KXBTCD-25MAY2121-T109999.99,DELTA,36,50,37,1000,60,yes,35,-100
2025-05-21T17:03:31.278310,KXBTCD-25MAY2121-T109999.99,DELTA,32,69,37,1000,61,yes,36,-50
2025-05-21T17:03:31.278639,KXBTCD-25MAY2121-T109999.99,DELTA,33,50,37,1000,62,yes,33,50
2025-05-21T17:03:31.456517,KXBTCD-25MAY2121-T109999.99,DELTA,33,50,37,1000,63,yes,32,-69
2025-05-21T17:03:31.456901,KXBTCD-25MAY2121-T109999.99,DELTA,33,50,37,1000,64,yes,30,69
2025-05-21T17:03:31.515406,KXBTCD-25MAY2121-T109999.99,DELTA,33,50,37,1000,65,yes,2,-1000
2025-05-21T17:03:31.555826,KXBTCD-25MAY2121-T109999.99,DELTA,33,50,37,1000,66,yes,30,1000
2025-05-21T17:03:31.616849,KXBTCD-25MAY2121-T109999.99,DELTA,33,50,37,1000,67,no,8,8000
2025-05-21T17:03:31.657396,KXBTCD-25MAY2121-T109999.99,DELTA,33,50,37,1000,68,yes,27,9
2025-05-21T17:03:31.658088,KXBTCD-25MAY2121-T109999.99,DELTA,33,50,37,1000,69,yes,13,-9
2025-05-21T17:03:32.816803,KXBTCD-25MAY2121-T109999.99,DELTA,30,1069,37,1000,70,yes,33,-50
2025-05-21T17:03:32.817102,KXBTCD-25MAY2121-T109999.99,DELTA,31,50,37,1000,71,yes,31,50
2025-05-21T17:03:32.919980,KXBTCD-25MAY2121-T109999.99,DELTA,31,50,37,1000,72,yes,24,24
2025-05-21T17:03:32.920285,KXBTCD-25MAY2121-T109999.99,DELTA,31,50,37,1000,73,yes,30,-1000
2025-05-21T17:03:32.920431,KXBTCD-25MAY2121-T109999.99,DELTA,31,50,37,1000,74,yes,26,-24
2025-05-21T17:03:32.937375,KXBTCD-25MAY2121-T109999.99,DELTA,31,50,37,1000,75,no,57,-24
2025-05-21T17:03:32.938040,KXBTCD-25MAY2121-T109999.99,DELTA,31,50,37,1000,76,no,58,24
2025-05-21T17:03:32.956980,KXBTCD-25MAY2121-T109999.99,DELTA,31,50,37,1000,77,yes,27,-9
2025-05-21T17:03:33.018241,KXBTCD-25MAY2121-T109999.99,DELTA,31,50,37,1000,78,yes,30,1000
2025-05-21T17:03:33.038975,KXBTCD-25MAY2121-T109999.99,DELTA,31,50,37,1000,79,no,57,-69
2025-05-21T17:03:33.039967,KXBTCD-25MAY2121-T109999.99,DELTA,31,50,37,1000,80,no,59,69
2025-05-21T17:03:33.159105,KXBTCD-25MAY2121-T109999.99,DELTA,31,50,37,1000,81,yes,1,-32400
2025-05-21T17:03:33.160090,KXBTCD-25MAY2121-T109999.99,DELTA,31,50,37,1000,82,yes,4,8100
2025-05-21T17:03:33.198500,KXBTCD-25MAY2121-T109999.99,DELTA,31,50,37,1000,83,no,9,-3600
2025-05-21T17:03:33.198870,KXBTCD-25MAY2121-T109999.99,DELTA,31,50,37,1000,84,no,11,2945
2025-05-21T17:03:33.276986,KXBTCD-25MAY2121-T109999.99,DELTA,31,50,37,1000,85,no,10,-20000
2025-05-21T17:03:33.297057,KXBTCD-25MAY2121-T109999.99,DELTA,33,100,37,1000,86,yes,33,100
2025-05-21T17:03:33.316991,KXBTCD-25MAY2121-T109999.99,DELTA,33,100,37,1000,87,yes,2,-20000
2025-05-21T17:03:33.317855,KXBTCD-25MAY2121-T109999.99,DELTA,33,100,37,1000,88,no,5,20000
2025-05-21T17:03:33.318338,KXBTCD-25MAY2121-T109999.99,DELTA,33,100,37,1000,89,no,59,100
2025-05-21T17:03:33.318799,KXBTCD-25MAY2121-T109999.99,DELTA,33,100,37,1000,90,yes,2,-2000
2025-05-21T17:03:33.357817,KXBTCD-25MAY2121-T109999.99,DELTA,33,100,37,1000,91,yes,5,2000
2025-05-21T17:03:33.358563,KXBTCD-25MAY2121-T109999.99,DELTA,33,100,37,1000,92,yes,31,-50
2025-05-21T17:03:33.358970,KXBTCD-25MAY2121-T109999.99,DELTA,34,50,37,1000,93,yes,34,50
2025-05-21T17:03:33.376394,KXBTCD-25MAY2121-T109999.99,DELTA,34,50,37,1000,94,yes,5,20000
2025-05-21T17:03:33.396752,KXBTCD-25MAY2121-T109999.99,DELTA,34,50,37,1000,95,no,41,-2000
2025-05-21T17:03:33.436511,KXBTCD-25MAY2121-T109999.99,DELTA,34,50,37,1000,96,yes,30,-1000
2025-05-21T17:03:33.457820,KXBTCD-25MAY2121-T109999.99,DELTA,34,50,37,1000,97,no,60,2000
2025-05-21T17:03:33.535993,KXBTCD-25MAY2121-T109999.99,DELTA,34,50,37,1000,98,yes,5,1000
2025-05-21T17:03:34.316441,KXBTCD-25MAY2121-T109999.99,DELTA,34,50,37,1000,99,no,11,-2945
2025-05-21T17:03:34.316822,KXBTCD-25MAY2121-T109999.99,DELTA,34,50,37,1000,100,no,9,3600
2025-05-21T17:03:34.397543,KXBTCD-25MAY2121-T109999.99,DELTA,34,50,37,1000,101,no,5,-20000
2025-05-21T17:03:34.416343,KXBTCD-25MAY2121-T109999.99,DELTA,34,50,37,1000,102,yes,13,9
2025-05-21T17:03:34.575460,KXBTCD-25MAY2121-T109999.99,DELTA,34,50,37,1000,103,no,10,20000
2025-05-21T17:03:34.736927,KXBTCD-25MAY2121-T109999.99,DELTA,34,50,37,1000,104,no,8,-8000
2025-05-21T17:03:34.776281,KXBTCD-25MAY2121-T109999.99,DELTA,34,50,37,1000,105,no,9,8000
2025-05-21T17:03:35.037896,KXBTCD-25MAY2121-T109999.99,DELTA,34,50,37,1000,106,no,59,-100
2025-05-21T17:03:35.118192,KXBTCD-25MAY2121-T109999.99,DELTA,34,50,37,1000,107,no,60,-2000
2025-05-21T17:03:35.178844,KXBTCD-25MAY2121-T109999.99,DELTA,34,50,37,1000,108,no,41,2000
2025-05-21T17:03:35.417009,KXBTCD-25MAY2121-T109999.99,DELTA,34,50,37,1000,109,no,9,-3600
2025-05-21T17:03:35.417923,KXBTCD-25MAY2121-T109999.99,DELTA,34,50,37,1000,110,no,11,2945
2025-05-21T17:03:35.437148,KXBTCD-25MAY2121-T109999.99,DELTA,34,50,37,1000,111,yes,5,-1000
2025-05-21T17:03:35.477987,KXBTCD-25MAY2121-T109999.99,DELTA,34,50,37,1000,112,yes,30,1000
2025-05-21T17:03:35.479056,KXBTCD-25MAY2121-T109999.99,DELTA,34,50,37,1000,113,no,10,-20000
2025-05-21T17:03:35.537359,KXBTCD-25MAY2121-T109999.99,DELTA,34,50,37,1000,114,no,5,20000
2025-05-21T17:03:35.758148,KXBTCD-25MAY2121-T109999.99,DELTA,34,50,37,1000,115,yes,30,-69
2025-05-21T17:03:35.759418,KXBTCD-25MAY2121-T109999.99,DELTA,34,50,37,1000,116,yes,29,69
2025-05-21T17:03:35.858295,KXBTCD-25MAY2121-T109999.99,DELTA,34,50,37,1000,117,no,60,100
2025-05-21T17:03:36.475281,KXBTCD-25MAY2121-T109999.99,DELTA,34,50,37,1000,118,yes,4,-8100
2025-05-21T17:03:36.475729,KXBTCD-25MAY2121-T109999.99,DELTA,34,50,37,1000,119,yes,3,10800
2025-05-21T17:03:36.515189,KXBTCD-25MAY2121-T109999.99,DELTA,34,50,37,1000,120,no,59,-69
2025-05-21T17:03:36.515982,KXBTCD-25MAY2121-T109999.99,DELTA,34,50,37,1000,121,no,60,69
2025-05-21T17:03:36.536370,KXBTCD-25MAY2121-T109999.99,DELTA,34,50,37,1000,122,no,11,-2945
2025-05-21T17:03:36.537037,KXBTCD-25MAY2121-T109999.99,DELTA,34,50,37,1000,123,no,10,3240
2025-05-21T17:03:36.537459,KXBTCD-25MAY2121-T109999.99,DELTA,34,50,37,1000,124,yes,5,-20000
2025-05-21T17:03:36.557170,KXBTCD-25MAY2121-T109999.99,DELTA,34,50,37,1000,125,yes,5,-2000
2025-05-21T17:03:36.576592,KXBTCD-25MAY2121-T109999.99,DELTA,34,50,37,1000,126,no,41,-2000
2025-05-21T17:03:36.597723,KXBTCD-25MAY2121-T109999.99,DELTA,34,50,37,1000,127,yes,13,-9
2025-05-21T17:03:36.598423,KXBTCD-25MAY2121-T109999.99,DELTA,34,50,37,1000,128,yes,4,2000
2025-05-21T17:03:36.617587,KXBTCD-25MAY2121-T109999.99,DELTA,34,50,37,1000,129,yes,4,20000
2025-05-21T17:03:36.617991,KXBTCD-25MAY2121-T109999.99,DELTA,34,50,37,1000,130,no,61,2000
2025-05-21T17:03:36.957999,KXBTCD-25MAY2121-T109999.99,DELTA,34,50,37,1000,131,no,5,-20000
2025-05-21T17:03:37.015963,KXBTCD-25MAY2121-T109999.99,DELTA,34,50,37,1000,132,no,11,20000
2025-05-21T17:03:37.336226,KXBTCD-25MAY2121-T109999.99,DELTA,34,50,37,1000,133,no,60,-69
2025-05-21T17:03:37.337400,KXBTCD-25MAY2121-T109999.99,DELTA,34,50,37,1000,134,no,59,69
2025-05-21T17:03:37.397121,KXBTCD-25MAY2121-T109999.99,DELTA,34,50,37,1000,135,no,61,-2000
2025-05-21T17:03:37.458135,KXBTCD-25MAY2121-T109999.99,DELTA,34,50,37,1000,136,no,41,2000
2025-05-21T17:03:37.715365,KXBTCD-25MAY2121-T109999.99,DELTA,34,50,37,1000,137,no,10,-3240
2025-05-21T17:03:37.715572,KXBTCD-25MAY2121-T109999.99,DELTA,34,50,37,1000,138,no,12,2700
2025-05-21T17:03:37.775391,KXBTCD-25MAY2121-T109999.99,DELTA,34,50,37,1000,139,no,11,-20000
2025-05-21T17:03:37.816128,KXBTCD-25MAY2121-T109999.99,DELTA,34,50,37,1000,140,no,5,20000
2025-05-21T17:03:37.836374,KXBTCD-25MAY2121-T109999.99,DELTA,34,50,37,1000,141,no,62,-50
2025-05-21T17:03:37.836495,KXBTCD-25MAY2121-T109999.99,DELTA,34,50,37,1000,142,no,61,50
2025-05-21T17:03:37.895356,KXBTCD-25MAY2121-T109999.99,DELTA,34,50,39,50,143,no,63,-1000
2025-05-21T17:03:37.995775,KXBTCD-25MAY2121-T109999.99,DELTA,34,50,38,1000,144,no,62,1000
2025-05-21T17:03:38.037491,KXBTCD-25MAY2121-T109999.99,DELTA,34,50,38,1000,145,yes,29,-69
2025-05-21T17:03:38.038027,KXBTCD-25MAY2121-T109999.99,DELTA,34,50,38,1000,146,yes,30,69
2025-05-21T17:03:38.823304,KXBTCD-25MAY2121-T109999.99,DELTA,34,50,38,1000,147,no,61,-50
2025-05-21T17:03:38.824002,KXBTCD-25MAY2121-T109999.99,DELTA,34,50,38,1050,148,no,62,50
2025-05-21T17:03:38.917443,KXBTCD-25MAY2121-T109999.99,DELTA,34,50,38,50,149,no,62,-1000
2025-05-21T17:03:38.976138,KXBTCD-25MAY2121-T109999.99,DELTA,34,50,38,50,150,yes,30,-1000
2025-05-21T17:03:38.977426,KXBTCD-25MAY2121-T109999.99,DELTA,34,50,40,100,151,no,62,-50
2025-05-21T17:03:38.978152,KXBTCD-25MAY2121-T109999.99,DELTA,34,50,39,50,152,no,61,50
2025-05-21T17:03:38.997684,KXBTCD-25MAY2121-T109999.99,DELTA,34,50,37,1000,153,no,63,1000
2025-05-21T17:03:39.059301,KXBTCD-25MAY2121-T109999.99,DELTA,34,50,37,1000,154,yes,4,1000
2025-05-21T17:03:39.059665,KXBTCD-25MAY2121-T109999.99,DELTA,34,50,37,1000,155,no,61,-50
2025-05-21T17:03:39.059803,KXBTCD-25MAY2121-T109999.99,DELTA,34,50,37,1000,156,no,62,50
2025-05-21T17:03:39.076567,KXBTCD-25MAY2121-T109999.99,DELTA,34,50,38,50,157,no,63,-1000
2025-05-21T17:03:39.142353,KXBTCD-25MAY2121-T109999.99,DELTA,34,50,37,1000,158,no,63,1000
2025-05-21T17:03:39.142516,KXBTCD-25MAY2121-T109999.99,DELTA,34,50,37,1000,159,no,62,-50
2025-05-21T17:03:39.142636,KXBTCD-25MAY2121-T109999.99,DELTA,34,50,37,1000,160,no,61,50
2025-05-21T17:03:39.195065,KXBTCD-25MAY2121-T109999.99,DELTA,34,50,37,1000,161,no,61,-50
2025-05-21T17:03:39.195796,KXBTCD-25MAY2121-T109999.99,DELTA,34,50,37,1000,162,no,62,50
2025-05-21T17:03:39.242725,KXBTCD-25MAY2121-T109999.99,DELTA,34,50,38,50,163,no,63,-1000
2025-05-21T17:03:39.276231,KXBTCD-25MAY2121-T109999.99,DELTA,34,50,37,1000,164,no,63,1000
2025-05-21T17:03:39.316743,KXBTCD-25MAY2121-T109999.99,DELTA,34,50,37,1000,165,no,62,-50
2025-05-21T17:03:39.317697,KXBTCD-25MAY2121-T109999.99,DELTA,34,50,37,1000,166,no,61,50
2025-05-21T17:03:39.421452,KXBTCD-25MAY2121-T109999.99,DELTA,34,50,37,1000,167,no,61,-50
2025-05-21T17:03:39.422654,KXBTCD-25MAY2121-T109999.99,DELTA,34,50,37,1000,168,no,62,50
2025-05-21T17:03:39.423012,KXBTCD-25MAY2121-T109999.99,DELTA,34,50,38,50,169,no,63,-1000
2025-05-21T17:03:39.423267,KXBTCD-25MAY2121-T109999.99,DELTA,34,50,38,1050,170,no,62,1000
2025-05-21T17:03:39.459684,KXBTCD-25MAY2121-T109999.99,DELTA,34,50,38,1000,171,no,62,-50
2025-05-21T17:03:39.460525,KXBTCD-25MAY2121-T109999.99,DELTA,34,50,38,1000,172,no,61,50
2025-05-21T17:03:39.461216,KXBTCD-25MAY2121-T109999.99,DELTA,34,50,39,50,173,no,62,-1000
2025-05-21T17:03:39.516097,KXBTCD-25MAY2121-T109999.99,DELTA,34,50,37,1000,174,no,63,1000
2025-05-21T17:03:39.517227,KXBTCD-25MAY2121-T109999.99,DELTA,34,50,37,1000,175,no,61,-50
2025-05-21T17:03:39.517613,KXBTCD-25MAY2121-T109999.99,DELTA,34,50,37,1000,176,no,62,50
2025-05-21T17:03:39.558306,KXBTCD-25MAY2121-T109999.99,DELTA,34,50,38,50,177,no,63,-1000
2025-05-21T17:03:39.619758,KXBTCD-25MAY2121-T109999.99,DELTA,34,50,37,1000,178,no,63,1000
2025-05-21T17:03:39.620472,KXBTCD-25MAY2121-T109999.99,DELTA,34,50,37,1000,179,no,62,-50
2025-05-21T17:03:39.620865,KXBTCD-25MAY2121-T109999.99,DELTA,34,50,37,1000,180,no,61,50
2025-05-21T17:03:39.675776,KXBTCD-25MAY2121-T109999.99,DELTA,34,50,39,50,181,no,63,-1000
2025-05-21T17:03:39.697245,KXBTCD-25MAY2121-T109999.99,DELTA,34,50,40,100,182,no,61,-50
2025-05-21T17:03:39.698044,KXBTCD-25MAY2121-T109999.99,DELTA,34,50,38,50,183,no,62,50
2025-05-21T17:03:39.715909,KXBTCD-25MAY2121-T109999.99,DELTA,34,50,38,1050,184,no,62,1000
2025-05-21T17:03:39.716116,KXBTCD-25MAY2121-T109999.99,DELTA,34,50,38,1050,185,yes,13,9
2025-05-21T17:03:39.756265,KXBTCD-25MAY2121-T109999.99,DELTA,34,50,38,1000,186,no,62,-50
2025-05-21T17:03:39.756419,KXBTCD-25MAY2121-T109999.99,DELTA,34,50,38,1000,187,no,61,50
2025-05-21T17:03:39.756492,KXBTCD-25MAY2121-T109999.99,DELTA,34,50,39,50,188,no,62,-1000
2025-05-21T17:03:39.796064,KXBTCD-25MAY2121-T109999.99,DELTA,34,50,37,1000,189,no,63,1000
2025-05-21T17:03:39.836186,KXBTCD-25MAY2121-T109999.99,DELTA,34,50,39,50,190,no,63,-1000
2025-05-21T17:03:39.877097,KXBTCD-25MAY2121-T109999.99,DELTA,34,50,38,1000,191,no,62,1000
2025-05-21T17:03:40.176275,KXBTCD-25MAY2121-T109999.99,DELTA,34,50,38,1000,192,no,61,-50
2025-05-21T17:03:40.176864,KXBTCD-25MAY2121-T109999.99,DELTA,34,50,37,50,193,no,63,50
2025-05-21T17:03:40.296895,KXBTCD-25MAY2121-T109999.99,DELTA,34,50,37,50,194,no,62,-1000
2025-05-21T17:03:40.356067,KXBTCD-25MAY2121-T109999.99,DELTA,34,50,36,1000,195,no,64,1000
2025-05-21T17:03:40.616890,KXBTCD-25MAY2121-T109999.99,DELTA,34,50,36,1000,196,yes,30,-69
2025-05-21T17:03:40.617763,KXBTCD-25MAY2121-T109999.99,DELTA,34,50,36,1000,197,yes,29,69
2025-05-21T17:03:40.674949,KXBTCD-25MAY2121-T109999.99,DELTA,34,50,36,1000,198,no,63,-50
2025-05-21T17:03:40.675430,KXBTCD-25MAY2121-T109999.99,DELTA,34,50,36,1000,199,no,62,50
2025-05-21T17:03:40.675618,KXBTCD-25MAY2121-T109999.99,DELTA,34,50,36,1000,200,yes,4,-1000
2025-05-21T17:03:40.717689,KXBTCD-25MAY2121-T109999.99,DELTA,34,50,36,1000,201,yes,13,-9
2025-05-21T17:03:40.717972,KXBTCD-25MAY2121-T109999.99,DELTA,34,50,36,1000,202,yes,29,1000
2025-05-21T17:03:40.737231,KXBTCD-25MAY2121-T109999.99,DELTA,34,50,38,50,203,no,64,-1000
2025-05-21T17:03:40.776082,KXBTCD-25MAY2121-T109999.99,DELTA,34,50,38,50,204,yes,30,9
2025-05-21T17:03:40.815889,KXBTCD-25MAY2121-T109999.99,DELTA,34,50,37,1000,205,no,63,1000
2025-05-21T17:03:41.118113,KXBTCD-25MAY2121-T109999.99,DELTA,34,50,37,1000,206,no,59,-69
2025-05-21T17:03:41.119102,KXBTCD-25MAY2121-T109999.99,DELTA,34,50,37,1000,207,no,60,69
2025-05-21T17:03:41.197299,KXBTCD-25MAY2121-T109999.99,DELTA,34,50,37,1000,208,no,41,-2000
2025-05-21T17:03:41.235957,KXBTCD-25MAY2121-T109999.99,DELTA,34,50,37,1000,209,yes,29,-1000
2025-05-21T17:03:41.255338,KXBTCD-25MAY2121-T109999.99,DELTA,34,50,37,1000,210,no,61,2000
2025-05-21T17:03:41.296271,KXBTCD-25MAY2121-T109999.99,DELTA,34,50,37,1000,211,yes,30,1000
2025-05-21T17:03:41.396313,KXBTCD-25MAY2121-T109999.99,DELTA,34,50,37,1000,212,no,60,-69
2025-05-21T17:03:41.396524,KXBTCD-25MAY2121-T109999.99,DELTA,34,50,37,1000,213,no,59,69
2025-05-21T17:03:41.456703,KXBTCD-25MAY2121-T109999.99,DELTA,34,50,37,1000,214,no,61,-2000
2025-05-21T17:03:41.495055,KXBTCD-25MAY2121-T109999.99,DELTA,34,50,37,1000,215,no,41,2000
2025-05-21T17:03:41.515663,KXBTCD-25MAY2121-T109999.99,DELTA,34,50,37,1000,216,yes,30,-9
2025-05-21T17:03:41.576422,KXBTCD-25MAY2121-T109999.99,DELTA,34,50,37,1000,217,yes,29,-69
2025-05-21T17:03:41.576658,KXBTCD-25MAY2121-T109999.99,DELTA,34,50,37,1000,218,yes,30,69
2025-05-21T17:03:41.758503,KXBTCD-25MAY2121-T109999.99,DELTA,34,50,37,1000,219,yes,24,-24
2025-05-21T17:03:41.758804,KXBTCD-25MAY2121-T109999.99,DELTA,34,50,37,1000,220,yes,26,24
2025-05-21T17:03:41.758966,KXBTCD-25MAY2121-T109999.99,DELTA,34,50,37,1000,221,no,62,-50
2025-05-21T17:03:41.759096,KXBTCD-25MAY2121-T109999.99,DELTA,34,50,37,1000,222,no,60,50
2025-05-21T17:03:41.759218,KXBTCD-25MAY2121-T109999.99,DELTA,34,50,37,1000,223,no,58,-24
2025-05-21T17:03:41.759338,KXBTCD-25MAY2121-T109999.99,DELTA,34,50,37,1000,224,no,57,24
2025-05-21T17:03:41.815780,KXBTCD-25MAY2121-T109999.99,DELTA,34,50,37,1000,225,yes,30,-1000
2025-05-21T17:03:41.855297,KXBTCD-25MAY2121-T109999.99,DELTA,34,50,37,1000,226,no,41,-2000
2025-05-21T17:03:41.855954,KXBTCD-25MAY2121-T109999.99,DELTA,34,50,40,150,227,no,63,-1000
2025-05-21T17:03:41.877292,KXBTCD-25MAY2121-T109999.99,DELTA,34,50,40,150,228,yes,31,1000
2025-05-21T17:03:41.937049,KXBTCD-25MAY2121-T109999.99,DELTA,34,50,39,1000,229,no,61,1000
2025-05-21T17:03:41.937702,KXBTCD-25MAY2121-T109999.99,DELTA,34,50,39,3000,230,no,61,2000
2025-05-21T17:03:41.995981,KXBTCD-25MAY2121-T109999.99,DELTA,34,50,39,3000,231,no,60,-100
2025-05-21T17:03:42.024696,KXBTCD-25MAY2121-T109999.99,DELTA,34,50,39,3000,232,yes,33,-100
2025-05-21T17:03:42.056737,KXBTCD-25MAY2121-T109999.99,DELTA,34,50,39,3000,233,yes,31,-1000
2025-05-21T17:03:42.057027,KXBTCD-25MAY2121-T109999.99,DELTA,34,50,39,1000,234,no,61,-2000
2025-05-21T17:03:42.116533,KXBTCD-25MAY2121-T109999.99,DELTA,34,50,39,1000,235,yes,31,1000
2025-05-21T17:03:42.156649,KXBTCD-25MAY2121-T109999.99,DELTA,34,50,39,1000,236,no,41,2000
2025-05-21T17:03:42.439028,KXBTCD-25MAY2121-T109999.99,DELTA,31,1000,39,1000,237,yes,34,-50
2025-05-21T17:03:42.439439,KXBTCD-25MAY2121-T109999.99,DELTA,32,50,39,1000,238,yes,32,50
2025-05-21T17:03:42.855605,KXBTCD-25MAY2121-T109999.99,DELTA,34,100,39,1000,239,yes,34,100
2025-05-21T17:03:42.875430,KXBTCD-25MAY2121-T109999.99,DELTA,34,100,39,1000,240,no,58,100
2025-05-21T17:03:42.935282,KXBTCD-25MAY2121-T109999.99,DELTA,34,100,39,1000,241,yes,32,-50
2025-05-21T17:03:42.935464,KXBTCD-25MAY2121-T109999.99,DELTA,35,50,39,1000,242,yes,35,50
2025-05-21T17:03:43.117236,KXBTCD-25MAY2121-T109999.99,DELTA,35,50,39,1000,243,no,12,-2700
2025-05-21T17:03:43.117392,KXBTCD-25MAY2121-T109999.99,DELTA,35,50,39,1000,244,no,10,3240
2025-05-21T17:03:43.177284,KXBTCD-25MAY2121-T109999.99,DELTA,35,50,39,1000,245,no,5,-20000
2025-05-21T17:03:43.216053,KXBTCD-25MAY2121-T109999.99,DELTA,35,50,39,1000,246,no,11,20000
2025-05-21T17:03:43.756752,KXBTCD-25MAY2121-T109999.99,DELTA,35,50,39,1000,247,no,59,-69
2025-05-21T17:03:43.758045,KXBTCD-25MAY2121-T109999.99,DELTA,35,50,39,1000,248,no,58,69
2025-05-21T17:03:43.837038,KXBTCD-25MAY2121-T109999.99,DELTA,35,50,39,1000,249,no,41,-2000
2025-05-21T17:03:43.877188,KXBTCD-25MAY2121-T109999.99,DELTA,35,50,39,1000,250,no,59,2000
2025-05-21T17:03:44.699166,KXBTCD-25MAY2121-T109999.99,DELTA,35,50,39,1000,251,yes,30,-69
2025-05-21T17:03:44.699965,KXBTCD-25MAY2121-T109999.99,DELTA,35,50,39,1000,252,yes,31,69
2025-05-21T17:03:45.057206,KXBTCD-25MAY2121-T109999.99,DELTA,35,50,39,1000,253,no,10,-3240
2025-05-21T17:03:45.058300,KXBTCD-25MAY2121-T109999.99,DELTA,35,50,39,1000,254,no,12,2700
2025-05-21T17:03:45.116853,KXBTCD-25MAY2121-T109999.99,DELTA,35,50,39,1000,255,no,11,-20000
2025-05-21T17:03:45.176071,KXBTCD-25MAY2121-T109999.99,DELTA,35,50,39,1000,256,no,5,20000
2025-05-21T17:03:45.898068,KXBTCD-25MAY2121-T109999.99,DELTA,35,50,39,1000,257,no,60,-50
2025-05-21T17:03:45.898478,KXBTCD-25MAY2121-T109999.99,DELTA,35,50,39,1050,258,no,61,50
2025-05-21T17:03:45.898689,KXBTCD-25MAY2121-T109999.99,DELTA,35,50,39,1050,259,yes,31,-1000
2025-05-21T17:03:45.975862,KXBTCD-25MAY2121-T109999.99,DELTA,35,50,39,1050,260,yes,4,1000
2025-05-21T17:03:45.976577,KXBTCD-25MAY2121-T109999.99,DELTA,35,50,39,50,261,no,61,-1000
2025-05-21T17:03:46.036154,KXBTCD-25MAY2121-T109999.99,DELTA,35,50,41,2000,262,no,61,-50
2025-05-21T17:03:46.036612,KXBTCD-25MAY2121-T109999.99,DELTA,35,50,40,50,263,no,60,50
2025-05-21T17:03:46.036683,KXBTCD-25MAY2121-T109999.99,DELTA,35,50,38,1000,264,no,62,1000
2025-05-21T17:03:46.098385,KXBTCD-25MAY2121-T109999.99,DELTA,35,50,38,1000,265,no,60,-50
2025-05-21T17:03:46.098932,KXBTCD-25MAY2121-T109999.99,DELTA,35,50,38,1000,266,no,61,50
2025-05-21T17:03:46.117208,KXBTCD-25MAY2121-T109999.99,DELTA,35,50,39,50,267,no,62,-1000
2025-05-21T17:03:46.117370,KXBTCD-25MAY2121-T109999.99,DELTA,35,50,39,50,268,no,12,-2700
2025-05-21T17:03:46.117442,KXBTCD-25MAY2121-T109999.99,DELTA,35,50,39,50,269,no,10,3240
2025-05-21T17:03:46.117497,KXBTCD-25MAY2121-T109999.99,DELTA,35,50,39,50,270,yes,13,9
2025-05-21T17:03:46.155611,KXBTCD-25MAY2121-T109999.99,DELTA,35,50,38,1000,271,no,62,1000
2025-05-21T17:03:46.176281,KXBTCD-25MAY2121-T109999.99,DELTA,35,50,38,1000,272,no,61,-50
2025-05-21T17:03:46.176443,KXBTCD-25MAY2121-T109999.99,DELTA,35,50,38,1000,273,no,60,50
2025-05-21T17:03:46.216971,KXBTCD-25MAY2121-T109999.99,DELTA,35,50,38,1000,274,no,5,-20000
2025-05-21T17:03:46.236848,KXBTCD-25MAY2121-T109999.99,DELTA,35,50,40,50,275,no,62,-1000
2025-05-21T17:03:46.237030,KXBTCD-25MAY2121-T109999.99,DELTA,35,50,41,2000,276,no,60,-50
2025-05-21T17:03:46.237105,KXBTCD-25MAY2121-T109999.99,DELTA,35,50,39,50,277,no,61,50
2025-05-21T17:03:46.256223,KXBTCD-25MAY2121-T109999.99,DELTA,35,50,39,50,278,no,11,20000
2025-05-21T17:03:46.275113,KXBTCD-25MAY2121-T109999.99,DELTA,35,50,39,1050,279,no,61,1000
2025-05-21T17:03:46.295537,KXBTCD-25MAY2121-T109999.99,DELTA,35,50,39,1000,280,no,61,-50
2025-05-21T17:03:46.295731,KXBTCD-25MAY2121-T109999.99,DELTA,35,50,39,1000,281,no,60,50
2025-05-21T17:03:46.317134,KXBTCD-25MAY2121-T109999.99,DELTA,35,50,40,50,282,no,61,-1000
2025-05-21T17:03:46.355534,KXBTCD-25MAY2121-T109999.99,DELTA,35,50,39,1000,283,no,61,1000
2025-05-21T17:03:46.416579,KXBTCD-25MAY2121-T109999.99,DELTA,35,50,39,1000,284,no,60,-50
2025-05-21T17:03:46.416812,KXBTCD-25MAY2121-T109999.99,DELTA,35,50,39,1050,285,no,61,50
2025-05-21T17:03:46.476536,KXBTCD-25MAY2121-T109999.99,DELTA,35,50,39,50,286,no,61,-1000
2025-05-21T17:03:46.570377,KXBTCD-25MAY2121-T109999.99,DELTA,35,50,38,1000,287,no,62,1000
2025-05-21T17:03:46.570538,KXBTCD-25MAY2121-T109999.99,DELTA,35,50,38,1000,288,no,61,-50
2025-05-21T17:03:46.570611,KXBTCD-25MAY2121-T109999.99,DELTA,35,50,38,1000,289,no,60,50
2025-05-21T17:03:46.596954,KXBTCD-25MAY2121-T109999.99,DELTA,35,50,40,50,290,no,62,-1000
2025-05-21T17:03:46.616192,KXBTCD-25MAY2121-T109999.99,DELTA,35,50,40,50,291,yes,4,-1000
2025-05-21T17:03:46.635431,KXBTCD-25MAY2121-T109999.99,DELTA,35,50,39,1000,292,no,61,1000
2025-05-21T17:03:46.656510,KXBTCD-25MAY2121-T109999.99,DELTA,35,50,39,1000,293,yes,31,1000
2025-05-21T17:03:47.177119,KXBTCD-25MAY2121-T109999.99,DELTA,35,50,39,1000,294,no,10,-3240
2025-05-21T17:03:47.177322,KXBTCD-25MAY2121-T109999.99,DELTA,35,50,39,1000,295,no,12,2700
2025-05-21T17:03:47.306135,KXBTCD-25MAY2121-T109999.99,DELTA,35,50,39,1000,296,no,11,-20000
2025-05-21T17:03:47.306334,KXBTCD-25MAY2121-T109999.99,DELTA,35,50,39,1000,297,yes,13,-9
2025-05-21T17:03:47.306411,KXBTCD-25MAY2121-T109999.99,DELTA,35,50,39,1000,298,no,5,20000
2025-05-21T17:03:48.295203,KXBTCD-25MAY2121-T109999.99,DELTA,35,50,39,1000,299,no,12,-2700
2025-05-21T17:03:48.295481,KXBTCD-25MAY2121-T109999.99,DELTA,35,50,39,1000,300,no,10,3240
2025-05-21T17:03:48.356125,KXBTCD-25MAY2121-T109999.99,DELTA,35,50,39,1000,301,no,5,-20000
2025-05-21T17:03:48.395776,KXBTCD-25MAY2121-T109999.99,DELTA,35,50,39,1000,302,no,11,20000
2025-05-21T17:03:49.435558,KXBTCD-25MAY2121-T109999.99,DELTA,35,50,39,1000,303,yes,3,-10800
2025-05-21T17:03:49.435757,KXBTCD-25MAY2121-T109999.99,DELTA,35,50,39,1000,304,yes,4,8100
2025-05-21T17:03:49.475682,KXBTCD-25MAY2121-T109999.99,DELTA,35,50,39,1000,305,no,10,-3240
2025-05-21T17:03:49.475874,KXBTCD-25MAY2121-T109999.99,DELTA,35,50,39,1000,306,no,12,2700
2025-05-21T17:03:49.495390,KXBTCD-25MAY2121-T109999.99,DELTA,35,50,39,1000,307,yes,4,-20000
2025-05-21T17:03:49.495600,KXBTCD-25MAY2121-T109999.99,DELTA,35,50,39,1000,308,yes,4,-2000
2025-05-21T17:03:49.535026,KXBTCD-25MAY2121-T109999.99,DELTA,35,50,39,1000,309,no,11,-20000
2025-05-21T17:03:49.556315,KXBTCD-25MAY2121-T109999.99,DELTA,35,50,39,1000,310,yes,5,20000
2025-05-21T17:03:49.556509,KXBTCD-25MAY2121-T109999.99,DELTA,35,50,39,1000,311,yes,5,2000
2025-05-21T17:03:49.596156,KXBTCD-25MAY2121-T109999.99,DELTA,35,50,39,1000,312,no,5,20000
2025-05-21T17:03:50.977683,KXBTCD-25MAY2121-T109999.99,DELTA,35,50,39,1000,313,no,60,-50
2025-05-21T17:03:50.979059,KXBTCD-25MAY2121-T109999.99,DELTA,35,50,39,1050,314,no,61,50
2025-05-21T17:03:51.037704,KXBTCD-25MAY2121-T109999.99,DELTA,35,50,39,50,315,no,61,-1000
2025-05-21T17:03:51.082794,KXBTCD-25MAY2121-T109999.99,DELTA,35,50,38,1000,316,no,62,1000
2025-05-21T17:03:51.083654,KXBTCD-25MAY2121-T109999.99,DELTA,35,50,38,1000,317,yes,31,-1000
2025-05-21T17:03:51.101083,KXBTCD-25MAY2121-T109999.99,DELTA,35,50,38,1000,318,no,61,-50
2025-05-21T17:03:51.101744,KXBTCD-25MAY2121-T109999.99,DELTA,35,50,38,1000,319,no,60,50
2025-05-21T17:03:51.119636,KXBTCD-25MAY2121-T109999.99,DELTA,35,50,38,1000,320,yes,5,1000
2025-05-21T17:03:51.158891,KXBTCD-25MAY2121-T109999.99,DELTA,35,50,38,1000,321,no,60,-50
2025-05-21T17:03:51.159905,KXBTCD-25MAY2121-T109999.99,DELTA,35,50,38,1050,322,no,62,50
2025-05-21T17:03:51.160366,KXBTCD-25MAY2121-T109999.99,DELTA,35,50,38,50,323,no,62,-1000
2025-05-21T17:03:51.297282,KXBTCD-25MAY2121-T109999.99,DELTA,35,50,38,50,324,no,61,1000
2025-05-21T17:03:51.336722,KXBTCD-25MAY2121-T109999.99,DELTA,35,50,38,50,325,no,61,-1000
2025-05-21T17:03:51.377459,KXBTCD-25MAY2121-T109999.99,DELTA,35,50,37,1000,326,no,63,1000
2025-05-21T17:03:51.759284,KXBTCD-25MAY2121-T109999.99,DELTA,35,50,37,1000,327,yes,26,-24
2025-05-21T17:03:51.760094,KXBTCD-25MAY2121-T109999.99,DELTA,35,50,37,1000,328,yes,24,24
2025-05-21T17:03:51.775880,KXBTCD-25MAY2121-T109999.99,DELTA,35,50,37,1000,329,no,59,24
2025-05-21T17:03:51.776671,KXBTCD-25MAY2121-T109999.99,DELTA,35,50,37,1000,330,no,57,-24
2025-05-21T17:03:51.896605,KXBTCD-25MAY2121-T109999.99,DELTA,35,50,37,1000,331,yes,13,9
2025-05-21T17:03:52.138808,KXBTCD-25MAY2121-T109999.99,DELTA,35,50,37,1000,332,no,58,-100
2025-05-21T17:03:52.198019,KXBTCD-25MAY2121-T109999.99,DELTA,35,50,37,1000,333,no,59,-2000
2025-05-21T17:03:52.317862,KXBTCD-25MAY2121-T109999.99,DELTA,35,50,37,1000,334,no,41,2000
2025-05-21T17:03:53.156727,KXBTCD-25MAY2121-T109999.99,DELTA,35,50,37,999,335,no,63,-1
2025-05-21T17:03:53.216298,KXBTCD-25MAY2121-T109999.99,DELTA,35,50,37,999,336,no,62,-50
2025-05-21T17:03:53.217117,KXBTCD-25MAY2121-T109999.99,DELTA,35,50,37,1049,337,no,63,50
2025-05-21T17:03:53.276278,KXBTCD-25MAY2121-T109999.99,DELTA,35,50,37,1049,338,no,59,100
2025-05-21T17:03:53.319288,KXBTCD-25MAY2121-T109999.99,DELTA,35,50,37,50,339,no,63,-999
2025-05-21T17:03:53.357396,KXBTCD-25MAY2121-T109999.99,DELTA,35,50,36,1000,340,no,64,1000
2025-05-21T17:03:53.376471,KXBTCD-25MAY2121-T109999.99,DELTA,35,50,36,1000,341,yes,34,-100
2025-05-21T17:03:53.377292,KXBTCD-25MAY2121-T109999.99,DELTA,35,50,36,1000,342,no,63,-50
2025-05-21T17:03:53.377817,KXBTCD-25MAY2121-T109999.99,DELTA,35,50,36,1000,343,no,60,50
2025-05-21T17:03:53.397537,KXBTCD-25MAY2121-T109999.99,DELTA,35,50,36,1000,344,no,12,-2700
2025-05-21T17:03:53.398378,KXBTCD-25MAY2121-T109999.99,DELTA,35,50,36,1000,345,no,10,3240
2025-05-21T17:03:53.417938,KXBTCD-25MAY2121-T109999.99,DELTA,35,50,36,1000,346,no,60,-50
2025-05-21T17:03:53.418733,KXBTCD-25MAY2121-T109999.99,DELTA,35,50,36,1000,347,no,63,50
2025-05-21T17:03:53.436585,KXBTCD-25MAY2121-T109999.99,DELTA,35,50,37,50,348,no,64,-1000
2025-05-21T17:03:53.478915,KXBTCD-25MAY2121-T109999.99,DELTA,35,50,37,50,349,no,5,-20000
2025-05-21T17:03:53.479296,KXBTCD-25MAY2121-T109999.99,DELTA,35,50,36,1000,350,no,64,1000
2025-05-21T17:03:53.496303,KXBTCD-25MAY2121-T109999.99,DELTA,35,50,36,1000,351,no,63,-50
2025-05-21T17:03:53.496701,KXBTCD-25MAY2121-T109999.99,DELTA,35,50,36,1000,352,no,60,50
2025-05-21T17:03:53.536971,KXBTCD-25MAY2121-T109999.99,DELTA,35,50,36,1000,353,no,11,20000
2025-05-21T17:03:53.556814,KXBTCD-25MAY2121-T109999.99,DELTA,35,50,36,1000,354,no,60,-50
2025-05-21T17:03:53.557192,KXBTCD-25MAY2121-T109999.99,DELTA,35,50,36,1000,355,no,63,50
2025-05-21T17:03:53.557389,KXBTCD-25MAY2121-T109999.99,DELTA,35,50,37,50,356,no,64,-1000
2025-05-21T17:03:53.597382,KXBTCD-25MAY2121-T109999.99,DELTA,35,50,37,50,357,no,61,1000
2025-05-21T17:03:53.636868,KXBTCD-25MAY2121-T109999.99,DELTA,35,50,37,50,358,no,59,-100
2025-05-21T17:03:53.637562,KXBTCD-25MAY2121-T109999.99,DELTA,35,50,37,50,359,no,61,-1000
2025-05-21T17:03:53.721851,KXBTCD-25MAY2121-T109999.99,DELTA,35,50,36,1000,360,no,64,1000
2025-05-21T17:03:53.940825,KXBTCD-25MAY2121-T109999.99,DELTA,35,50,36,1000,361,yes,31,-69
2025-05-21T17:03:53.941924,KXBTCD-25MAY2121-T109999.99,DELTA,35,50,36,1000,362,yes,29,69
2025-05-21T17:03:53.997248,KXBTCD-25MAY2121-T109999.99,DELTA,35,50,36,1000,363,yes,5,-1000
2025-05-21T17:03:54.037392,KXBTCD-25MAY2121-T109999.99,DELTA,35,50,36,1000,364,yes,29,1000
2025-05-21T17:03:54.057320,KXBTCD-25MAY2121-T109999.99,DELTA,35,50,36,1000,365,yes,13,-9
2025-05-21T17:03:54.157845,KXBTCD-25MAY2121-T109999.99,DELTA,35,50,36,1000,366,yes,30,9
2025-05-21T17:03:54.378662,KXBTCD-25MAY2121-T109999.99,DELTA,35,49,36,1000,367,yes,35,-1
2025-05-21T17:03:54.435284,KXBTCD-25MAY2121-T109999.99,DELTA,35,49,36,1000,368,no,63,-50
2025-05-21T17:03:54.436833,KXBTCD-25MAY2121-T109999.99,DELTA,30,9,36,1000,369,yes,35,-49
2025-05-21T17:03:54.499898,KXBTCD-25MAY2121-T109999.99,DELTA,30,9,41,24,370,no,64,-1000
2025-05-21T17:03:54.535263,KXBTCD-25MAY2121-T109999.99,DELTA,30,9,41,1024,371,no,59,1000
2025-05-21T17:03:54.616513,KXBTCD-25MAY2121-T109999.99,DELTA,32,100,41,1024,372,yes,32,100
2025-05-21T17:03:54.677178,KXBTCD-25MAY2121-T109999.99,DELTA,32,100,41,1024,373,yes,30,50
2025-05-21T17:03:54.678160,KXBTCD-25MAY2121-T109999.99,DELTA,32,100,40,50,374,no,60,50
2025-05-21T17:03:54.727890,KXBTCD-25MAY2121-T109999.99,DELTA,32,100,41,1024,375,no,60,-50
2025-05-21T17:03:54.742312,KXBTCD-25MAY2121-T109999.99,DELTA,32,100,41,1024,376,yes,30,-50
2025-05-21T17:03:54.759189,KXBTCD-25MAY2121-T109999.99,DELTA,32,100,41,24,377,no,59,-1000
2025-05-21T17:03:54.816506,KXBTCD-25MAY2121-T109999.99,DELTA,32,100,41,1024,378,no,59,1000
2025-05-21T17:03:54.835344,KXBTCD-25MAY2121-T109999.99,DELTA,32,100,41,1024,379,yes,30,-9
2025-05-21T17:03:55.215634,KXBTCD-25MAY2121-T109999.99,DELTA,32,100,40,100,380,no,60,100
2025-05-21T17:03:55.236823,KXBTCD-25MAY2121-T109999.99,DELTA,32,100,40,100,381,no,10,-3240
2025-05-21T17:03:55.237188,KXBTCD-25MAY2121-T109999.99,DELTA,32,100,40,100,382,no,12,2700
2025-05-21T17:03:55.296541,KXBTCD-25MAY2121-T109999.99,DELTA,32,100,40,100,383,no,59,-1000
2025-05-21T17:03:55.316861,KXBTCD-25MAY2121-T109999.99,DELTA,32,100,40,100,384,no,11,-20000
2025-05-21T17:03:55.336147,KXBTCD-25MAY2121-T109999.99,DELTA,32,100,39,1000,385,no,61,1000
2025-05-21T17:03:55.355671,KXBTCD-25MAY2121-T109999.99,DELTA,32,100,39,1000,386,no,5,20000
2025-05-21T17:03:55.677014,KXBTCD-25MAY2121-T109999.99,DELTA,32,100,39,1000,387,no,58,-69
2025-05-21T17:03:55.677703,KXBTCD-25MAY2121-T109999.99,DELTA,32,100,39,1000,388,no,60,69
2025-05-21T17:03:55.757317,KXBTCD-25MAY2121-T109999.99,DELTA,32,100,38,50,389,no,62,50
2025-05-21T17:03:55.758132,KXBTCD-25MAY2121-T109999.99,DELTA,32,100,38,50,390,no,41,-2000
2025-05-21T17:03:55.776273,KXBTCD-25MAY2121-T109999.99,DELTA,33,50,38,50,391,yes,33,50
2025-05-21T17:03:55.797064,KXBTCD-25MAY2121-T109999.99,DELTA,33,50,39,1000,392,no,62,-50
2025-05-21T17:03:55.816661,KXBTCD-25MAY2121-T109999.99,DELTA,32,100,39,1000,393,yes,33,-50
2025-05-21T17:03:56.036772,KXBTCD-25MAY2121-T109999.99,DELTA,32,100,39,3000,394,no,61,2000
2025-05-21T17:03:56.275138,KXBTCD-25MAY2121-T109999.99,DELTA,32,100,39,3000,395,yes,4,-8100
2025-05-21T17:03:56.275383,KXBTCD-25MAY2121-T109999.99,DELTA,32,100,39,3000,396,yes,3,10800
2025-05-21T17:03:56.336055,KXBTCD-25MAY2121-T109999.99,DELTA,32,100,39,3000,397,no,12,-2700
2025-05-21T17:03:56.336361,KXBTCD-25MAY2121-T109999.99,DELTA,32,100,39,3000,398,no,10,3240
2025-05-21T17:03:56.336693,KXBTCD-25MAY2121-T109999.99,DELTA,32,100,39,3000,399,yes,5,-20000
2025-05-21T17:03:56.355325,KXBTCD-25MAY2121-T109999.99,DELTA,32,100,39,3000,400,yes,5,-2000
2025-05-21T17:03:56.395550,KXBTCD-25MAY2121-T109999.99,DELTA,32,100,39,3000,401,yes,4,20000
2025-05-21T17:03:56.416112,KXBTCD-25MAY2121-T109999.99,DELTA,32,100,39,3000,402,no,5,-20000
2025-05-21T17:03:56.416267,KXBTCD-25MAY2121-T109999.99,DELTA,32,100,39,3000,403,yes,4,2000
2025-05-21T17:03:56.455615,KXBTCD-25MAY2121-T109999.99,DELTA,32,100,39,3000,404,no,11,20000
2025-05-21T17:03:56.777581,KXBTCD-25MAY2121-T109999.99,DELTA,32,100,39,3000,405,yes,24,-24
2025-05-21T17:03:56.778034,KXBTCD-25MAY2121-T109999.99,DELTA,32,100,39,3000,406,yes,23,24
2025-05-21T17:03:56.795803,KXBTCD-25MAY2121-T109999.99,DELTA,32,100,39,3000,407,no,60,24
2025-05-21T17:03:56.796186,KXBTCD-25MAY2121-T109999.99,DELTA,32,100,39,3000,408,no,59,-24
2025-05-21T17:03:56.835869,KXBTCD-25MAY2121-T109999.99,DELTA,32,100,38,50,409,no,62,50
2025-05-21T17:03:56.855867,KXBTCD-25MAY2121-T109999.99,DELTA,33,50,38,50,410,yes,33,50
2025-05-21T17:03:56.896097,KXBTCD-25MAY2121-T109999.99,DELTA,33,50,38,50,411,no,61,-1000
2025-05-21T17:03:56.955369,KXBTCD-25MAY2121-T109999.99,DELTA,33,50,37,1000,412,no,63,1000
2025-05-21T17:03:57.016214,KXBTCD-25MAY2121-T109999.99,DELTA,33,50,37,1000,413,no,62,-50
2025-05-21T17:03:57.016463,KXBTCD-25MAY2121-T109999.99,DELTA,33,50,37,1050,414,no,63,50
2025-05-21T17:03:57.076259,KXBTCD-25MAY2121-T109999.99,DELTA,33,50,37,50,415,no,63,-1000
2025-05-21T17:03:57.118785,KXBTCD-25MAY2121-T109999.99,DELTA,33,50,36,1000,416,no,64,1000
2025-05-21T17:03:57.137106,KXBTCD-25MAY2121-T109999.99,DELTA,33,50,36,1000,417,no,63,-50
2025-05-21T17:03:57.137492,KXBTCD-25MAY2121-T109999.99,DELTA,33,50,36,1000,418,no,62,50
2025-05-21T17:03:57.197013,KXBTCD-25MAY2121-T109999.99,DELTA,33,50,38,50,419,no,64,-1000
2025-05-21T17:03:57.197595,KXBTCD-25MAY2121-T109999.99,DELTA,33,50,39,2000,420,no,62,-50
2025-05-21T17:03:57.197985,KXBTCD-25MAY2121-T109999.99,DELTA,33,50,37,50,421,no,63,50
2025-05-21T17:03:57.254838,KXBTCD-25MAY2121-T109999.99,DELTA,33,50,37,1050,422,no,63,1000
2025-05-21T17:03:57.254982,KXBTCD-25MAY2121-T109999.99,DELTA,33,50,37,1000,423,no,63,-50
2025-05-21T17:03:57.255056,KXBTCD-25MAY2121-T109999.99,DELTA,33,50,37,1000,424,no,62,50
2025-05-21T17:03:57.315016,KXBTCD-25MAY2121-T109999.99,DELTA,33,50,38,50,425,no,63,-1000
2025-05-21T17:03:57.355848,KXBTCD-25MAY2121-T109999.99,DELTA,33,50,37,1000,426,no,63,1000
2025-05-21T17:03:57.355987,KXBTCD-25MAY2121-T109999.99,DELTA,33,50,37,1000,427,no,62,-50
2025-05-21T17:03:57.356057,KXBTCD-25MAY2121-T109999.99,DELTA,33,50,37,1050,428,no,63,50
2025-05-21T17:03:57.414612,KXBTCD-25MAY2121-T109999.99,DELTA,33,50,37,50,429,no,63,-1000
2025-05-21T17:03:57.455750,KXBTCD-25MAY2121-T109999.99,DELTA,33,50,36,1000,430,no,64,1000
2025-05-21T17:03:57.475064,KXBTCD-25MAY2121-T109999.99,DELTA,33,50,36,1000,431,no,63,-50
2025-05-21T17:03:57.475318,KXBTCD-25MAY2121-T109999.99,DELTA,33,50,36,1000,432,no,62,50
2025-05-21T17:03:57.515519,KXBTCD-25MAY2121-T109999.99,DELTA,33,50,36,1000,433,no,62,-50
2025-05-21T17:03:57.515707,KXBTCD-25MAY2121-T109999.99,DELTA,33,50,36,1000,434,no,63,50
2025-05-21T17:03:57.535500,KXBTCD-25MAY2121-T109999.99,DELTA,33,50,36,1000,435,no,10,-3240
2025-05-21T17:03:57.535739,KXBTCD-25MAY2121-T109999.99,DELTA,33,50,36,1000,436,no,12,2700
2025-05-21T17:03:57.535860,KXBTCD-25MAY2121-T109999.99,DELTA,33,50,37,50,437,no,64,-1000
2025-05-21T17:03:57.576129,KXBTCD-25MAY2121-T109999.99,DELTA,33,50,36,1000,438,no,64,1000
2025-05-21T17:03:57.596430,KXBTCD-25MAY2121-T109999.99,DELTA,33,50,36,1000,439,no,63,-50
2025-05-21T17:03:57.596666,KXBTCD-25MAY2121-T109999.99,DELTA,33,50,36,1000,440,no,62,50
2025-05-21T17:03:57.615539,KXBTCD-25MAY2121-T109999.99,DELTA,33,50,36,1000,441,no,11,-20000
2025-05-21T17:03:57.635836,KXBTCD-25MAY2121-T109999.99,DELTA,33,50,36,1000,442,no,62,-50
2025-05-21T17:03:57.636081,KXBTCD-25MAY2121-T109999.99,DELTA,33,50,36,1000,443,no,63,50
2025-05-21T17:03:57.658382,KXBTCD-25MAY2121-T109999.99,DELTA,33,50,36,1000,444,no,5,20000
2025-05-21T17:03:57.658584,KXBTCD-25MAY2121-T109999.99,DELTA,33,50,37,50,445,no,64,-1000
2025-05-21T17:03:57.696023,KXBTCD-25MAY2121-T109999.99,DELTA,33,50,37,1050,446,no,63,1000
2025-05-21T17:03:57.736694,KXBTCD-25MAY2121-T109999.99,DELTA,33,50,37,1000,447,no,63,-50
2025-05-21T17:03:57.736954,KXBTCD-25MAY2121-T109999.99,DELTA,33,50,37,1000,448,no,62,50
2025-05-21T17:03:57.756781,KXBTCD-25MAY2121-T109999.99,DELTA,33,50,38,50,449,no,63,-1000
2025-05-21T17:03:57.775988,KXBTCD-25MAY2121-T109999.99,DELTA,33,50,39,2000,450,no,62,-50
2025-05-21T17:03:57.776215,KXBTCD-25MAY2121-T109999.99,DELTA,33,50,37,50,451,no,63,50
2025-05-21T17:03:57.794798,KXBTCD-25MAY2121-T109999.99,DELTA,33,50,36,1000,452,no,64,1000
2025-05-21T17:03:57.816139,KXBTCD-25MAY2121-T109999.99,DELTA,33,50,36,1000,453,no,63,-50
2025-05-21T17:03:57.816373,KXBTCD-25MAY2121-T109999.99,DELTA,33,50,36,1000,454,no,62,50
2025-05-21T17:03:57.876084,KXBTCD-25MAY2121-T109999.99,DELTA,33,50,36,1000,455,no,62,-50
2025-05-21T17:03:57.876256,KXBTCD-25MAY2121-T109999.99,DELTA,33,50,36,1000,456,no,63,50
2025-05-21T17:03:57.895655,KXBTCD-25MAY2121-T109999.99,DELTA,33,50,37,50,457,no,64,-1000
2025-05-21T17:03:57.956675,KXBTCD-25MAY2121-T109999.99,DELTA,33,50,36,1000,458,no,64,1000
2025-05-21T17:03:57.956923,KXBTCD-25MAY2121-T109999.99,DELTA,33,50,36,1000,459,no,63,-50
2025-05-21T17:03:57.957011,KXBTCD-25MAY2121-T109999.99,DELTA,33,50,36,1000,460,no,62,50
2025-05-21T17:03:58.016424,KXBTCD-25MAY2121-T109999.99,DELTA,33,50,38,50,461,no,64,-1000
2025-05-21T17:03:58.315762,KXBTCD-25MAY2121-T109999.99,DELTA,33,50,37,1000,462,no,63,1000
2025-05-21T17:03:58.637000,KXBTCD-25MAY2121-T109999.99,DELTA,33,50,37,1000,463,no,12,-2700
2025-05-21T17:03:58.637352,KXBTCD-25MAY2121-T109999.99,DELTA,33,50,37,1000,464,no,10,3240
2025-05-21T17:03:58.696489,KXBTCD-25MAY2121-T109999.99,DELTA,33,50,37,1000,465,no,5,-20000
2025-05-21T17:03:58.736086,KXBTCD-25MAY2121-T109999.99,DELTA,33,50,37,1000,466,no,11,20000
2025-05-21T17:03:59.679359,KXBTCD-25MAY2121-T109999.99,DELTA,33,50,37,1000,467,no,10,-3240
2025-05-21T17:03:59.680443,KXBTCD-25MAY2121-T109999.99,DELTA,33,50,37,1000,468,no,12,2700
2025-05-21T17:03:59.737034,KXBTCD-25MAY2121-T109999.99,DELTA,33,50,37,1000,469,no,11,-20000
2025-05-21T17:03:59.777727,KXBTCD-25MAY2121-T109999.99,DELTA,33,50,37,1000,470,no,5,20000
2025-05-21T17:04:01.356651,KXBTCD-25MAY2121-T109999.99,DELTA,33,50,37,1000,471,yes,29,-1000
2025-05-21T17:04:01.416482,KXBTCD-25MAY2121-T109999.99,DELTA,33,50,37,1000,472,yes,30,1000
2025-05-21T17:04:01.476195,KXBTCD-25MAY2121-T109999.99,DELTA,33,50,37,1000,473,yes,13,9
2025-05-21T17:04:01.695930,KXBTCD-25MAY2121-T109999.99,DELTA,33,50,37,1000,474,yes,30,-1000
2025-05-21T17:04:01.756450,KXBTCD-25MAY2121-T109999.99,DELTA,33,50,37,1000,475,yes,29,1000
2025-05-21T17:04:02.058059,KXBTCD-25MAY2121-T109999.99,DELTA,33,50,37,1000,476,yes,29,-1000
2025-05-21T17:04:02.116144,KXBTCD-25MAY2121-T109999.99,DELTA,33,50,37,1000,477,yes,30,1000
2025-05-21T17:04:02.237181,KXBTCD-25MAY2121-T109999.99,DELTA,33,50,37,1000,478,yes,13,-9
2025-05-21T17:04:02.596401,KXBTCD-25MAY2121-T109999.99,DELTA,33,50,37,1000,479,yes,30,-1000
2025-05-21T17:04:02.796259,KXBTCD-25MAY2121-T109999.99,DELTA,33,50,37,1000,480,yes,29,1000
2025-05-21T17:04:03.396650,KXBTCD-25MAY2121-T109999.99,DELTA,33,50,37,1000,481,no,12,-2700
2025-05-21T17:04:03.396844,KXBTCD-25MAY2121-T109999.99,DELTA,33,50,37,1000,482,no,10,3240
2025-05-21T17:04:03.655964,KXBTCD-25MAY2121-T109999.99,DELTA,33,50,37,1000,483,no,5,-20000
2025-05-21T17:04:03.736013,KXBTCD-25MAY2121-T109999.99,DELTA,33,50,37,1000,484,no,11,20000
2025-05-21T17:04:05.236092,KXBTCD-25MAY2121-T109999.99,DELTA,33,50,37,1000,485,no,10,-3240
2025-05-21T17:04:05.237001,KXBTCD-25MAY2121-T109999.99,DELTA,33,50,37,1000,486,no,12,2700
2025-05-21T17:04:05.296552,KXBTCD-25MAY2121-T109999.99,DELTA,33,50,37,1000,487,no,11,-20000
2025-05-21T17:04:05.335408,KXBTCD-25MAY2121-T109999.99,DELTA,33,50,37,1000,488,no,5,20000
2025-05-21T17:04:05.723563,KXBTCD-25MAY2121-T109999.99,DELTA,33,50,37,1000,489,yes,25,24
2025-05-21T17:04:05.724917,KXBTCD-25MAY2121-T109999.99,DELTA,33,50,37,1000,490,yes,23,-24
2025-05-21T17:04:05.725832,KXBTCD-25MAY2121-T109999.99,DELTA,33,50,37,1000,491,no,58,24
2025-05-21T17:04:05.726424,KXBTCD-25MAY2121-T109999.99,DELTA,33,50,37,1000,492,no,60,-24
2025-05-21T17:04:05.726963,KXBTCD-25MAY2121-T109999.99,DELTA,33,50,37,1000,493,yes,29,-1000
2025-05-21T17:04:05.736929,KXBTCD-25MAY2121-T109999.99,DELTA,33,50,37,1000,494,yes,30,1000
2025-05-21T17:04:06.256569,KXBTCD-25MAY2121-T109999.99,DELTA,33,50,37,1000,495,no,60,-100
2025-05-21T17:04:06.256770,KXBTCD-25MAY2121-T109999.99,DELTA,33,50,37,1000,496,yes,32,-100
2025-05-21T17:04:06.316057,KXBTCD-25MAY2121-T109999.99,DELTA,33,50,37,1000,497,no,61,-2000
2025-05-21T17:04:06.356963,KXBTCD-25MAY2121-T109999.99,DELTA,33,50,37,1000,498,no,12,-2700
2025-05-21T17:04:06.357214,KXBTCD-25MAY2121-T109999.99,DELTA,33,50,37,1000,499,no,10,3240
2025-05-21T17:04:06.395822,KXBTCD-25MAY2121-T109999.99,DELTA,33,50,37,1000,500,no,41,2000
2025-05-21T17:04:06.438204,KXBTCD-25MAY2121-T109999.99,DELTA,30,1000,37,1000,501,yes,33,-50
2025-05-21T17:04:06.438383,KXBTCD-25MAY2121-T109999.99,DELTA,31,50,37,1000,502,yes,31,50
2025-05-21T17:04:06.496715,KXBTCD-25MAY2121-T109999.99,DELTA,31,50,37,1000,503,yes,30,-1000
2025-05-21T17:04:06.558556,KXBTCD-25MAY2121-T109999.99,DELTA,29,69,37,1000,504,yes,31,-50
2025-05-21T17:04:06.558988,KXBTCD-25MAY2121-T109999.99,DELTA,30,50,37,1000,505,yes,30,50
2025-05-21T17:04:06.576258,KXBTCD-25MAY2121-T109999.99,DELTA,30,50,37,1000,506,no,5,-20000
2025-05-21T17:04:06.576759,KXBTCD-25MAY2121-T109999.99,DELTA,30,50,37,1000,507,no,62,-50
2025-05-21T17:04:06.577147,KXBTCD-25MAY2121-T109999.99,DELTA,30,50,37,1000,508,no,60,50
2025-05-21T17:04:06.595916,KXBTCD-25MAY2121-T109999.99,DELTA,31,1000,37,1000,509,yes,31,1000
2025-05-21T17:04:06.596648,KXBTCD-25MAY2121-T109999.99,DELTA,31,1000,37,1000,510,yes,30,-50
2025-05-21T17:04:06.597360,KXBTCD-25MAY2121-T109999.99,DELTA,32,50,37,1000,511,yes,32,50
2025-05-21T17:04:06.636788,KXBTCD-25MAY2121-T109999.99,DELTA,31,1000,37,1000,512,yes,32,-50
2025-05-21T17:04:06.637562,KXBTCD-25MAY2121-T109999.99,DELTA,31,1000,37,1000,513,yes,30,50
2025-05-21T17:04:06.655683,KXBTCD-25MAY2121-T109999.99,DELTA,31,1000,40,119,514,no,63,-1000
2025-05-21T17:04:06.696964,KXBTCD-25MAY2121-T109999.99,DELTA,30,50,40,119,515,yes,31,-1000
2025-05-21T17:04:06.698019,KXBTCD-25MAY2121-T109999.99,DELTA,30,50,39,1000,516,no,61,1000
2025-05-21T17:04:06.698857,KXBTCD-25MAY2121-T109999.99,DELTA,29,69,39,1000,517,yes,30,-50
2025-05-21T17:04:06.699597,KXBTCD-25MAY2121-T109999.99,DELTA,32,50,39,1000,518,yes,32,50
2025-05-21T17:04:06.737112,KXBTCD-25MAY2121-T109999.99,DELTA,32,50,39,1000,519,yes,31,1000
2025-05-21T17:04:06.757674,KXBTCD-25MAY2121-T109999.99,DELTA,31,1000,39,1000,520,yes,32,-50
2025-05-21T17:04:06.758506,KXBTCD-25MAY2121-T109999.99,DELTA,31,1000,39,1000,521,yes,30,50
2025-05-21T17:04:06.796518,KXBTCD-25MAY2121-T109999.99,DELTA,30,50,39,1000,522,yes,31,-1000
2025-05-21T17:04:06.796906,KXBTCD-25MAY2121-T109999.99,DELTA,29,69,39,1000,523,yes,30,-50
2025-05-21T17:04:06.797103,KXBTCD-25MAY2121-T109999.99,DELTA,33,50,39,1000,524,yes,33,50
2025-05-21T17:04:06.841505,KXBTCD-25MAY2121-T109999.99,DELTA,33,50,39,1000,525,no,60,-69
2025-05-21T17:04:06.842339,KXBTCD-25MAY2121-T109999.99,DELTA,33,50,39,1000,526,no,58,69
2025-05-21T17:04:06.854994,KXBTCD-25MAY2121-T109999.99,DELTA,33,50,39,1000,527,yes,31,1000
2025-05-21T17:04:06.855481,KXBTCD-25MAY2121-T109999.99,DELTA,31,1000,39,1000,528,yes,33,-50
2025-05-21T17:04:06.855645,KXBTCD-25MAY2121-T109999.99,DELTA,31,1000,39,1000,529,yes,30,50
2025-05-21T17:04:06.896849,KXBTCD-25MAY2121-T109999.99,DELTA,30,50,39,1000,530,yes,31,-1000
2025-05-21T17:04:06.897639,KXBTCD-25MAY2121-T109999.99,DELTA,29,69,39,1000,531,yes,30,-50
2025-05-21T17:04:06.898236,KXBTCD-25MAY2121-T109999.99,DELTA,34,50,39,1000,532,yes,34,50
2025-05-21T17:04:06.959497,KXBTCD-25MAY2121-T109999.99,DELTA,34,50,39,1000,533,yes,31,1000
2025-05-21T17:04:06.976605,KXBTCD-25MAY2121-T109999.99,DELTA,31,1000,39,1000,534,yes,34,-50
2025-05-21T17:04:06.977316,KXBTCD-25MAY2121-T109999.99,DELTA,31,1000,39,1000,535,yes,30,50
2025-05-21T17:04:06.996577,KXBTCD-25MAY2121-T109999.99,DELTA,30,50,39,1000,536,yes,31,-1000
2025-05-21T17:04:06.997219,KXBTCD-25MAY2121-T109999.99,DELTA,30,50,39,1000,537,no,11,20000
2025-05-21T17:04:07.037393,KXBTCD-25MAY2121-T109999.99,DELTA,29,69,39,1000,538,yes,30,-50
2025-05-21T17:04:07.038068,KXBTCD-25MAY2121-T109999.99,DELTA,32,50,39,1000,539,yes,32,50
2025-05-21T17:04:07.055340,KXBTCD-25MAY2121-T109999.99,DELTA,32,50,39,1000,540,yes,30,1000
2025-05-21T17:04:07.095838,KXBTCD-25MAY2121-T109999.99,DELTA,30,1000,39,1000,541,yes,32,-50
2025-05-21T17:04:07.096168,KXBTCD-25MAY2121-T109999.99,DELTA,30,1050,39,1000,542,yes,30,50
2025-05-21T17:04:07.156310,KXBTCD-25MAY2121-T109999.99,DELTA,30,1050,39,1000,543,yes,26,9
2025-05-21T17:04:07.156937,KXBTCD-25MAY2121-T109999.99,DELTA,30,1000,39,1000,544,yes,30,-50
2025-05-21T17:04:07.157198,KXBTCD-25MAY2121-T109999.99,DELTA,31,50,39,1000,545,yes,31,50
2025-05-21T17:04:07.196937,KXBTCD-25MAY2121-T109999.99,DELTA,31,50,39,1000,546,yes,30,-1000
2025-05-21T17:04:07.235769,KXBTCD-25MAY2121-T109999.99,DELTA,31,50,39,1000,547,yes,30,1000
2025-05-21T17:04:07.276305,KXBTCD-25MAY2121-T109999.99,DELTA,31,50,39,1000,548,yes,30,-1000
2025-05-21T17:04:07.316472,KXBTCD-25MAY2121-T109999.99,DELTA,31,1050,39,1000,549,yes,31,1000
2025-05-21T17:04:07.377026,KXBTCD-25MAY2121-T109999.99,DELTA,31,1000,39,1000,550,yes,31,-50
2025-05-21T17:04:07.377876,KXBTCD-25MAY2121-T109999.99,DELTA,32,50,39,1000,551,yes,32,50
2025-05-21T17:04:07.416314,KXBTCD-25MAY2121-T109999.99,DELTA,32,50,39,1000,552,no,58,100
2025-05-21T17:04:07.435429,KXBTCD-25MAY2121-T109999.99,DELTA,34,100,39,1000,553,yes,34,100
2025-05-21T17:04:07.456917,KXBTCD-25MAY2121-T109999.99,DELTA,34,100,39,1000,554,no,10,-3240
2025-05-21T17:04:07.457558,KXBTCD-25MAY2121-T109999.99,DELTA,34,100,39,1000,555,no,12,2700
2025-05-21T17:04:07.477007,KXBTCD-25MAY2121-T109999.99,DELTA,34,100,39,1000,556,no,41,-2000
2025-05-21T17:04:07.516512,KXBTCD-25MAY2121-T109999.99,DELTA,34,100,39,1000,557,yes,32,-50
2025-05-21T17:04:07.516759,KXBTCD-25MAY2121-T109999.99,DELTA,35,50,39,1000,558,yes,35,50
2025-05-21T17:04:07.536776,KXBTCD-25MAY2121-T109999.99,DELTA,35,50,39,1000,559,no,11,-20000
2025-05-21T17:04:07.537009,KXBTCD-25MAY2121-T109999.99,DELTA,35,50,39,1000,560,no,59,2000
2025-05-21T17:04:07.576185,KXBTCD-25MAY2121-T109999.99,DELTA,35,50,39,1000,561,no,5,20000
2025-05-21T17:04:07.616887,KXBTCD-25MAY2121-T109999.99,DELTA,35,50,39,1000,562,yes,31,-1000
2025-05-21T17:04:07.876949,KXBTCD-25MAY2121-T109999.99,DELTA,35,50,39,1000,563,yes,30,1000
2025-05-21T17:04:08.023239,KXBTCD-25MAY2121-T109999.99,DELTA,35,50,39,1000,564,yes,26,-9
2025-05-21T17:04:08.236520,KXBTCD-25MAY2121-T109999.99,DELTA,35,50,39,1000,565,yes,31,9
2025-05-21T17:04:08.336779,KXBTCD-25MAY2121-T109999.99,DELTA,35,50,39,1000,566,yes,29,-69
2025-05-21T17:04:08.336918,KXBTCD-25MAY2121-T109999.99,DELTA,35,50,39,1000,567,yes,31,69
2025-05-21T17:04:08.443116,KXBTCD-25MAY2121-T109999.99,DELTA,35,50,39,1000,568,yes,30,-1000
2025-05-21T17:04:08.468637,KXBTCD-25MAY2121-T109999.99,DELTA,35,50,39,1000,569,yes,27,24
2025-05-21T17:04:08.468870,KXBTCD-25MAY2121-T109999.99,DELTA,35,50,39,1000,570,yes,25,-24
2025-05-21T17:04:08.479225,KXBTCD-25MAY2121-T109999.99,DELTA,35,50,39,1000,571,no,58,-24
2025-05-21T17:04:08.479406,KXBTCD-25MAY2121-T109999.99,DELTA,35,50,39,1000,572,no,56,24
2025-05-21T17:04:08.496144,KXBTCD-25MAY2121-T109999.99,DELTA,35,50,39,1000,573,no,12,-2700
2025-05-21T17:04:08.496596,KXBTCD-25MAY2121-T109999.99,DELTA,35,50,39,1000,574,no,10,3240
2025-05-21T17:04:08.542903,KXBTCD-25MAY2121-T109999.99,DELTA,35,50,39,1000,575,yes,31,1000
2025-05-21T17:04:08.562009,KXBTCD-25MAY2121-T109999.99,DELTA,35,50,39,1000,576,no,5,-20000
2025-05-21T17:04:08.796609,KXBTCD-25MAY2121-T109999.99,DELTA,35,50,39,1000,577,no,11,20000
2025-05-21T17:04:08.917235,KXBTCD-25MAY2121-T109999.99,DELTA,35,50,39,1000,578,yes,31,-9
2025-05-21T17:04:08.997743,KXBTCD-25MAY2121-T109999.99,DELTA,35,50,39,1000,579,yes,34,-100
2025-05-21T17:04:09.595846,KXBTCD-25MAY2121-T109999.99,DELTA,35,50,39,1000,580,no,10,-3240
2025-05-21T17:04:09.596635,KXBTCD-25MAY2121-T109999.99,DELTA,35,50,39,1000,581,no,12,2700
2025-05-21T17:04:09.676179,KXBTCD-25MAY2121-T109999.99,DELTA,35,50,39,1000,582,no,11,-20000
2025-05-21T17:04:09.737195,KXBTCD-25MAY2121-T109999.99,DELTA,35,50,39,1000,583,no,5,20000
2025-05-21T17:04:10.195940,KXBTCD-25MAY2121-T109999.99,DELTA,35,50,39,1000,584,yes,28,24
2025-05-21T17:04:10.196360,KXBTCD-25MAY2121-T109999.99,DELTA,35,50,39,1000,585,yes,27,-24
2025-05-21T17:04:10.215726,KXBTCD-25MAY2121-T109999.99,DELTA,35,50,39,1000,586,no,54,24
2025-05-21T17:04:10.216154,KXBTCD-25MAY2121-T109999.99,DELTA,35,50,39,1000,587,no,56,-24
2025-05-21T17:04:10.236846,KXBTCD-25MAY2121-T109999.99,DELTA,36,100,39,1000,588,yes,36,100
2025-05-21T17:04:10.256045,KXBTCD-25MAY2121-T109999.99,DELTA,36,100,39,1000,589,yes,31,-1000
2025-05-21T17:04:10.376834,KXBTCD-25MAY2121-T109999.99,DELTA,36,100,39,1000,590,no,58,-100
2025-05-21T17:04:10.416013,KXBTCD-25MAY2121-T109999.99,DELTA,36,100,39,1000,591,no,59,-2000
2025-05-21T17:04:10.416162,KXBTCD-25MAY2121-T109999.99,DELTA,36,100,39,1000,592,yes,32,1000
2025-05-21T17:04:10.489694,KXBTCD-25MAY2121-T109999.99,DELTA,36,100,39,1000,593,no,41,2000
2025-05-21T17:04:10.498991,KXBTCD-25MAY2121-T109999.99,DELTA,36,100,39,1000,594,yes,32,9
2025-05-21T17:04:10.557564,KXBTCD-25MAY2121-T109999.99,DELTA,36,100,39,1000,595,yes,35,-50
2025-05-21T17:04:10.558226,KXBTCD-25MAY2121-T109999.99,DELTA,37,50,39,1000,596,yes,37,50
2025-05-21T17:04:10.558961,KXBTCD-25MAY2121-T109999.99,DELTA,37,50,39,1000,597,no,60,-50
2025-05-21T17:04:10.559554,KXBTCD-25MAY2121-T109999.99,DELTA,37,50,39,1000,598,no,59,50
2025-05-21T17:04:10.560090,KXBTCD-25MAY2121-T109999.99,DELTA,37,50,39,1000,599,no,40,-200
2025-05-21T17:04:10.560590,KXBTCD-25MAY2121-T109999.99,DELTA,37,50,39,1000,600,no,30,200
2025-05-21T17:04:10.597435,KXBTCD-25MAY2121-T109999.99,DELTA,37,50,41,50,601,no,61,-1000
2025-05-21T17:04:10.620336,KXBTCD-25MAY2121-T109999.99,DELTA,37,50,41,50,602,no,41,-2000
2025-05-21T17:04:10.659134,KXBTCD-25MAY2121-T109999.99,DELTA,37,50,40,1000,603,no,60,1000
2025-05-21T17:04:10.699671,KXBTCD-25MAY2121-T109999.99,DELTA,37,50,40,1000,604,no,31,2000
2025-05-21T17:04:10.915948,KXBTCD-25MAY2121-T109999.99,DELTA,37,50,40,1000,605,yes,36,-100
2025-05-21T17:04:10.976940,KXBTCD-25MAY2121-T109999.99,DELTA,37,50,40,1000,606,no,30,-200
2025-05-21T17:04:10.977917,KXBTCD-25MAY2121-T109999.99,DELTA,37,50,40,1000,607,no,40,200
2025-05-21T17:04:11.056534,KXBTCD-25MAY2121-T109999.99,DELTA,37,50,40,1000,608,no,31,-2000
2025-05-21T17:04:11.117348,KXBTCD-25MAY2121-T109999.99,DELTA,37,50,40,1000,609,no,41,2000
2025-05-21T17:04:11.257526,KXBTCD-25MAY2121-T109999.99,DELTA,37,50,40,1000,610,no,58,-69
2025-05-21T17:04:11.257752,KXBTCD-25MAY2121-T109999.99,DELTA,37,50,40,1000,611,no,57,69
2025-05-21T17:04:11.375868,KXBTCD-25MAY2121-T109999.99,DELTA,37,50,40,1000,612,yes,32,-9
2025-05-21T17:04:11.376105,KXBTCD-25MAY2121-T109999.99,DELTA,37,50,40,1000,613,yes,33,9
2025-05-21T17:04:12.296379,KXBTCD-25MAY2121-T109999.99,DELTA,37,50,40,1000,614,yes,31,-69
2025-05-21T17:04:12.296648,KXBTCD-25MAY2121-T109999.99,DELTA,37,50,40,1000,615,yes,32,69
2025-05-21T17:04:12.357266,KXBTCD-25MAY2121-T109999.99,DELTA,37,50,40,1000,616,yes,32,-1000
2025-05-21T17:04:12.396430,KXBTCD-25MAY2121-T109999.99,DELTA,37,50,40,1000,617,yes,33,1000
2025-05-21T17:04:12.474960,KXBTCD-25MAY2121-T109999.99,DELTA,37,50,40,1000,618,no,56,100
2025-05-21T17:04:12.475758,KXBTCD-25MAY2121-T109999.99,DELTA,37,50,40,1000,619,yes,36,100
2025-05-21T17:04:12.716295,KXBTCD-25MAY2121-T109999.99,DELTA,37,50,40,1000,620,yes,33,-1000
2025-05-21T17:04:12.756318,KXBTCD-25MAY2121-T109999.99,DELTA,37,50,40,1000,621,no,59,-50
2025-05-21T17:04:12.756533,KXBTCD-25MAY2121-T109999.99,DELTA,37,50,40,1050,622,no,60,50
2025-05-21T17:04:12.776345,KXBTCD-25MAY2121-T109999.99,DELTA,37,50,40,1050,623,no,57,-69
2025-05-21T17:04:12.776547,KXBTCD-25MAY2121-T109999.99,DELTA,37,50,40,1050,624,no,56,69
2025-05-21T17:04:12.816089,KXBTCD-25MAY2121-T109999.99,DELTA,37,50,40,1050,625,yes,32,1000
2025-05-21T17:04:12.836260,KXBTCD-25MAY2121-T109999.99,DELTA,37,50,40,50,626,no,60,-1000
2025-05-21T17:04:12.875949,KXBTCD-25MAY2121-T109999.99,DELTA,37,50,40,50,627,no,41,-2000
2025-05-21T17:04:12.876144,KXBTCD-25MAY2121-T109999.99,DELTA,37,50,39,1000,628,no,61,1000
2025-05-21T17:04:12.896759,KXBTCD-25MAY2121-T109999.99,DELTA,37,50,39,1000,629,no,60,-50
2025-05-21T17:04:12.896948,KXBTCD-25MAY2121-T109999.99,DELTA,37,50,39,1000,630,no,57,50
2025-05-21T17:04:12.916081,KXBTCD-25MAY2121-T109999.99,DELTA,37,50,39,1000,631,no,57,2000
2025-05-21T17:04:12.976169,KXBTCD-25MAY2121-T109999.99,DELTA,37,50,39,1000,632,yes,32,-69
2025-05-21T17:04:12.976581,KXBTCD-25MAY2121-T109999.99,DELTA,37,50,39,1000,633,yes,33,69
2025-05-21T17:04:12.976812,KXBTCD-25MAY2121-T109999.99,DELTA,37,50,39,1000,634,no,57,-50
2025-05-21T17:04:12.976991,KXBTCD-25MAY2121-T109999.99,DELTA,37,50,39,1000,635,no,60,50
2025-05-21T17:04:12.977190,KXBTCD-25MAY2121-T109999.99,DELTA,37,50,40,50,636,no,61,-1000
2025-05-21T17:04:13.016538,KXBTCD-25MAY2121-T109999.99,DELTA,37,50,40,50,637,no,58,1000
2025-05-21T17:04:13.035554,KXBTCD-25MAY2121-T109999.99,DELTA,37,50,42,1000,638,no,60,-50
2025-05-21T17:04:13.035876,KXBTCD-25MAY2121-T109999.99,DELTA,37,50,42,1050,639,no,58,50
2025-05-21T17:04:13.036353,KXBTCD-25MAY2121-T109999.99,DELTA,37,50,42,1050,640,yes,32,-1000
2025-05-21T17:04:13.055933,KXBTCD-25MAY2121-T109999.99,DELTA,37,50,42,1050,641,yes,36,-100
2025-05-21T17:04:13.075560,KXBTCD-25MAY2121-T109999.99,DELTA,37,50,42,1000,642,no,58,-50
2025-05-21T17:04:13.075811,KXBTCD-25MAY2121-T109999.99,DELTA,37,50,40,50,643,no,60,50
2025-05-21T17:04:13.075939,KXBTCD-25MAY2121-T109999.99,DELTA,37,50,40,50,644,no,58,-1000
2025-05-21T17:04:13.096292,KXBTCD-25MAY2121-T109999.99,DELTA,37,50,40,50,645,yes,4,1000
2025-05-21T17:04:13.136128,KXBTCD-25MAY2121-T109999.99,DELTA,37,50,40,50,646,no,59,1000
2025-05-21T17:04:13.136437,KXBTCD-25MAY2121-T109999.99,DELTA,33,78,40,50,647,yes,37,-50
2025-05-21T17:04:13.136565,KXBTCD-25MAY2121-T109999.99,DELTA,34,50,40,50,648,yes,34,50
2025-05-21T17:04:13.175844,KXBTCD-25MAY2121-T109999.99,DELTA,34,50,40,50,649,yes,4,-1000
2025-05-21T17:04:13.176037,KXBTCD-25MAY2121-T109999.99,DELTA,34,50,40,50,650,yes,29,9
2025-05-21T17:04:13.176185,KXBTCD-25MAY2121-T109999.99,DELTA,34,50,40,50,651,no,59,-1000
2025-05-21T17:04:13.176337,KXBTCD-25MAY2121-T109999.99,DELTA,34,50,40,50,652,yes,33,-9
2025-05-21T17:04:13.216081,KXBTCD-25MAY2121-T109999.99,DELTA,34,50,39,1000,653,no,61,1000
2025-05-21T17:04:13.216305,KXBTCD-25MAY2121-T109999.99,DELTA,34,50,39,1000,654,yes,33,1000
2025-05-21T17:04:13.355321,KXBTCD-25MAY2121-T109999.99,DELTA,34,50,39,1000,655,yes,33,-1000
2025-05-21T17:04:13.416553,KXBTCD-25MAY2121-T109999.99,DELTA,34,50,39,1000,656,yes,4,1000
2025-05-21T17:04:14.156953,KXBTCD-25MAY2121-T109999.99,DELTA,34,50,39,1000,657,yes,4,-1000
2025-05-21T17:04:14.235984,KXBTCD-25MAY2121-T109999.99,DELTA,34,50,39,1000,658,yes,33,1000
2025-05-21T17:04:14.336806,KXBTCD-25MAY2121-T109999.99,DELTA,36,100,39,1000,659,yes,36,100
2025-05-21T17:04:14.396242,KXBTCD-25MAY2121-T109999.99,DELTA,36,100,39,1000,660,yes,34,-50
2025-05-21T17:04:14.396863,KXBTCD-25MAY2121-T109999.99,DELTA,37,50,39,1000,661,yes,37,50
2025-05-21T17:04:14.435508,KXBTCD-25MAY2121-T109999.99,DELTA,37,50,39,1000,662,no,40,-200
2025-05-21T17:04:14.435850,KXBTCD-25MAY2121-T109999.99,DELTA,37,50,39,1000,663,no,30,200
2025-05-21T17:04:14.456145,KXBTCD-25MAY2121-T109999.99,DELTA,37,50,39,1000,664,yes,33,-1000
2025-05-21T17:04:14.456710,KXBTCD-25MAY2121-T109999.99,DELTA,37,50,39,1000,665,no,60,-50
2025-05-21T17:04:14.457071,KXBTCD-25MAY2121-T109999.99,DELTA,37,50,39,1000,666,no,58,50
2025-05-21T17:04:14.457444,KXBTCD-25MAY2121-T109999.99,DELTA,37,50,42,50,667,no,61,-1000
2025-05-21T17:04:14.495864,KXBTCD-25MAY2121-T109999.99,DELTA,37,50,42,50,668,yes,30,24
2025-05-21T17:04:14.497106,KXBTCD-25MAY2121-T109999.99,DELTA,37,50,42,50,669,yes,28,-24
2025-05-21T17:04:14.497876,KXBTCD-25MAY2121-T109999.99,DELTA,37,50,42,50,670,no,53,24
2025-05-21T17:04:14.515952,KXBTCD-25MAY2121-T109999.99,DELTA,37,50,42,50,671,no,54,-24
2025-05-21T17:04:14.578203,KXBTCD-25MAY2121-T109999.99,DELTA,37,50,42,50,672,yes,34,1000
2025-05-21T17:04:14.637015,KXBTCD-25MAY2121-T109999.99,DELTA,37,50,41,1000,673,no,59,1000
2025-05-21T17:04:15.096098,KXBTCD-25MAY2121-T109999.99,DELTA,37,50,41,1000,674,yes,36,-100
2025-05-21T17:04:15.217549,KXBTCD-25MAY2121-T109999.99,DELTA,37,50,41,1000,675,yes,29,-9
2025-05-21T17:04:15.296592,KXBTCD-25MAY2121-T109999.99,DELTA,37,50,41,1000,676,yes,3,-10800
2025-05-21T17:04:15.297295,KXBTCD-25MAY2121-T109999.99,DELTA,37,50,41,1000,677,yes,5,6480
2025-05-21T17:04:15.355806,KXBTCD-25MAY2121-T109999.99,DELTA,37,50,41,1000,678,no,12,-2700
2025-05-21T17:04:15.355976,KXBTCD-25MAY2121-T109999.99,DELTA,37,50,41,1000,679,no,10,3240
2025-05-21T17:04:15.375995,KXBTCD-25MAY2121-T109999.99,DELTA,37,50,41,1000,680,no,56,-100
2025-05-21T17:04:15.397705,KXBTCD-25MAY2121-T109999.99,DELTA,37,50,41,1000,681,yes,4,-20000
2025-05-21T17:04:15.397865,KXBTCD-25MAY2121-T109999.99,DELTA,37,50,41,1000,682,yes,4,-2000
2025-05-21T17:04:15.455974,KXBTCD-25MAY2121-T109999.99,DELTA,37,50,41,1000,683,yes,6,2000
2025-05-21T17:04:15.456471,KXBTCD-25MAY2121-T109999.99,DELTA,37,50,41,1000,684,no,57,-2000
2025-05-21T17:04:15.499144,KXBTCD-25MAY2121-T109999.99,DELTA,37,50,41,1000,685,yes,6,20000
2025-05-21T17:04:15.556996,KXBTCD-25MAY2121-T109999.99,DELTA,37,50,41,1000,686,no,31,2000
2025-05-21T17:04:15.616711,KXBTCD-25MAY2121-T109999.99,DELTA,34,1000,41,1000,687,yes,37,-50
2025-05-21T17:04:15.617015,KXBTCD-25MAY2121-T109999.99,DELTA,35,50,41,1000,688,yes,35,50
2025-05-21T17:04:15.657233,KXBTCD-25MAY2121-T109999.99,DELTA,35,50,41,1000,689,no,5,-20000
2025-05-21T17:04:15.817157,KXBTCD-25MAY2121-T109999.99,DELTA,35,50,41,1000,690,no,11,20000
2025-05-21T17:04:16.296114,KXBTCD-25MAY2121-T109999.99,DELTA,37,100,41,1000,691,yes,37,100
2025-05-21T17:04:16.296313,KXBTCD-25MAY2121-T109999.99,DELTA,37,100,41,1000,692,no,55,100
2025-05-21T17:04:16.336616,KXBTCD-25MAY2121-T109999.99,DELTA,37,100,41,1000,693,yes,34,-1000
2025-05-21T17:04:16.356063,KXBTCD-25MAY2121-T109999.99,DELTA,37,100,41,1000,694,yes,35,-50
2025-05-21T17:04:16.356550,KXBTCD-25MAY2121-T109999.99,DELTA,38,50,41,1000,695,yes,38,50
2025-05-21T17:04:16.415624,KXBTCD-25MAY2121-T109999.99,DELTA,38,50,41,1000,696,yes,33,1000
2025-05-21T17:04:17.157469,KXBTCD-25MAY2121-T109999.99,DELTA,38,50,41,1000,697,no,56,-69
2025-05-21T17:04:17.158563,KXBTCD-25MAY2121-T109999.99,DELTA,38,50,41,1000,698,no,55,69
2025-05-21T17:04:17.197083,KXBTCD-25MAY2121-T109999.99,DELTA,38,50,41,1000,699,yes,5,-6480
2025-05-21T17:04:17.197855,KXBTCD-25MAY2121-T109999.99,DELTA,38,50,41,1000,700,yes,3,10800
2025-05-21T17:04:17.257435,KXBTCD-25MAY2121-T109999.99,DELTA,38,50,41,1000,701,no,10,-3240
2025-05-21T17:04:17.258485,KXBTCD-25MAY2121-T109999.99,DELTA,38,50,41,1000,702,no,12,2700
2025-05-21T17:04:17.259191,KXBTCD-25MAY2121-T109999.99,DELTA,38,50,41,1000,703,no,31,-2000
2025-05-21T17:04:17.275849,KXBTCD-25MAY2121-T109999.99,DELTA,38,50,41,1000,704,yes,6,-20000
2025-05-21T17:04:17.276496,KXBTCD-25MAY2121-T109999.99,DELTA,38,50,41,1000,705,yes,34,9
2025-05-21T17:04:17.276894,KXBTCD-25MAY2121-T109999.99,DELTA,38,50,41,1000,706,yes,6,-2000
2025-05-21T17:04:17.296109,KXBTCD-25MAY2121-T109999.99,DELTA,38,50,41,1000,707,no,56,2000
2025-05-21T17:04:17.316175,KXBTCD-25MAY2121-T109999.99,DELTA,38,50,41,1000,708,no,11,-20000
2025-05-21T17:04:17.335827,KXBTCD-25MAY2121-T109999.99,DELTA,38,50,41,1000,709,yes,4,20000
2025-05-21T17:04:17.356037,KXBTCD-25MAY2121-T109999.99,DELTA,38,50,41,1000,710,no,5,20000
2025-05-21T17:04:17.377525,KXBTCD-25MAY2121-T109999.99,DELTA,38,50,41,1000,711,yes,37,-100
2025-05-21T17:04:17.596760,KXBTCD-25MAY2121-T109999.99,DELTA,38,50,41,1000,712,yes,4,2000
2025-05-21T17:04:17.978025,KXBTCD-25MAY2121-T109999.99,DELTA,38,50,41,1000,713,yes,33,-1000
2025-05-21T17:04:18.036927,KXBTCD-25MAY2121-T109999.99,DELTA,38,50,41,1000,714,yes,34,1000
2025-05-21T17:04:18.197416,KXBTCD-25MAY2121-T109999.99,DELTA,38,50,41,1000,715,yes,33,-69
2025-05-21T17:04:18.198486,KXBTCD-25MAY2121-T109999.99,DELTA,38,50,41,1000,716,yes,34,69
2025-05-21T17:04:18.395950,KXBTCD-25MAY2121-T109999.99,DELTA,38,50,41,1000,717,no,12,-2700
2025-05-21T17:04:18.396946,KXBTCD-25MAY2121-T109999.99,DELTA,38,50,41,1000,718,no,10,3240
2025-05-21T17:04:18.476328,KXBTCD-25MAY2121-T109999.99,DELTA,38,50,41,1000,719,no,5,-20000
2025-05-21T17:04:18.557764,KXBTCD-25MAY2121-T109999.99,DELTA,38,50,41,1000,720,no,11,20000
2025-05-21T17:04:18.696267,KXBTCD-25MAY2121-T109999.99,DELTA,34,1078,41,1000,721,yes,38,-50
2025-05-21T17:04:18.697393,KXBTCD-25MAY2121-T109999.99,DELTA,35,50,41,1000,722,yes,35,50
2025-05-21T17:04:18.716902,KXBTCD-25MAY2121-T109999.99,DELTA,37,100,41,1000,723,yes,37,100
2025-05-21T17:04:18.776729,KXBTCD-25MAY2121-T109999.99,DELTA,37,100,41,1000,724,yes,35,-50
2025-05-21T17:04:18.777188,KXBTCD-25MAY2121-T109999.99,DELTA,38,50,41,1000,725,yes,38,50
2025-05-21T17:04:18.936494,KXBTCD-25MAY2121-T109999.99,DELTA,38,50,41,1000,726,yes,34,-9
2025-05-21T17:04:19.396107,KXBTCD-25MAY2121-T109999.99,DELTA,38,50,41,1000,727,no,10,-3240
2025-05-21T17:04:19.396250,KXBTCD-25MAY2121-T109999.99,DELTA,38,50,41,1000,728,no,12,2700
2025-05-21T17:04:19.475044,KXBTCD-25MAY2121-T109999.99,DELTA,38,50,41,1000,729,yes,30,-24
2025-05-21T17:04:19.475176,KXBTCD-25MAY2121-T109999.99,DELTA,38,50,41,1000,730,yes,32,24
2025-05-21T17:04:19.495003,KXBTCD-25MAY2121-T109999.99,DELTA,38,50,41,1000,731,no,53,-24
2025-05-21T17:04:19.495101,KXBTCD-25MAY2121-T109999.99,DELTA,38,50,41,1000,732,no,51,24
2025-05-21T17:04:19.495154,KXBTCD-25MAY2121-T109999.99,DELTA,38,50,41,1000,733,no,11,-20000
2025-05-21T17:04:19.575100,KXBTCD-25MAY2121-T109999.99,DELTA,38,50,41,1000,734,no,5,20000
2025-05-21T17:04:19.835998,KXBTCD-25MAY2121-T109999.99,DELTA,38,50,41,1000,735,yes,37,-100
2025-05-21T17:04:20.036404,KXBTCD-25MAY2121-T109999.99,DELTA,38,50,41,1000,736,yes,34,-1000
2025-05-21T17:04:20.077395,KXBTCD-25MAY2121-T109999.99,DELTA,38,50,41,1000,737,no,55,-100
2025-05-21T17:04:20.098820,KXBTCD-25MAY2121-T109999.99,DELTA,38,50,41,1000,738,yes,35,1000
2025-05-21T17:04:20.098925,KXBTCD-25MAY2121-T109999.99,DELTA,38,50,41,1000,739,no,58,-50
2025-05-21T17:04:20.098999,KXBTCD-25MAY2121-T109999.99,DELTA,38,50,41,1000,740,no,57,50
2025-05-21T17:04:20.158448,KXBTCD-25MAY2121-T109999.99,DELTA,38,50,41,1000,741,no,56,-2000
2025-05-21T17:04:20.176683,KXBTCD-25MAY2121-T109999.99,DELTA,38,50,43,50,742,no,59,-1000
2025-05-21T17:04:20.199574,KXBTCD-25MAY2121-T109999.99,DELTA,38,50,43,50,743,no,31,2000
2025-05-21T17:04:20.236662,KXBTCD-25MAY2121-T109999.99,DELTA,38,50,45,69,744,no,57,-50
2025-05-21T17:04:20.236769,KXBTCD-25MAY2121-T109999.99,DELTA,38,50,44,50,745,no,56,50
2025-05-21T17:04:20.236835,KXBTCD-25MAY2121-T109999.99,DELTA,38,50,42,1000,746,no,58,1000
2025-05-21T17:04:20.298739,KXBTCD-25MAY2121-T109999.99,DELTA,38,50,42,1000,747,no,56,-50
2025-05-21T17:04:20.298824,KXBTCD-25MAY2121-T109999.99,DELTA,38,50,42,1000,748,no,57,50
2025-05-21T17:04:20.298881,KXBTCD-25MAY2121-T109999.99,DELTA,38,50,43,50,749,no,58,-1000
2025-05-21T17:04:20.358190,KXBTCD-25MAY2121-T109999.99,DELTA,38,50,45,69,750,no,57,-50
2025-05-21T17:04:20.358361,KXBTCD-25MAY2121-T109999.99,DELTA,38,50,44,50,751,no,56,50
2025-05-21T17:04:20.437996,KXBTCD-25MAY2121-T109999.99,DELTA,38,50,43,1000,752,no,57,1000
2025-05-21T17:04:20.477506,KXBTCD-25MAY2121-T109999.99,DELTA,38,50,43,1000,753,no,12,-2700
2025-05-21T17:04:20.477654,KXBTCD-25MAY2121-T109999.99,DELTA,38,50,43,1000,754,no,10,3240
2025-05-21T17:04:20.495150,KXBTCD-25MAY2121-T109999.99,DELTA,38,50,43,1000,755,no,52,9
2025-05-21T17:04:20.496077,KXBTCD-25MAY2121-T109999.99,DELTA,38,50,43,1000,756,no,56,-50
2025-05-21T17:04:20.496141,KXBTCD-25MAY2121-T109999.99,DELTA,38,50,43,1050,757,no,57,50
2025-05-21T17:04:20.595552,KXBTCD-25MAY2121-T109999.99,DELTA,38,50,43,1050,758,no,5,-20000
2025-05-21T17:04:20.656110,KXBTCD-25MAY2121-T109999.99,DELTA,38,50,43,50,759,no,57,-1000
2025-05-21T17:04:20.695959,KXBTCD-25MAY2121-T109999.99,DELTA,38,50,43,50,760,no,11,20000
2025-05-21T17:04:20.715453,KXBTCD-25MAY2121-T109999.99,DELTA,38,50,42,1000,761,no,58,1000
2025-05-21T17:04:20.715595,KXBTCD-25MAY2121-T109999.99,DELTA,38,50,42,1000,762,no,57,-50
2025-05-21T17:04:20.715668,KXBTCD-25MAY2121-T109999.99,DELTA,38,50,42,1000,763,no,56,50
2025-05-21T17:04:20.775570,KXBTCD-25MAY2121-T109999.99,DELTA,38,50,42,1000,764,no,56,-50
2025-05-21T17:04:20.775723,KXBTCD-25MAY2121-T109999.99,DELTA,38,50,42,1000,765,no,57,50
2025-05-21T17:04:20.776026,KXBTCD-25MAY2121-T109999.99,DELTA,38,50,43,50,766,no,58,-1000
2025-05-21T17:04:20.815862,KXBTCD-25MAY2121-T109999.99,DELTA,38,50,43,1050,767,no,57,1000
2025-05-21T17:04:20.855480,KXBTCD-25MAY2121-T109999.99,DELTA,38,50,43,1000,768,no,57,-50
2025-05-21T17:04:20.856165,KXBTCD-25MAY2121-T109999.99,DELTA,38,50,43,1000,769,no,56,50
2025-05-21T17:04:20.856767,KXBTCD-25MAY2121-T109999.99,DELTA,38,150,43,1000,770,yes,38,100
2025-05-21T17:04:20.856845,KXBTCD-25MAY2121-T109999.99,DELTA,38,150,43,1000,771,no,54,100
2025-05-21T17:04:20.856911,KXBTCD-25MAY2121-T109999.99,DELTA,38,150,44,50,772,no,57,-1000
2025-05-21T17:04:20.896816,KXBTCD-25MAY2121-T109999.99,DELTA,38,150,45,69,773,no,56,-50
2025-05-21T17:04:20.896952,KXBTCD-25MAY2121-T109999.99,DELTA,38,150,43,50,774,no,57,50
2025-05-21T17:04:20.915607,KXBTCD-25MAY2121-T109999.99,DELTA,38,100,43,50,775,yes,38,-50
2025-05-21T17:04:20.915707,KXBTCD-25MAY2121-T109999.99,DELTA,39,50,43,50,776,yes,39,50
2025-05-21T17:04:20.935983,KXBTCD-25MAY2121-T109999.99,DELTA,39,50,42,1000,777,no,58,1000
2025-05-21T17:04:20.955506,KXBTCD-25MAY2121-T109999.99,DELTA,39,50,42,1000,778,no,57,-50
2025-05-21T17:04:20.955619,KXBTCD-25MAY2121-T109999.99,DELTA,39,50,42,1000,779,no,56,50
2025-05-21T17:04:20.995853,KXBTCD-25MAY2121-T109999.99,DELTA,39,50,42,1000,780,no,56,-50
2025-05-21T17:04:20.995951,KXBTCD-25MAY2121-T109999.99,DELTA,39,50,42,1000,781,no,57,50
2025-05-21T17:04:21.035429,KXBTCD-25MAY2121-T109999.99,DELTA,39,50,42,1000,782,no,55,-69
2025-05-21T17:04:21.035551,KXBTCD-25MAY2121-T109999.99,DELTA,39,50,42,1000,783,no,54,69
2025-05-21T17:04:21.300204,KXBTCD-25MAY2121-T109999.99,DELTA,39,50,42,1000,784,yes,32,-24
2025-05-21T17:04:21.300349,KXBTCD-25MAY2121-T109999.99,DELTA,39,50,42,1000,785,yes,33,24
2025-05-21T17:04:21.300416,KXBTCD-25MAY2121-T109999.99,DELTA,39,50,42,1000,786,no,50,24
2025-05-21T17:04:21.300472,KXBTCD-25MAY2121-T109999.99,DELTA,39,50,42,1000,787,no,51,-24
2025-05-21T17:04:21.300531,KXBTCD-25MAY2121-T109999.99,DELTA,39,50,43,50,788,no,58,-1000
2025-05-21T17:04:21.358592,KXBTCD-25MAY2121-T109999.99,DELTA,39,50,43,50,789,yes,33,-24
2025-05-21T17:04:21.358710,KXBTCD-25MAY2121-T109999.99,DELTA,39,50,43,50,790,yes,35,24
2025-05-21T17:04:21.358768,KXBTCD-25MAY2121-T109999.99,DELTA,39,50,43,50,791,no,48,24
2025-05-21T17:04:21.387692,KXBTCD-25MAY2121-T109999.99,DELTA,39,50,43,50,792,no,50,-24
2025-05-21T17:04:21.387858,KXBTCD-25MAY2121-T109999.99,DELTA,39,50,46,169,793,no,57,-50
2025-05-21T17:04:21.387923,KXBTCD-25MAY2121-T109999.99,DELTA,39,50,45,50,794,no,55,50
2025-05-21T17:04:21.387978,KXBTCD-25MAY2121-T109999.99,DELTA,39,50,42,1000,795,no,58,1000
2025-05-21T17:04:21.388027,KXBTCD-25MAY2121-T109999.99,DELTA,39,50,42,1000,796,no,31,-2000
2025-05-21T17:04:21.397922,KXBTCD-25MAY2121-T109999.99,DELTA,39,50,42,1000,797,no,43,-3000
2025-05-21T17:04:21.419305,KXBTCD-25MAY2121-T109999.99,DELTA,39,50,42,1000,798,no,55,-50
2025-05-21T17:04:21.419394,KXBTCD-25MAY2121-T109999.99,DELTA,39,50,42,1000,799,no,57,50
2025-05-21T17:04:21.419456,KXBTCD-25MAY2121-T109999.99,DELTA,39,50,42,1000,800,yes,10,200
2025-05-21T17:04:21.438410,KXBTCD-25MAY2121-T109999.99,DELTA,39,50,43,50,801,no,58,-1000
2025-05-21T17:04:21.438507,KXBTCD-25MAY2121-T109999.99,DELTA,39,50,43,50,802,no,52,-9
2025-05-21T17:04:21.458796,KXBTCD-25MAY2121-T109999.99,DELTA,39,50,43,50,803,no,44,9
2025-05-21T17:04:21.458883,KXBTCD-25MAY2121-T109999.99,DELTA,39,50,43,50,804,no,55,2000
2025-05-21T17:04:21.475814,KXBTCD-25MAY2121-T109999.99,DELTA,39,50,43,50,805,no,35,3000
2025-05-21T17:04:21.497143,KXBTCD-25MAY2121-T109999.99,DELTA,39,50,45,2000,806,no,57,-50
2025-05-21T17:04:21.497248,KXBTCD-25MAY2121-T109999.99,DELTA,39,50,45,2050,807,no,55,50
2025-05-21T17:04:21.576254,KXBTCD-25MAY2121-T109999.99,DELTA,39,50,45,2050,808,yes,3,-10800
2025-05-21T17:04:21.576390,KXBTCD-25MAY2121-T109999.99,DELTA,39,50,45,2050,809,yes,1,32400
2025-05-21T17:04:21.576464,KXBTCD-25MAY2121-T109999.99,DELTA,39,50,42,1000,810,no,58,1000
2025-05-21T17:04:21.615751,KXBTCD-25MAY2121-T109999.99,DELTA,39,50,42,1000,811,yes,4,-2000
2025-05-21T17:04:21.656438,KXBTCD-25MAY2121-T109999.99,DELTA,39,50,42,1000,812,yes,4,-20000
2025-05-21T17:04:21.676269,KXBTCD-25MAY2121-T109999.99,DELTA,39,50,45,2050,813,no,58,-1000
2025-05-21T17:04:21.735811,KXBTCD-25MAY2121-T109999.99,DELTA,39,50,45,2050,814,yes,38,-100
2025-05-21T17:04:21.736021,KXBTCD-25MAY2121-T109999.99,DELTA,39,50,45,2050,815,yes,2,20000
2025-05-21T17:04:21.736600,KXBTCD-25MAY2121-T109999.99,DELTA,39,50,45,2050,816,yes,11,2000
2025-05-21T17:04:21.991592,KXBTCD-25MAY2121-T109999.99,DELTA,39,50,45,2050,817,yes,34,-69
2025-05-21T17:04:21.991746,KXBTCD-25MAY2121-T109999.99,DELTA,39,50,45,2050,818,yes,35,69
2025-05-21T17:04:22.135821,KXBTCD-25MAY2121-T109999.99,DELTA,39,50,44,1000,819,no,56,1000
2025-05-21T17:04:22.195187,KXBTCD-25MAY2121-T109999.99,DELTA,39,50,44,1000,820,yes,35,-1000
2025-05-21T17:04:22.324306,KXBTCD-25MAY2121-T109999.99,DELTA,35,93,44,1000,821,yes,39,-50
2025-05-21T17:04:22.324482,KXBTCD-25MAY2121-T109999.99,DELTA,36,50,44,1000,822,yes,36,50
2025-05-21T17:04:22.324764,KXBTCD-25MAY2121-T109999.99,DELTA,36,50,44,1000,823,no,44,-9
2025-05-21T17:04:22.335915,KXBTCD-25MAY2121-T109999.99,DELTA,36,50,44,1000,824,yes,35,1000
2025-05-21T17:04:22.336042,KXBTCD-25MAY2121-T109999.99,DELTA,36,50,44,1000,825,no,55,-50
2025-05-21T17:04:22.336184,KXBTCD-25MAY2121-T109999.99,DELTA,36,50,44,1050,826,no,56,50
2025-05-21T17:04:22.416047,KXBTCD-25MAY2121-T109999.99,DELTA,36,50,44,1050,827,no,54,-100
2025-05-21T17:04:22.455614,KXBTCD-25MAY2121-T109999.99,DELTA,36,50,44,1050,828,yes,33,24
2025-05-21T17:04:22.455789,KXBTCD-25MAY2121-T109999.99,DELTA,36,50,44,1050,829,yes,35,-24
2025-05-21T17:04:22.478489,KXBTCD-25MAY2121-T109999.99,DELTA,36,50,44,1050,830,no,48,-24
2025-05-21T17:04:22.478690,KXBTCD-25MAY2121-T109999.99,DELTA,36,50,44,1050,831,no,49,24
2025-05-21T17:04:22.478796,KXBTCD-25MAY2121-T109999.99,DELTA,36,50,44,50,832,no,56,-1000
2025-05-21T17:04:22.574713,KXBTCD-25MAY2121-T109999.99,DELTA,36,50,44,50,833,no,55,-2000
2025-05-21T17:04:22.574907,KXBTCD-25MAY2121-T109999.99,DELTA,36,50,43,1000,834,no,57,1000
2025-05-21T17:04:22.616466,KXBTCD-25MAY2121-T109999.99,DELTA,36,50,43,1000,835,no,54,-69
2025-05-21T17:04:22.616636,KXBTCD-25MAY2121-T109999.99,DELTA,36,50,43,1000,836,no,53,69
2025-05-21T17:04:22.655057,KXBTCD-25MAY2121-T109999.99,DELTA,36,50,43,1000,837,no,31,2000
2025-05-21T17:04:23.177519,KXBTCD-25MAY2121-T109999.99,DELTA,39,100,43,1000,838,yes,39,100
2025-05-21T17:04:23.376122,KXBTCD-25MAY2121-T109999.99,DELTA,39,100,43,1000,839,yes,36,-50
2025-05-21T17:04:23.376305,KXBTCD-25MAY2121-T109999.99,DELTA,40,50,43,1000,840,yes,40,50
2025-05-21T17:04:24.396322,KXBTCD-25MAY2121-T109999.99,DELTA,40,50,43,1000,841,yes,35,-69
2025-05-21T17:04:24.396531,KXBTCD-25MAY2121-T109999.99,DELTA,40,50,43,1000,842,yes,36,69
2025-05-21T17:04:24.676301,KXBTCD-25MAY2121-T109999.99,DELTA,40,50,43,1000,843,yes,35,-1000
2025-05-21T17:04:24.676495,KXBTCD-25MAY2121-T109999.99,DELTA,40,50,43,1000,844,no,56,-50
2025-05-21T17:04:24.676758,KXBTCD-25MAY2121-T109999.99,DELTA,40,50,43,1050,845,no,57,50
2025-05-21T17:04:24.677077,KXBTCD-25MAY2121-T109999.99,DELTA,40,50,43,1050,846,no,53,100
2025-05-21T17:04:24.796089,KXBTCD-25MAY2121-T109999.99,DELTA,40,50,43,1050,847,yes,11,1000
2025-05-21T17:04:24.796322,KXBTCD-25MAY2121-T109999.99,DELTA,40,50,43,1050,848,no,31,-2000
2025-05-21T17:04:24.896555,KXBTCD-25MAY2121-T109999.99,DELTA,40,50,43,50,849,no,57,-1000
2025-05-21T17:04:25.077478,KXBTCD-25MAY2121-T109999.99,DELTA,40,50,43,50,850,no,54,2000
2025-05-21T17:04:25.077666,KXBTCD-25MAY2121-T109999.99,DELTA,40,50,42,1000,851,no,58,1000
2025-05-21T17:04:25.077951,KXBTCD-25MAY2121-T109999.99,DELTA,40,50,42,1000,852,no,57,-50
2025-05-21T17:04:25.078027,KXBTCD-25MAY2121-T109999.99,DELTA,40,50,42,1000,853,no,54,50
2025-05-21T17:04:25.197809,KXBTCD-25MAY2121-T109999.99,DELTA,40,50,46,2050,854,no,58,-1000
2025-05-21T17:04:25.197974,KXBTCD-25MAY2121-T109999.99,DELTA,40,50,46,2000,855,no,54,-50
2025-05-21T17:04:25.198048,KXBTCD-25MAY2121-T109999.99,DELTA,40,50,42,50,856,no,58,50
2025-05-21T17:04:25.296953,KXBTCD-25MAY2121-T109999.99,DELTA,40,50,42,50,857,no,55,1000
2025-05-21T17:04:25.475690,KXBTCD-25MAY2121-T109999.99,DELTA,40,50,42,50,858,no,55,-1000
2025-05-21T17:04:25.476831,KXBTCD-25MAY2121-T109999.99,DELTA,40,50,42,50,859,yes,13,9
2025-05-21T17:04:25.776297,KXBTCD-25MAY2121-T109999.99,DELTA,40,50,41,1000,860,no,59,1000
2025-05-21T17:04:25.876384,KXBTCD-25MAY2121-T109999.99,DELTA,40,50,41,1000,861,no,53,-100
2025-05-21T17:04:25.896559,KXBTCD-25MAY2121-T109999.99,DELTA,40,50,41,1000,862,yes,36,-69
2025-05-21T17:04:25.896676,KXBTCD-25MAY2121-T109999.99,DELTA,40,50,41,1000,863,yes,35,69
2025-05-21T17:04:26.076564,KXBTCD-25MAY2121-T109999.99,DELTA,40,50,41,1000,864,no,54,-2000
2025-05-21T17:04:26.275800,KXBTCD-25MAY2121-T109999.99,DELTA,40,50,41,1000,865,no,31,2000
2025-05-21T17:04:26.276905,KXBTCD-25MAY2121-T109999.99,DELTA,40,50,41,1000,866,yes,13,-9
2025-05-21T17:04:26.277053,KXBTCD-25MAY2121-T109999.99,DELTA,40,50,41,1000,867,yes,36,9
2025-05-21T17:04:26.676347,KXBTCD-25MAY2121-T109999.99,DELTA,40,50,41,1000,868,no,10,-3240
2025-05-21T17:04:26.676551,KXBTCD-25MAY2121-T109999.99,DELTA,40,50,41,1000,869,no,12,2700
2025-05-21T17:04:26.755003,KXBTCD-25MAY2121-T109999.99,DELTA,40,50,41,1000,870,no,11,-20000
2025-05-21T17:04:26.795034,KXBTCD-25MAY2121-T109999.99,DELTA,40,50,41,1000,871,no,5,20000
2025-05-21T17:04:27.075346,KXBTCD-25MAY2121-T109999.99,DELTA,40,50,41,1000,872,no,53,-69
2025-05-21T17:04:27.075502,KXBTCD-25MAY2121-T109999.99,DELTA,40,50,41,1000,873,no,54,69
2025-05-21T17:04:27.458053,KXBTCD-25MAY2121-T109999.99,DELTA,40,50,41,1000,874,no,53,100
2025-05-21T17:04:28.636947,KXBTCD-25MAY2121-T109999.99,DELTA,40,50,41,1000,875,no,12,-2700
2025-05-21T17:04:28.637484,KXBTCD-25MAY2121-T109999.99,DELTA,40,50,41,1000,876,no,10,3240
2025-05-21T17:04:28.696264,KXBTCD-25MAY2121-T109999.99,DELTA,40,50,41,1000,877,no,5,-20000
2025-05-21T17:04:28.736733,KXBTCD-25MAY2121-T109999.99,DELTA,40,50,41,1000,878,no,11,20000
2025-05-21T17:04:29.236014,KXBTCD-25MAY2121-T109999.99,DELTA,40,50,41,1000,879,yes,11,-1000
2025-05-21T17:04:29.295240,KXBTCD-25MAY2121-T109999.99,DELTA,40,50,41,1000,880,no,58,-50
2025-05-21T17:04:29.295621,KXBTCD-25MAY2121-T109999.99,DELTA,40,50,41,1000,881,no,57,50
2025-05-21T17:04:29.357052,KXBTCD-25MAY2121-T109999.99,DELTA,40,50,43,50,882,no,59,-1000
2025-05-21T17:04:29.474238,KXBTCD-25MAY2121-T109999.99,DELTA,40,50,42,1000,883,no,58,1000
2025-05-21T17:04:29.474655,KXBTCD-25MAY2121-T109999.99,DELTA,40,50,42,1000,884,yes,35,1000
2025-05-21T17:04:29.616969,KXBTCD-25MAY2121-T109999.99,DELTA,40,50,42,1000,885,no,10,-3240
2025-05-21T17:04:29.617937,KXBTCD-25MAY2121-T109999.99,DELTA,40,50,42,1000,886,no,12,2700
2025-05-21T17:04:29.656067,KXBTCD-25MAY2121-T109999.99,DELTA,40,50,42,1000,887,yes,35,-1000
2025-05-21T17:04:29.677255,KXBTCD-25MAY2121-T109999.99,DELTA,40,50,42,1000,888,no,54,-69
2025-05-21T17:04:29.678016,KXBTCD-25MAY2121-T109999.99,DELTA,40,50,42,1000,889,no,53,69
2025-05-21T17:04:29.716125,KXBTCD-25MAY2121-T109999.99,DELTA,40,50,42,1000,890,no,11,-20000
2025-05-21T17:04:29.757980,KXBTCD-25MAY2121-T109999.99,DELTA,40,50,42,1000,891,no,5,20000
2025-05-21T17:04:29.796813,KXBTCD-25MAY2121-T109999.99,DELTA,40,50,42,1000,892,no,31,-2000
2025-05-21T17:04:29.836751,KXBTCD-25MAY2121-T109999.99,DELTA,40,50,42,1000,893,no,54,2000
2025-05-21T17:04:29.897145,KXBTCD-25MAY2121-T109999.99,DELTA,40,50,42,1000,894,yes,35,24
2025-05-21T17:04:29.897983,KXBTCD-25MAY2121-T109999.99,DELTA,40,50,42,1000,895,yes,33,-24
2025-05-21T17:04:29.898139,KXBTCD-25MAY2121-T109999.99,DELTA,40,50,42,1000,896,no,48,24
2025-05-21T17:04:29.898247,KXBTCD-25MAY2121-T109999.99,DELTA,40,50,42,1000,897,no,49,-24
2025-05-21T17:04:29.915705,KXBTCD-25MAY2121-T109999.99,DELTA,40,50,42,1000,898,yes,36,1000
2025-05-21T17:04:30.076464,KXBTCD-25MAY2121-T109999.99,DELTA,40,50,42,1000,899,yes,35,-69
2025-05-21T17:04:30.076668,KXBTCD-25MAY2121-T109999.99,DELTA,40,50,42,1000,900,yes,36,69
2025-05-21T17:04:30.157516,KXBTCD-25MAY2121-T109999.99,DELTA,40,50,42,1000,901,no,57,-50
2025-05-21T17:04:30.158300,KXBTCD-25MAY2121-T109999.99,DELTA,40,50,42,1000,902,no,55,50
2025-05-21T17:04:30.216113,KXBTCD-25MAY2121-T109999.99,DELTA,40,50,45,50,903,no,58,-1000
2025-05-21T17:04:30.276731,KXBTCD-25MAY2121-T109999.99,DELTA,40,50,44,1000,904,no,56,1000
2025-05-21T17:04:30.278190,KXBTCD-25MAY2121-T109999.99,DELTA,40,50,44,1000,905,yes,39,-100
2025-05-21T17:04:30.335933,KXBTCD-25MAY2121-T109999.99,DELTA,40,50,44,1000,906,yes,36,-9
2025-05-21T17:04:30.495955,KXBTCD-25MAY2121-T109999.99,DELTA,36,1069,44,1000,907,yes,40,-50
2025-05-21T17:04:30.496651,KXBTCD-25MAY2121-T109999.99,DELTA,37,50,44,1000,908,yes,37,50
2025-05-21T17:04:30.604003,KXBTCD-25MAY2121-T109999.99,DELTA,37,50,44,1000,909,yes,36,-1000
2025-05-21T17:04:30.658881,KXBTCD-25MAY2121-T109999.99,DELTA,37,50,44,1000,910,no,12,-2700
2025-05-21T17:04:30.659773,KXBTCD-25MAY2121-T109999.99,DELTA,37,50,44,1000,911,no,10,3240
2025-05-21T17:04:30.759394,KXBTCD-25MAY2121-T109999.99,DELTA,37,50,44,1000,912,no,5,-20000
2025-05-21T17:04:30.823901,KXBTCD-25MAY2121-T109999.99,DELTA,37,50,44,1000,913,no,11,20000
2025-05-21T17:04:30.838329,KXBTCD-25MAY2121-T109999.99,DELTA,37,50,44,1000,914,no,53,-69
2025-05-21T17:04:30.839035,KXBTCD-25MAY2121-T109999.99,DELTA,37,50,44,1000,915,no,52,69
2025-05-21T17:04:30.857902,KXBTCD-25MAY2121-T109999.99,DELTA,37,50,44,1000,916,yes,36,1000
2025-05-21T17:04:30.898237,KXBTCD-25MAY2121-T109999.99,DELTA,37,50,44,1000,917,no,54,-2000
2025-05-21T17:04:30.917765,KXBTCD-25MAY2121-T109999.99,DELTA,40,100,44,1000,918,yes,40,100
2025-05-21T17:04:30.976046,KXBTCD-25MAY2121-T109999.99,DELTA,40,100,44,1000,919,yes,37,-50
2025-05-21T17:04:30.976885,KXBTCD-25MAY2121-T109999.99,DELTA,41,50,44,1000,920,yes,41,50
2025-05-21T17:04:31.017362,KXBTCD-25MAY2121-T109999.99,DELTA,41,50,44,1000,921,no,31,2000
2025-05-21T17:04:31.078050,KXBTCD-25MAY2121-T109999.99,DELTA,41,50,44,1000,922,yes,36,-1000
2025-05-21T17:04:31.097138,KXBTCD-25MAY2121-T109999.99,DELTA,41,50,44,1000,923,yes,37,9
2025-05-21T17:04:31.137652,KXBTCD-25MAY2121-T109999.99,DELTA,41,50,44,1000,924,yes,11,1000
2025-05-21T17:04:31.196912,KXBTCD-25MAY2121-T109999.99,DELTA,41,50,44,1000,925,yes,11,-1000
2025-05-21T17:04:31.235680,KXBTCD-25MAY2121-T109999.99,DELTA,41,50,44,1000,926,yes,36,1000
2025-05-21T17:04:31.297028,KXBTCD-25MAY2121-T109999.99,DELTA,41,50,44,1000,927,yes,36,-1000
2025-05-21T17:04:31.377139,KXBTCD-25MAY2121-T109999.99,DELTA,41,50,44,1000,928,yes,11,1000
2025-05-21T17:04:31.595829,KXBTCD-25MAY2121-T109999.99,DELTA,41,50,44,1000,929,yes,36,-69
2025-05-21T17:04:31.596064,KXBTCD-25MAY2121-T109999.99,DELTA,41,50,44,1000,930,yes,37,69
2025-05-21T17:04:32.315919,KXBTCD-25MAY2121-T109999.99,DELTA,41,50,44,1000,931,no,55,-50
2025-05-21T17:04:32.316154,KXBTCD-25MAY2121-T109999.99,DELTA,41,50,44,1050,932,no,56,50
2025-05-21T17:04:32.396304,KXBTCD-25MAY2121-T109999.99,DELTA,41,50,44,50,933,no,56,-1000
2025-05-21T17:04:32.435843,KXBTCD-25MAY2121-T109999.99,DELTA,41,50,44,50,934,yes,13,9
2025-05-21T17:04:32.435984,KXBTCD-25MAY2121-T109999.99,DELTA,41,50,44,50,935,yes,37,-9
2025-05-21T17:04:32.436052,KXBTCD-25MAY2121-T109999.99,DELTA,41,50,43,1000,936,no,57,1000
2025-05-21T17:04:32.475239,KXBTCD-25MAY2121-T109999.99,DELTA,41,50,43,1000,937,no,56,-50
2025-05-21T17:04:32.475383,KXBTCD-25MAY2121-T109999.99,DELTA,41,50,43,1000,938,no,54,50
2025-05-21T17:04:32.535024,KXBTCD-25MAY2121-T109999.99,DELTA,41,50,43,1000,939,no,54,-50
2025-05-21T17:04:32.535238,KXBTCD-25MAY2121-T109999.99,DELTA,41,50,43,1050,940,no,57,50
2025-05-21T17:04:32.635735,KXBTCD-25MAY2121-T109999.99,DELTA,41,50,43,1050,941,yes,37,-69
2025-05-21T17:04:32.635888,KXBTCD-25MAY2121-T109999.99,DELTA,41,50,43,1050,942,yes,36,69
2025-05-21T17:04:32.635951,KXBTCD-25MAY2121-T109999.99,DELTA,41,50,43,1050,943,no,10,-3240
2025-05-21T17:04:32.636011,KXBTCD-25MAY2121-T109999.99,DELTA,41,50,43,1050,944,no,12,2700
2025-05-21T17:04:32.676073,KXBTCD-25MAY2121-T109999.99,DELTA,41,50,43,50,945,no,57,-1000
2025-05-21T17:04:32.835983,KXBTCD-25MAY2121-T109999.99,DELTA,41,50,43,50,946,no,11,-20000
2025-05-21T17:04:32.856318,KXBTCD-25MAY2121-T109999.99,DELTA,41,50,42,1000,947,no,58,1000
2025-05-21T17:04:32.956911,KXBTCD-25MAY2121-T109999.99,DELTA,41,50,42,1000,948,no,5,20000
2025-05-21T17:04:33.076581,KXBTCD-25MAY2121-T109999.99,DELTA,41,50,42,1000,949,no,52,-69
2025-05-21T17:04:33.076729,KXBTCD-25MAY2121-T109999.99,DELTA,41,50,42,1000,950,no,53,69
2025-05-21T17:04:33.195980,KXBTCD-25MAY2121-T109999.99,DELTA,41,50,42,1000,951,no,31,-2000
2025-05-21T17:04:33.215756,KXBTCD-25MAY2121-T109999.99,DELTA,41,50,42,1000,952,yes,13,-9
2025-05-21T17:04:33.237339,KXBTCD-25MAY2121-T109999.99,DELTA,41,50,42,1000,953,yes,37,9
2025-05-21T17:04:33.318939,KXBTCD-25MAY2121-T109999.99,DELTA,41,50,42,1000,954,no,54,2000
2025-05-21T17:04:33.656071,KXBTCD-25MAY2121-T109999.99,DELTA,41,50,42,1000,955,yes,11,-1000
2025-05-21T17:04:33.776175,KXBTCD-25MAY2121-T109999.99,DELTA,41,50,42,1000,956,yes,36,1000
2025-05-21T17:04:34.236737,KXBTCD-25MAY2121-T109999.99,DELTA,41,50,42,1000,957,yes,36,-1000
2025-05-21T17:04:34.398886,KXBTCD-25MAY2121-T109999.99,DELTA,41,50,42,1000,958,yes,11,1000
2025-05-21T17:04:34.978989,KXBTCD-25MAY2121-T109999.99,DELTA,41,50,42,1000,959,yes,35,-24
2025-05-21T17:04:34.979092,KXBTCD-25MAY2121-T109999.99,DELTA,41,50,42,1000,960,yes,33,24
2025-05-21T17:04:34.979158,KXBTCD-25MAY2121-T109999.99,DELTA,41,50,42,1000,961,no,50,24
2025-05-21T17:04:34.979211,KXBTCD-25MAY2121-T109999.99,DELTA,41,50,42,1000,962,no,48,-24
2025-05-21T17:04:35.237646,KXBTCD-25MAY2121-T109999.99,DELTA,41,50,42,1000,963,no,53,-100
2025-05-21T17:04:35.237821,KXBTCD-25MAY2121-T109999.99,DELTA,41,50,42,1000,964,yes,40,-100
2025-05-21T17:04:35.376130,KXBTCD-25MAY2121-T109999.99,DELTA,41,50,42,1000,965,no,54,-2000
2025-05-21T17:04:35.496639,KXBTCD-25MAY2121-T109999.99,DELTA,41,50,42,1000,966,no,31,2000
2025-05-21T17:04:36.037066,KXBTCD-25MAY2121-T109999.99,DELTA,41,50,42,1000,967,no,54,100
2025-05-21T17:04:36.037306,KXBTCD-25MAY2121-T109999.99,DELTA,41,50,42,1000,968,yes,38,100
2025-05-21T17:04:36.095924,KXBTCD-25MAY2121-T109999.99,DELTA,38,100,42,1000,969,yes,41,-50
2025-05-21T17:04:36.096110,KXBTCD-25MAY2121-T109999.99,DELTA,39,50,42,1000,970,yes,39,50
2025-05-21T17:04:36.158614,KXBTCD-25MAY2121-T109999.99,DELTA,39,50,42,1000,971,yes,13,9
2025-05-21T17:04:36.159197,KXBTCD-25MAY2121-T109999.99,DELTA,39,50,42,1000,972,yes,37,-9
2025-05-21T17:04:37.077717,KXBTCD-25MAY2121-T109999.99,DELTA,39,50,42,1000,973,no,12,-2700
2025-05-21T17:04:37.077857,KXBTCD-25MAY2121-T109999.99,DELTA,39,50,42,1000,974,no,10,3240
2025-05-21T17:04:37.197519,KXBTCD-25MAY2121-T109999.99,DELTA,39,50,42,1000,975,no,5,-20000
2025-05-21T17:04:37.315624,KXBTCD-25MAY2121-T109999.99,DELTA,39,50,42,1000,976,no,11,20000
2025-05-21T17:04:38.837703,KXBTCD-25MAY2121-T109999.99,DELTA,39,50,42,1000,977,no,10,-3240
2025-05-21T17:04:38.837866,KXBTCD-25MAY2121-T109999.99,DELTA,39,50,42,1000,978,no,12,2700
2025-05-21T17:04:38.958452,KXBTCD-25MAY2121-T109999.99,DELTA,39,50,42,1000,979,no,11,-20000
2025-05-21T17:04:39.057753,KXBTCD-25MAY2121-T109999.99,DELTA,39,50,42,1000,980,no,5,20000
2025-05-21T17:04:39.834911,KXBTCD-25MAY2121-T109999.99,DELTA,39,50,42,1000,981,no,12,-2700
2025-05-21T17:04:39.835097,KXBTCD-25MAY2121-T109999.99,DELTA,39,50,42,1000,982,no,10,3240
2025-05-21T17:04:39.956119,KXBTCD-25MAY2121-T109999.99,DELTA,39,50,42,1000,983,no,5,-20000
2025-05-21T17:04:40.076534,KXBTCD-25MAY2121-T109999.99,DELTA,39,50,42,1000,984,no,11,20000
2025-05-21T17:04:40.817268,KXBTCD-25MAY2121-T109999.99,DELTA,39,50,42,1000,985,no,10,-3240
2025-05-21T17:04:40.817442,KXBTCD-25MAY2121-T109999.99,DELTA,39,50,42,1000,986,no,12,2700
2025-05-21T17:04:40.936171,KXBTCD-25MAY2121-T109999.99,DELTA,39,50,42,1000,987,no,11,-20000
2025-05-21T17:04:41.055693,KXBTCD-25MAY2121-T109999.99,DELTA,39,50,42,1000,988,no,5,20000
2025-05-21T17:04:41.896027,KXBTCD-25MAY2121-T109999.99,DELTA,39,50,42,1000,989,no,12,-2700
2025-05-21T17:04:41.896192,KXBTCD-25MAY2121-T109999.99,DELTA,39,50,42,1000,990,no,10,3240
2025-05-21T17:04:41.996527,KXBTCD-25MAY2121-T109999.99,DELTA,39,50,42,1000,991,no,5,-20000
2025-05-21T17:04:42.116077,KXBTCD-25MAY2121-T109999.99,DELTA,39,50,42,1000,992,no,11,20000
2025-05-21T17:04:42.936503,KXBTCD-25MAY2121-T109999.99,DELTA,39,50,42,1000,993,no,10,-3240
2025-05-21T17:04:42.936631,KXBTCD-25MAY2121-T109999.99,DELTA,39,50,42,1000,994,no,12,2700
2025-05-21T17:04:43.056463,KXBTCD-25MAY2121-T109999.99,DELTA,39,50,42,1000,995,no,11,-20000
2025-05-21T17:04:43.178047,KXBTCD-25MAY2121-T109999.99,DELTA,39,50,42,1000,996,no,5,20000
2025-05-21T17:04:44.695921,KXBTCD-25MAY2121-T109999.99,DELTA,39,50,42,1000,997,yes,36,-69
2025-05-21T17:04:44.696060,KXBTCD-25MAY2121-T109999.99,DELTA,39,50,42,1000,998,yes,35,69
2025-05-21T17:04:44.816206,KXBTCD-25MAY2121-T109999.99,DELTA,39,50,42,1000,999,yes,11,-1000
2025-05-21T17:04:44.936007,KXBTCD-25MAY2121-T109999.99,DELTA,39,50,42,1000,1000,yes,35,1000
2025-05-21T17:04:45.096828,KXBTCD-25MAY2121-T109999.99,DELTA,39,50,42,1000,1001,no,53,-69
2025-05-21T17:04:45.096961,KXBTCD-25MAY2121-T109999.99,DELTA,39,50,42,1000,1002,no,54,69
2025-05-21T17:04:45.216931,KXBTCD-25MAY2121-T109999.99,DELTA,39,50,42,1000,1003,no,31,-2000
2025-05-21T17:04:45.336064,KXBTCD-25MAY2121-T109999.99,DELTA,39,50,42,1000,1004,no,55,2000
2025-05-21T17:04:45.375949,KXBTCD-25MAY2121-T109999.99,DELTA,39,50,42,1000,1005,no,54,-69
2025-05-21T17:04:45.376181,KXBTCD-25MAY2121-T109999.99,DELTA,39,50,42,1000,1006,no,53,69
2025-05-21T17:04:45.515883,KXBTCD-25MAY2121-T109999.99,DELTA,39,50,42,1000,1007,no,55,-2000
2025-05-21T17:04:45.615897,KXBTCD-25MAY2121-T109999.99,DELTA,39,50,42,1000,1008,no,31,2000
2025-05-21T17:04:45.636185,KXBTCD-25MAY2121-T109999.99,DELTA,39,50,42,1000,1009,yes,35,-69
2025-05-21T17:04:45.636345,KXBTCD-25MAY2121-T109999.99,DELTA,39,50,42,1000,1010,yes,36,69
2025-05-21T17:04:45.715014,KXBTCD-25MAY2121-T109999.99,DELTA,39,50,42,1000,1011,yes,35,-1000
2025-05-21T17:04:45.835453,KXBTCD-25MAY2121-T109999.99,DELTA,39,50,42,1000,1012,yes,11,1000
2025-05-21T17:04:45.975854,KXBTCD-25MAY2121-T109999.99,DELTA,39,50,42,1000,1013,yes,13,-9
2025-05-21T17:04:47.495911,KXBTCD-25MAY2121-T109999.99,DELTA,39,50,42,1000,1014,yes,38,-100
2025-05-21T17:04:47.555846,KXBTCD-25MAY2121-T109999.99,DELTA,36,69,42,1000,1015,yes,39,-50
2025-05-21T17:04:47.556056,KXBTCD-25MAY2121-T109999.99,DELTA,37,50,42,1000,1016,yes,37,50
2025-05-21T17:04:47.615073,KXBTCD-25MAY2121-T109999.99,DELTA,37,50,42,1000,1017,yes,34,9
2025-05-21T17:04:48.056452,KXBTCD-25MAY2121-T109999.99,DELTA,37,50,42,1000,1018,no,12,-2700
2025-05-21T17:04:48.056626,KXBTCD-25MAY2121-T109999.99,DELTA,37,50,42,1000,1019,no,10,3240
2025-05-21T17:04:48.176857,KXBTCD-25MAY2121-T109999.99,DELTA,37,50,42,1000,1020,no,5,-20000
2025-05-21T17:04:48.296107,KXBTCD-25MAY2121-T109999.99,DELTA,37,50,42,1000,1021,no,11,20000
2025-05-21T17:04:48.415869,KXBTCD-25MAY2121-T109999.99,DELTA,37,50,42,1000,1022,yes,34,-9
2025-05-21T17:04:48.416049,KXBTCD-25MAY2121-T109999.99,DELTA,37,50,42,1000,1023,yes,13,9
2025-05-21T17:04:48.716303,KXBTCD-25MAY2121-T109999.99,DELTA,38,100,42,1000,1024,yes,38,100
2025-05-21T17:04:48.776019,KXBTCD-25MAY2121-T109999.99,DELTA,38,100,42,1000,1025,yes,37,-50
2025-05-21T17:04:48.776146,KXBTCD-25MAY2121-T109999.99,DELTA,39,50,42,1000,1026,yes,39,50
2025-05-21T17:04:49.435997,KXBTCD-25MAY2121-T109999.99,DELTA,39,50,42,1000,1027,yes,38,-100
2025-05-21T17:04:49.555514,KXBTCD-25MAY2121-T109999.99,DELTA,39,50,42,1000,1028,yes,34,9
2025-05-21T17:04:49.555667,KXBTCD-25MAY2121-T109999.99,DELTA,39,50,42,1000,1029,yes,13,-9
2025-05-21T17:04:49.795750,KXBTCD-25MAY2121-T109999.99,DELTA,39,50,42,1000,1030,no,10,-3240
2025-05-21T17:04:49.795900,KXBTCD-25MAY2121-T109999.99,DELTA,39,50,42,1000,1031,no,12,2700
2025-05-21T17:04:49.937936,KXBTCD-25MAY2121-T109999.99,DELTA,39,50,42,1000,1032,no,11,-20000
2025-05-21T17:04:50.035316,KXBTCD-25MAY2121-T109999.99,DELTA,39,50,42,1000,1033,no,5,20000
2025-05-21T17:04:50.535913,KXBTCD-25MAY2121-T109999.99,DELTA,36,69,42,1000,1034,yes,39,-50
2025-05-21T17:04:50.536080,KXBTCD-25MAY2121-T109999.99,DELTA,37,50,42,1000,1035,yes,37,50
2025-05-21T17:04:50.556412,KXBTCD-25MAY2121-T109999.99,DELTA,38,100,42,1000,1036,yes,38,100
2025-05-21T17:04:50.657700,KXBTCD-25MAY2121-T109999.99,DELTA,38,100,42,1000,1037,yes,34,-9
2025-05-21T17:04:50.657823,KXBTCD-25MAY2121-T109999.99,DELTA,38,100,42,1000,1038,yes,37,-50
2025-05-21T17:04:50.657889,KXBTCD-25MAY2121-T109999.99,DELTA,39,50,42,1000,1039,yes,39,50
2025-05-21T17:04:50.716087,KXBTCD-25MAY2121-T109999.99,DELTA,39,50,42,1000,1040,yes,13,9
2025-05-21T17:04:50.796906,KXBTCD-25MAY2121-T109999.99,DELTA,39,50,42,1000,1041,no,12,-2700
2025-05-21T17:04:50.797087,KXBTCD-25MAY2121-T109999.99,DELTA,39,50,42,1000,1042,no,10,3240
2025-05-21T17:04:50.896039,KXBTCD-25MAY2121-T109999.99,DELTA,39,50,42,1000,1043,yes,38,-100
2025-05-21T17:04:50.916301,KXBTCD-25MAY2121-T109999.99,DELTA,39,50,42,1000,1044,no,5,-20000
2025-05-21T17:04:51.036160,KXBTCD-25MAY2121-T109999.99,DELTA,39,50,42,1000,1045,no,11,20000
2025-05-21T17:04:51.155432,KXBTCD-25MAY2121-T109999.99,DELTA,36,69,42,1000,1046,yes,39,-50
2025-05-21T17:04:51.155619,KXBTCD-25MAY2121-T109999.99,DELTA,37,50,42,1000,1047,yes,37,50
2025-05-21T17:04:51.598085,KXBTCD-25MAY2121-T109999.99,DELTA,38,100,42,1000,1048,yes,38,100
2025-05-21T17:04:51.657183,KXBTCD-25MAY2121-T109999.99,DELTA,38,100,42,1000,1049,yes,37,-50
2025-05-21T17:04:51.657352,KXBTCD-25MAY2121-T109999.99,DELTA,39,50,42,1000,1050,yes,39,50
2025-05-21T17:04:51.816855,KXBTCD-25MAY2121-T109999.99,DELTA,39,50,42,1000,1051,yes,38,-100
2025-05-21T17:04:51.816993,KXBTCD-25MAY2121-T109999.99,DELTA,39,50,42,1000,1052,no,10,-3240
2025-05-21T17:04:51.817070,KXBTCD-25MAY2121-T109999.99,DELTA,39,50,42,1000,1053,no,12,2700
2025-05-21T17:04:51.937527,KXBTCD-25MAY2121-T109999.99,DELTA,39,50,42,1000,1054,no,11,-20000
2025-05-21T17:04:52.056698,KXBTCD-25MAY2121-T109999.99,DELTA,39,50,42,1000,1055,no,5,20000
2025-05-21T17:04:52.456762,KXBTCD-25MAY2121-T109999.99,DELTA,36,69,42,1000,1056,yes,39,-50
2025-05-21T17:04:52.456959,KXBTCD-25MAY2121-T109999.99,DELTA,37,50,42,1000,1057,yes,37,50
2025-05-21T17:04:52.595499,KXBTCD-25MAY2121-T109999.99,DELTA,39,100,42,1000,1058,yes,39,100
2025-05-21T17:04:52.656083,KXBTCD-25MAY2121-T109999.99,DELTA,39,100,42,1000,1059,yes,37,-50
2025-05-21T17:04:52.656211,KXBTCD-25MAY2121-T109999.99,DELTA,40,50,42,1000,1060,yes,40,50
2025-05-21T17:04:52.777384,KXBTCD-25MAY2121-T109999.99,DELTA,40,50,42,1000,1061,yes,1,-32400
2025-05-21T17:04:52.777523,KXBTCD-25MAY2121-T109999.99,DELTA,40,50,42,1000,1062,yes,2,16200
2025-05-21T17:04:52.835349,KXBTCD-25MAY2121-T109999.99,DELTA,40,50,42,1000,1063,no,12,-2700
2025-05-21T17:04:52.835506,KXBTCD-25MAY2121-T109999.99,DELTA,40,50,42,1000,1064,no,10,3240
2025-05-21T17:04:52.897661,KXBTCD-25MAY2121-T109999.99,DELTA,40,50,42,1000,1065,yes,2,-20000
2025-05-21T17:04:52.956786,KXBTCD-25MAY2121-T109999.99,DELTA,40,50,42,1000,1066,no,5,-20000
2025-05-21T17:04:53.015302,KXBTCD-25MAY2121-T109999.99,DELTA,40,50,42,1000,1067,yes,3,20000
2025-05-21T17:04:53.077212,KXBTCD-25MAY2121-T109999.99,DELTA,40,50,42,1000,1068,no,11,20000
2025-05-21T17:04:53.857212,KXBTCD-25MAY2121-T109999.99,DELTA,40,50,42,1000,1069,yes,2,-16200
2025-05-21T17:04:53.857379,KXBTCD-25MAY2121-T109999.99,DELTA,40,50,42,1000,1070,yes,4,8100
2025-05-21T17:04:53.916423,KXBTCD-25MAY2121-T109999.99,DELTA,40,50,42,1000,1071,no,10,-3240
2025-05-21T17:04:53.916555,KXBTCD-25MAY2121-T109999.99,DELTA,40,50,42,1000,1072,no,12,2700
2025-05-21T17:04:53.917775,KXBTCD-25MAY2121-T109999.99,DELTA,40,50,42,998,1073,no,58,-2
2025-05-21T17:04:53.917880,KXBTCD-25MAY2121-T109999.99,DELTA,40,50,42,998,1074,no,57,-50
2025-05-21T17:04:53.917953,KXBTCD-25MAY2121-T109999.99,DELTA,40,50,42,998,1075,no,56,50
2025-05-21T17:04:53.996215,KXBTCD-25MAY2121-T109999.99,DELTA,40,50,42,998,1076,yes,3,-20000
2025-05-21T17:04:54.034657,KXBTCD-25MAY2121-T109999.99,DELTA,40,50,42,998,1077,no,11,-20000
2025-05-21T17:04:54.034788,KXBTCD-25MAY2121-T109999.99,DELTA,40,50,44,50,1078,no,58,-998
2025-05-21T17:04:54.115631,KXBTCD-25MAY2121-T109999.99,DELTA,40,50,44,50,1079,yes,5,20000
2025-05-21T17:04:54.155591,KXBTCD-25MAY2121-T109999.99,DELTA,40,50,44,50,1080,no,5,20000
2025-05-21T17:04:54.155711,KXBTCD-25MAY2121-T109999.99,DELTA,40,50,43,1000,1081,no,57,1000
2025-05-21T17:04:54.275254,KXBTCD-25MAY2121-T109999.99,DELTA,40,50,43,1000,1082,yes,11,-1000
2025-05-21T17:04:54.394552,KXBTCD-25MAY2121-T109999.99,DELTA,40,50,43,1000,1083,yes,11,1000
2025-05-21T17:04:55.217360,KXBTCD-25MAY2121-T109999.99,DELTA,40,50,43,1000,1084,yes,11,-1000
2025-05-21T17:04:55.317005,KXBTCD-25MAY2121-T109999.99,DELTA,40,50,43,1000,1085,yes,36,1000
2025-05-21T17:04:55.436823,KXBTCD-25MAY2121-T109999.99,DELTA,40,50,43,1000,1086,yes,36,-1000
2025-05-21T17:04:55.535997,KXBTCD-25MAY2121-T109999.99,DELTA,40,50,43,1000,1087,yes,11,1000
2025-05-21T17:04:56.135059,KXBTCD-25MAY2121-T109999.99,DELTA,40,50,43,1000,1088,yes,11,-1000
2025-05-21T17:04:56.237058,KXBTCD-25MAY2121-T109999.99,DELTA,40,50,43,1000,1089,yes,36,1000
2025-05-21T17:04:57.415592,KXBTCD-25MAY2121-T109999.99,DELTA,40,50,43,1000,1090,no,12,-2700
2025-05-21T17:04:57.415750,KXBTCD-25MAY2121-T109999.99,DELTA,40,50,43,1000,1091,no,10,3240
2025-05-21T17:04:57.535178,KXBTCD-25MAY2121-T109999.99,DELTA,40,50,43,1000,1092,yes,13,-9
2025-05-21T17:04:57.535400,KXBTCD-25MAY2121-T109999.99,DELTA,40,50,43,1000,1093,no,5,-20000
2025-05-21T17:04:57.634593,KXBTCD-25MAY2121-T109999.99,DELTA,40,50,43,1000,1094,no,11,20000
2025-05-21T17:04:59.056550,KXBTCD-25MAY2121-T109999.99,DELTA,40,50,43,1000,1095,no,53,-69
2025-05-21T17:04:59.056728,KXBTCD-25MAY2121-T109999.99,DELTA,40,50,43,1000,1096,no,52,69
2025-05-21T17:04:59.195699,KXBTCD-25MAY2121-T109999.99,DELTA,40,50,43,1000,1097,yes,4,-8100
2025-05-21T17:04:59.195865,KXBTCD-25MAY2121-T109999.99,DELTA,40,50,43,1000,1098,yes,6,5400
2025-05-21T17:04:59.236160,KXBTCD-25MAY2121-T109999.99,DELTA,40,50,43,1000,1099,yes,36,-69
2025-05-21T17:04:59.236286,KXBTCD-25MAY2121-T109999.99,DELTA,40,50,43,1000,1100,yes,37,69
