timestamp,market_ticker,type,yes_bid_price_cents,yes_bid_qty,yes_ask_price_cents,yes_ask_qty_on_no_side,sequence_num,delta_side,delta_price_cents,delta_quantity
2025-05-21T16:00:16.160021,KXBTCD-25MAY2120-T108749.99,SNAPSHOT,51,50,57,50,1,,,
2025-05-21T16:00:16.305799,KXBTCD-25MAY2120-T108749.99,DELTA,51,50,57,50,2,yes,50,-100
2025-05-21T16:00:17.172482,KXBTCD-25MAY2120-T108749.99,DELTA,2,9,57,50,3,yes,51,-50
2025-05-21T16:00:17.173854,KXBTCD-25MAY2120-T108749.99,DELTA,2,59,57,50,4,yes,2,50
2025-05-21T16:00:17.185513,KXBTCD-25MAY2120-T108749.99,DELTA,2,59,57,50,5,no,5,-9
2025-05-21T16:00:17.206087,KXBTCD-25MAY2120-T108749.99,DELTA,2,50,57,50,6,yes,2,-9
2025-05-21T16:00:17.206576,KXBTCD-25MAY2120-T108749.99,DELTA,2,50,57,50,7,no,2,9
2025-05-21T16:00:17.445713,KXBTCD-25MAY2120-T108749.99,DELTA,50,100,57,50,8,yes,50,100
2025-05-21T16:00:17.465292,KXBTCD-25MAY2120-T108749.99,DELTA,50,100,57,50,9,yes,1,-32400
2025-05-21T16:00:17.465859,KXBTCD-25MAY2120-T108749.99,DELTA,50,100,57,50,10,yes,6,5400
2025-05-21T16:00:17.506097,KXBTCD-25MAY2120-T108749.99,DELTA,50,100,57,50,11,yes,2,-50
2025-05-21T16:00:17.506866,KXBTCD-25MAY2120-T108749.99,DELTA,51,50,57,50,12,yes,51,50
2025-05-21T16:00:18.585765,KXBTCD-25MAY2120-T108749.99,DELTA,51,50,57,50,13,yes,6,-5400
2025-05-21T16:00:18.586087,KXBTCD-25MAY2120-T108749.99,DELTA,51,50,57,50,14,yes,1,32400
2025-05-21T16:00:18.686707,KXBTCD-25MAY2120-T108749.99,DELTA,51,50,57,50,15,yes,2,9
2025-05-21T16:00:28.424764,KXBTCD-25MAY2120-T108749.99,DELTA,51,50,57,50,16,yes,30,200
2025-05-21T16:00:28.465574,KXBTCD-25MAY2120-T108749.99,DELTA,51,50,57,50,17,no,20,200
2025-05-21T16:00:28.544454,KXBTCD-25MAY2120-T108749.99,DELTA,51,50,57,50,18,yes,31,9
2025-05-21T16:00:28.544664,KXBTCD-25MAY2120-T108749.99,DELTA,51,50,57,50,19,yes,2,-9
2025-05-21T16:00:28.785356,KXBTCD-25MAY2120-T108749.99,DELTA,51,50,57,50,20,no,1,-32400
2025-05-21T16:00:28.786114,KXBTCD-25MAY2120-T108749.99,DELTA,51,50,57,50,21,no,3,10800
2025-05-21T16:00:29.307158,KXBTCD-25MAY2120-T108749.99,DELTA,51,50,57,50,22,no,42,-100
2025-05-21T16:00:29.405208,KXBTCD-25MAY2120-T108749.99,DELTA,51,50,80,200,23,no,43,-50
2025-05-21T16:00:29.405645,KXBTCD-25MAY2120-T108749.99,DELTA,51,50,79,50,24,no,21,50
2025-05-21T16:00:29.446032,KXBTCD-25MAY2120-T108749.99,DELTA,51,50,79,50,25,no,2,-9
2025-05-21T16:00:29.446323,KXBTCD-25MAY2120-T108749.99,DELTA,51,50,79,59,26,no,21,9
2025-05-21T16:00:29.705288,KXBTCD-25MAY2120-T108749.99,DELTA,51,50,79,59,27,no,3,-10800
2025-05-21T16:00:29.706113,KXBTCD-25MAY2120-T108749.99,DELTA,51,50,79,59,28,no,1,32400
2025-05-21T16:00:30.123746,KXBTCD-25MAY2120-T108749.99,DELTA,51,50,57,100,29,no,43,100
2025-05-21T16:00:30.184685,KXBTCD-25MAY2120-T108749.99,DELTA,51,50,57,100,30,no,21,-50
2025-05-21T16:00:30.184950,KXBTCD-25MAY2120-T108749.99,DELTA,51,50,56,50,31,no,44,50
2025-05-21T16:00:30.246457,KXBTCD-25MAY2120-T108749.99,DELTA,51,50,56,50,32,no,21,-9
2025-05-21T16:00:30.247044,KXBTCD-25MAY2120-T108749.99,DELTA,51,50,56,50,33,no,22,9
2025-05-21T16:00:32.785676,KXBTCD-25MAY2120-T108749.99,DELTA,51,50,56,50,34,yes,4,2996
2025-05-21T16:00:32.786226,KXBTCD-25MAY2120-T108749.99,DELTA,51,50,56,50,35,yes,2,2929
2025-05-21T16:00:32.805931,KXBTCD-25MAY2120-T108749.99,DELTA,51,50,56,50,36,yes,1,44309
2025-05-21T16:00:32.806173,KXBTCD-25MAY2120-T108749.99,DELTA,51,50,56,50,37,yes,1,14945
2025-05-21T16:00:32.905483,KXBTCD-25MAY2120-T108749.99,DELTA,51,50,56,50,38,no,22,-9
2025-05-21T16:00:32.905857,KXBTCD-25MAY2120-T108749.99,DELTA,51,50,56,50,39,no,21,9
2025-05-21T16:00:35.166038,KXBTCD-25MAY2120-T108749.99,DELTA,51,50,56,50,40,yes,50,-100
2025-05-21T16:00:35.226758,KXBTCD-25MAY2120-T108749.99,DELTA,31,9,56,50,41,yes,51,-50
2025-05-21T16:00:35.227806,KXBTCD-25MAY2120-T108749.99,DELTA,31,59,56,50,42,yes,31,50
2025-05-21T16:00:36.148305,KXBTCD-25MAY2120-T108749.99,DELTA,49,100,56,50,43,yes,49,100
2025-05-21T16:00:36.217155,KXBTCD-25MAY2120-T108749.99,DELTA,49,100,56,50,44,yes,31,-50
2025-05-21T16:00:36.217948,KXBTCD-25MAY2120-T108749.99,DELTA,50,50,56,50,45,yes,50,50
2025-05-21T16:00:36.286423,KXBTCD-25MAY2120-T108749.99,DELTA,50,50,56,50,46,yes,31,-9
2025-05-21T16:00:36.287013,KXBTCD-25MAY2120-T108749.99,DELTA,50,50,56,50,47,yes,32,9
2025-05-21T16:00:37.546275,KXBTCD-25MAY2120-T108749.99,DELTA,50,50,56,50,48,yes,1,-32400
2025-05-21T16:00:37.547106,KXBTCD-25MAY2120-T108749.99,DELTA,50,50,56,50,49,yes,5,6480
2025-05-21T16:00:37.668118,KXBTCD-25MAY2120-T108749.99,DELTA,50,50,56,50,50,yes,32,-9
2025-05-21T16:00:37.668863,KXBTCD-25MAY2120-T108749.99,DELTA,50,50,56,50,51,yes,31,9
2025-05-21T16:00:37.785662,KXBTCD-25MAY2120-T108749.99,DELTA,50,50,56,50,52,yes,49,-100
2025-05-21T16:00:38.877558,KXBTCD-25MAY2120-T108749.99,DELTA,31,9,56,50,53,yes,50,-50
2025-05-21T16:00:38.877921,KXBTCD-25MAY2120-T108749.99,DELTA,30,200,56,50,54,yes,31,-9
2025-05-21T16:00:38.878036,KXBTCD-25MAY2120-T108749.99,DELTA,30,96,56,50,55,yes,30,-104
2025-05-21T16:00:38.924903,KXBTCD-25MAY2120-T108749.99,DELTA,30,96,57,100,56,no,44,-50
2025-05-21T16:00:39.026409,KXBTCD-25MAY2120-T108749.99,DELTA,30,96,55,9,57,no,45,9
2025-05-21T16:00:39.026665,KXBTCD-25MAY2120-T108749.99,DELTA,31,9,55,9,58,yes,31,9
2025-05-21T16:00:39.027018,KXBTCD-25MAY2120-T108749.99,DELTA,31,9,55,9,59,yes,6,9
2025-05-21T16:00:39.071271,KXBTCD-25MAY2120-T108749.99,DELTA,50,100,55,9,60,yes,50,100
2025-05-21T16:00:39.124072,KXBTCD-25MAY2120-T108749.99,DELTA,50,100,55,9,61,no,44,50
2025-05-21T16:00:39.124267,KXBTCD-25MAY2120-T108749.99,DELTA,50,100,55,9,62,yes,31,50
2025-05-21T16:00:39.167379,KXBTCD-25MAY2120-T108749.99,DELTA,50,100,55,9,63,no,44,-50
2025-05-21T16:00:39.184323,KXBTCD-25MAY2120-T108749.99,DELTA,50,100,55,9,64,yes,31,-50
2025-05-21T16:00:39.764370,KXBTCD-25MAY2120-T108749.99,DELTA,50,100,55,9,65,no,20,-200
2025-05-21T16:00:39.764755,KXBTCD-25MAY2120-T108749.99,DELTA,50,100,55,9,66,no,40,104
2025-05-21T16:00:39.784669,KXBTCD-25MAY2120-T108749.99,DELTA,50,100,55,9,67,yes,30,104
2025-05-21T16:00:39.906184,KXBTCD-25MAY2120-T108749.99,DELTA,50,100,55,9,68,no,21,-9
2025-05-21T16:00:39.925958,KXBTCD-25MAY2120-T108749.99,DELTA,50,100,57,100,69,no,45,-9
2025-05-21T16:00:39.926300,KXBTCD-25MAY2120-T108749.99,DELTA,50,100,57,100,70,no,2,9
2025-05-21T16:00:39.965892,KXBTCD-25MAY2120-T108749.99,DELTA,50,100,57,100,71,yes,6,-9
2025-05-21T16:00:39.966249,KXBTCD-25MAY2120-T108749.99,DELTA,50,100,56,9,72,no,44,9
2025-05-21T16:00:39.966572,KXBTCD-25MAY2120-T108749.99,DELTA,50,100,56,9,73,yes,31,-9
2025-05-21T16:00:40.525195,KXBTCD-25MAY2120-T108749.99,DELTA,50,100,56,59,74,no,44,50
2025-05-21T16:00:40.526128,KXBTCD-25MAY2120-T108749.99,DELTA,51,50,56,59,75,yes,51,50
2025-05-21T16:00:40.626041,KXBTCD-25MAY2120-T108749.99,DELTA,51,50,56,50,76,no,44,-9
2025-05-21T16:00:40.626902,KXBTCD-25MAY2120-T108749.99,DELTA,51,50,55,9,77,no,45,9
2025-05-21T16:00:40.706060,KXBTCD-25MAY2120-T108749.99,DELTA,51,50,55,9,78,no,1,-32400
2025-05-21T16:00:40.706749,KXBTCD-25MAY2120-T108749.99,DELTA,51,50,55,9,79,no,3,10800
2025-05-21T16:00:47.392053,KXBTCD-25MAY2120-T108749.99,DELTA,51,50,55,9,80,no,23,3000
2025-05-21T16:00:47.409564,KXBTCD-25MAY2120-T108749.99,DELTA,51,50,55,9,81,no,3,80000
2025-05-21T16:00:47.410290,KXBTCD-25MAY2120-T108749.99,DELTA,51,50,55,9,82,yes,25,3000
2025-05-21T16:00:47.410915,KXBTCD-25MAY2120-T108749.99,DELTA,51,50,55,9,83,yes,3,80000
2025-05-21T16:00:47.705515,KXBTCD-25MAY2120-T108749.99,DELTA,51,50,55,9,84,no,2,-9
2025-05-21T16:00:48.384485,KXBTCD-25MAY2120-T108749.99,DELTA,51,50,55,1009,85,no,45,1000
2025-05-21T16:00:48.446984,KXBTCD-25MAY2120-T108749.99,DELTA,51,50,55,1009,86,no,44,-50
2025-05-21T16:00:48.447174,KXBTCD-25MAY2120-T108749.99,DELTA,51,50,54,50,87,no,46,50
2025-05-21T16:00:48.566137,KXBTCD-25MAY2120-T108749.99,DELTA,51,50,54,50,88,no,45,-9
2025-05-21T16:00:48.566484,KXBTCD-25MAY2120-T108749.99,DELTA,51,50,54,59,89,no,46,9
2025-05-21T16:00:49.126360,KXBTCD-25MAY2120-T108749.99,DELTA,51,50,54,59,90,no,3,-10800
2025-05-21T16:00:49.127499,KXBTCD-25MAY2120-T108749.99,DELTA,51,50,54,59,91,no,4,8100
2025-05-21T16:00:49.467081,KXBTCD-25MAY2120-T108749.99,DELTA,51,50,54,59,92,yes,31,2000
2025-05-21T16:00:49.467675,KXBTCD-25MAY2120-T108749.99,DELTA,51,50,54,59,93,no,45,-1000
2025-05-21T16:00:49.486188,KXBTCD-25MAY2120-T108749.99,DELTA,51,50,54,59,94,yes,31,1000
2025-05-21T16:00:49.488543,KXBTCD-25MAY2120-T108749.99,DELTA,51,50,54,59,95,yes,6,20000
2025-05-21T16:00:49.489859,KXBTCD-25MAY2120-T108749.99,DELTA,51,50,54,59,96,no,4,2000
2025-05-21T16:00:49.489925,KXBTCD-25MAY2120-T108749.99,DELTA,51,50,54,59,97,no,4,20000
2025-05-21T16:00:49.526041,KXBTCD-25MAY2120-T108749.99,DELTA,51,50,54,9,98,no,46,-50
2025-05-21T16:00:49.526145,KXBTCD-25MAY2120-T108749.99,DELTA,51,50,54,9,99,no,44,50
2025-05-21T16:00:49.666095,KXBTCD-25MAY2120-T108749.99,DELTA,51,50,56,50,100,no,46,-9
2025-05-21T16:00:49.666663,KXBTCD-25MAY2120-T108749.99,DELTA,51,50,53,9,101,no,47,9
2025-05-21T16:00:49.667212,KXBTCD-25MAY2120-T108749.99,DELTA,51,50,53,9,102,no,24,9
2025-05-21T16:00:50.185877,KXBTCD-25MAY2120-T108749.99,DELTA,51,50,53,9,103,yes,5,-6480
2025-05-21T16:00:50.186924,KXBTCD-25MAY2120-T108749.99,DELTA,51,50,53,9,104,yes,7,4628
2025-05-21T16:00:50.266633,KXBTCD-25MAY2120-T108749.99,DELTA,51,50,53,9,105,no,45,1000
2025-05-21T16:00:50.267525,KXBTCD-25MAY2120-T108749.99,DELTA,51,50,53,9,106,no,4,-20000
2025-05-21T16:00:50.268052,KXBTCD-25MAY2120-T108749.99,DELTA,51,50,53,9,107,no,4,-2000
2025-05-21T16:00:50.284372,KXBTCD-25MAY2120-T108749.99,DELTA,51,50,53,9,108,yes,50,-100
2025-05-21T16:00:50.325627,KXBTCD-25MAY2120-T108749.99,DELTA,51,50,53,9,109,yes,6,-20000
2025-05-21T16:00:50.326268,KXBTCD-25MAY2120-T108749.99,DELTA,51,50,53,9,110,no,44,-50
2025-05-21T16:00:50.326832,KXBTCD-25MAY2120-T108749.99,DELTA,51,50,53,9,111,no,46,50
2025-05-21T16:00:50.387658,KXBTCD-25MAY2120-T108749.99,DELTA,51,50,53,9,112,no,5,2000
2025-05-21T16:00:50.388319,KXBTCD-25MAY2120-T108749.99,DELTA,51,50,53,9,113,no,5,20000
2025-05-21T16:00:50.388896,KXBTCD-25MAY2120-T108749.99,DELTA,51,50,53,9,114,no,24,-9
2025-05-21T16:00:50.405756,KXBTCD-25MAY2120-T108749.99,DELTA,51,50,54,50,115,no,47,-9
2025-05-21T16:00:50.406416,KXBTCD-25MAY2120-T108749.99,DELTA,51,50,54,59,116,no,46,9
2025-05-21T16:00:50.446901,KXBTCD-25MAY2120-T108749.99,DELTA,51,50,54,59,117,yes,8,20000
2025-05-21T16:00:50.447478,KXBTCD-25MAY2120-T108749.99,DELTA,31,3000,54,59,118,yes,51,-50
2025-05-21T16:00:50.447945,KXBTCD-25MAY2120-T108749.99,DELTA,32,50,54,59,119,yes,32,50
2025-05-21T16:00:50.448409,KXBTCD-25MAY2120-T108749.99,DELTA,32,50,54,59,120,yes,1,8000
2025-05-21T16:00:50.448825,KXBTCD-25MAY2120-T108749.99,DELTA,32,50,54,59,121,no,45,-1000
2025-05-21T16:00:50.517832,KXBTCD-25MAY2120-T108749.99,DELTA,32,50,54,9,122,no,46,-50
2025-05-21T16:00:50.518448,KXBTCD-25MAY2120-T108749.99,DELTA,32,50,54,9,123,no,44,50
2025-05-21T16:00:50.585470,KXBTCD-25MAY2120-T108749.99,DELTA,32,50,54,9,124,yes,31,-1000
2025-05-21T16:00:50.586311,KXBTCD-25MAY2120-T108749.99,DELTA,32,50,54,9,125,no,44,1000
2025-05-21T16:00:50.646327,KXBTCD-25MAY2120-T108749.99,DELTA,32,50,54,9,126,no,44,-50
2025-05-21T16:00:50.646991,KXBTCD-25MAY2120-T108749.99,DELTA,32,50,54,9,127,no,45,50
2025-05-21T16:00:50.685431,KXBTCD-25MAY2120-T108749.99,DELTA,33,1000,54,9,128,yes,33,1000
2025-05-21T16:00:50.686299,KXBTCD-25MAY2120-T108749.99,DELTA,33,1000,54,9,129,no,44,-1000
2025-05-21T16:00:50.745924,KXBTCD-25MAY2120-T108749.99,DELTA,33,1000,54,9,130,no,45,-50
2025-05-21T16:00:50.746595,KXBTCD-25MAY2120-T108749.99,DELTA,33,1000,54,9,131,no,44,50
2025-05-21T16:00:50.766238,KXBTCD-25MAY2120-T108749.99,DELTA,33,1009,54,9,132,yes,33,9
2025-05-21T16:00:50.766939,KXBTCD-25MAY2120-T108749.99,DELTA,33,1009,54,18,133,no,46,9
2025-05-21T16:00:50.767700,KXBTCD-25MAY2120-T108749.99,DELTA,33,1009,54,18,134,yes,32,-50
2025-05-21T16:00:50.768280,KXBTCD-25MAY2120-T108749.99,DELTA,34,50,54,18,135,yes,34,50
2025-05-21T16:00:50.805162,KXBTCD-25MAY2120-T108749.99,DELTA,34,50,54,18,136,no,45,1000
2025-05-21T16:00:50.906012,KXBTCD-25MAY2120-T108749.99,DELTA,34,50,54,18,137,yes,33,-1000
2025-05-21T16:00:50.991120,KXBTCD-25MAY2120-T108749.99,DELTA,33,9,54,18,138,yes,34,-50
2025-05-21T16:00:50.991879,KXBTCD-25MAY2120-T108749.99,DELTA,33,9,54,18,139,yes,32,50
2025-05-21T16:00:51.027501,KXBTCD-25MAY2120-T108749.99,DELTA,35,1000,54,18,140,yes,35,1000
2025-05-21T16:00:51.106230,KXBTCD-25MAY2120-T108749.99,DELTA,35,1000,54,18,141,no,44,-50
2025-05-21T16:00:51.106788,KXBTCD-25MAY2120-T108749.99,DELTA,35,1000,54,18,142,no,45,50
2025-05-21T16:00:51.107239,KXBTCD-25MAY2120-T108749.99,DELTA,35,1000,54,18,143,yes,32,-50
2025-05-21T16:00:51.107751,KXBTCD-25MAY2120-T108749.99,DELTA,36,50,54,18,144,yes,36,50
2025-05-21T16:00:51.126029,KXBTCD-25MAY2120-T108749.99,DELTA,36,50,54,18,145,yes,35,-1000
2025-05-21T16:00:51.186265,KXBTCD-25MAY2120-T108749.99,DELTA,33,9,54,18,146,yes,36,-50
2025-05-21T16:00:51.187204,KXBTCD-25MAY2120-T108749.99,DELTA,33,9,54,18,147,yes,32,50
2025-05-21T16:00:51.228655,KXBTCD-25MAY2120-T108749.99,DELTA,33,9,54,9,148,no,46,-9
2025-05-21T16:00:51.229015,KXBTCD-25MAY2120-T108749.99,DELTA,32,50,54,9,149,yes,33,-9
2025-05-21T16:00:51.249164,KXBTCD-25MAY2120-T108749.99,DELTA,37,1000,54,9,150,yes,37,1000
2025-05-21T16:00:51.305345,KXBTCD-25MAY2120-T108749.99,DELTA,37,1000,54,9,151,yes,32,-50
2025-05-21T16:00:51.305548,KXBTCD-25MAY2120-T108749.99,DELTA,38,50,54,9,152,yes,38,50
2025-05-21T16:00:51.346885,KXBTCD-25MAY2120-T108749.99,DELTA,38,50,54,9,153,yes,37,-1000
2025-05-21T16:00:51.364576,KXBTCD-25MAY2120-T108749.99,DELTA,48,100,54,9,154,yes,48,100
2025-05-21T16:00:51.404975,KXBTCD-25MAY2120-T108749.99,DELTA,48,100,54,9,155,yes,7,-4628
2025-05-21T16:00:51.405523,KXBTCD-25MAY2120-T108749.99,DELTA,48,100,54,9,156,yes,9,3600
2025-05-21T16:00:51.405882,KXBTCD-25MAY2120-T108749.99,DELTA,48,100,54,9,157,yes,38,-50
2025-05-21T16:00:51.406204,KXBTCD-25MAY2120-T108749.99,DELTA,48,100,54,9,158,yes,32,50
2025-05-21T16:00:51.445506,KXBTCD-25MAY2120-T108749.99,DELTA,48,100,54,9,159,no,4,-8100
2025-05-21T16:00:51.446110,KXBTCD-25MAY2120-T108749.99,DELTA,48,100,54,9,160,no,6,5400
2025-05-21T16:00:51.466401,KXBTCD-25MAY2120-T108749.99,DELTA,48,100,54,9,161,yes,39,1000
2025-05-21T16:00:51.467143,KXBTCD-25MAY2120-T108749.99,DELTA,48,100,54,9,162,yes,32,-50
2025-05-21T16:00:51.467734,KXBTCD-25MAY2120-T108749.99,DELTA,49,50,54,9,163,yes,49,50
2025-05-21T16:00:51.584307,KXBTCD-25MAY2120-T108749.99,DELTA,49,50,54,9,164,no,5,-20000
2025-05-21T16:00:51.584684,KXBTCD-25MAY2120-T108749.99,DELTA,49,50,54,9,165,yes,48,-100
2025-05-21T16:00:51.584875,KXBTCD-25MAY2120-T108749.99,DELTA,49,50,54,9,166,no,5,-2000
2025-05-21T16:00:51.604575,KXBTCD-25MAY2120-T108749.99,DELTA,49,50,54,9,167,yes,8,-20000
2025-05-21T16:00:51.604746,KXBTCD-25MAY2120-T108749.99,DELTA,49,50,54,9,168,yes,39,-1000
2025-05-21T16:00:51.645385,KXBTCD-25MAY2120-T108749.99,DELTA,31,2000,54,9,169,yes,49,-50
2025-05-21T16:00:51.645595,KXBTCD-25MAY2120-T108749.99,DELTA,40,50,54,9,170,yes,40,50
2025-05-21T16:00:51.704464,KXBTCD-25MAY2120-T108749.99,DELTA,40,50,54,9,171,no,7,2000
2025-05-21T16:00:51.704814,KXBTCD-25MAY2120-T108749.99,DELTA,31,2000,54,9,172,yes,40,-50
2025-05-21T16:00:51.704967,KXBTCD-25MAY2120-T108749.99,DELTA,32,50,54,9,173,yes,32,50
2025-05-21T16:00:51.724500,KXBTCD-25MAY2120-T108749.99,DELTA,32,50,54,9,174,no,7,20000
2025-05-21T16:00:51.724674,KXBTCD-25MAY2120-T108749.99,DELTA,49,1000,54,9,175,yes,49,1000
2025-05-21T16:00:51.724811,KXBTCD-25MAY2120-T108749.99,DELTA,49,1000,54,9,176,yes,10,20000
2025-05-21T16:00:51.784764,KXBTCD-25MAY2120-T108749.99,DELTA,49,1000,54,9,177,yes,32,-50
2025-05-21T16:00:51.785039,KXBTCD-25MAY2120-T108749.99,DELTA,50,50,54,9,178,yes,50,50
2025-05-21T16:00:51.846004,KXBTCD-25MAY2120-T108749.99,DELTA,50,50,54,9,179,yes,49,-1000
2025-05-21T16:00:51.905341,KXBTCD-25MAY2120-T108749.99,DELTA,31,2000,54,9,180,yes,50,-50
2025-05-21T16:00:51.906408,KXBTCD-25MAY2120-T108749.99,DELTA,32,50,54,9,181,yes,32,50
2025-05-21T16:00:51.966095,KXBTCD-25MAY2120-T108749.99,DELTA,32,50,54,9,182,yes,31,1000
2025-05-21T16:00:52.085157,KXBTCD-25MAY2120-T108749.99,DELTA,32,50,54,9,183,yes,31,-1000
2025-05-21T16:00:52.184858,KXBTCD-25MAY2120-T108749.99,DELTA,43,24,54,9,184,yes,43,24
2025-05-21T16:00:52.204459,KXBTCD-25MAY2120-T108749.99,DELTA,43,24,54,9,185,yes,33,1000
2025-05-21T16:00:52.204792,KXBTCD-25MAY2120-T108749.99,DELTA,43,24,54,9,186,no,40,24
2025-05-21T16:00:52.205125,KXBTCD-25MAY2120-T108749.99,DELTA,43,24,54,18,187,no,46,9
2025-05-21T16:00:52.205223,KXBTCD-25MAY2120-T108749.99,DELTA,43,24,54,18,188,yes,33,9
2025-05-21T16:00:52.626704,KXBTCD-25MAY2120-T108749.99,DELTA,43,24,54,18,189,yes,9,-3600
2025-05-21T16:00:52.627636,KXBTCD-25MAY2120-T108749.99,DELTA,43,24,54,18,190,yes,11,2945
2025-05-21T16:00:52.686893,KXBTCD-25MAY2120-T108749.99,DELTA,43,24,54,18,191,no,6,-5400
2025-05-21T16:00:52.687819,KXBTCD-25MAY2120-T108749.99,DELTA,43,24,54,18,192,no,8,4050
2025-05-21T16:00:52.747361,KXBTCD-25MAY2120-T108749.99,DELTA,43,24,54,18,193,yes,33,-9
2025-05-21T16:00:52.748454,KXBTCD-25MAY2120-T108749.99,DELTA,43,24,54,18,194,yes,34,9
2025-05-21T16:00:52.749173,KXBTCD-25MAY2120-T108749.99,DELTA,43,24,54,18,195,yes,10,-20000
2025-05-21T16:00:52.765152,KXBTCD-25MAY2120-T108749.99,DELTA,49,100,54,18,196,yes,49,100
2025-05-21T16:00:52.812351,KXBTCD-25MAY2120-T108749.99,DELTA,49,100,54,18,197,no,7,-20000
2025-05-21T16:00:52.825790,KXBTCD-25MAY2120-T108749.99,DELTA,49,100,54,18,198,no,7,-2000
2025-05-21T16:00:52.826591,KXBTCD-25MAY2120-T108749.99,DELTA,49,100,54,18,199,yes,32,-50
2025-05-21T16:00:52.827355,KXBTCD-25MAY2120-T108749.99,DELTA,50,50,54,18,200,yes,50,50
2025-05-21T16:00:52.865783,KXBTCD-25MAY2120-T108749.99,DELTA,50,50,54,18,201,yes,2,20000
2025-05-21T16:00:52.925595,KXBTCD-25MAY2120-T108749.99,DELTA,50,50,54,18,202,no,9,2000
2025-05-21T16:00:52.946755,KXBTCD-25MAY2120-T108749.99,DELTA,50,50,54,18,203,no,9,20000
2025-05-21T16:00:52.964898,KXBTCD-25MAY2120-T108749.99,DELTA,50,50,54,18,204,yes,33,-1000
2025-05-21T16:00:53.085167,KXBTCD-25MAY2120-T108749.99,DELTA,50,50,54,18,205,yes,49,1000
2025-05-21T16:00:53.206103,KXBTCD-25MAY2120-T108749.99,DELTA,50,50,54,9,206,no,46,-9
2025-05-21T16:00:53.207069,KXBTCD-25MAY2120-T108749.99,DELTA,50,50,54,9,207,yes,34,-9
2025-05-21T16:00:53.830197,KXBTCD-25MAY2120-T108749.99,DELTA,50,50,54,9,208,yes,11,-2945
2025-05-21T16:00:53.830665,KXBTCD-25MAY2120-T108749.99,DELTA,50,50,54,9,209,yes,5,6480
2025-05-21T16:00:53.864252,KXBTCD-25MAY2120-T108749.99,DELTA,50,50,54,9,210,no,8,-4050
2025-05-21T16:00:53.864489,KXBTCD-25MAY2120-T108749.99,DELTA,50,50,54,9,211,no,10,3240
2025-05-21T16:00:53.925929,KXBTCD-25MAY2120-T108749.99,DELTA,50,50,54,9,212,yes,2,-20000
2025-05-21T16:00:54.024380,KXBTCD-25MAY2120-T108749.99,DELTA,50,50,54,9,213,no,9,-20000
2025-05-21T16:00:54.024632,KXBTCD-25MAY2120-T108749.99,DELTA,50,50,54,9,214,no,9,-2000
2025-05-21T16:00:54.025102,KXBTCD-25MAY2120-T108749.99,DELTA,50,50,54,9,215,yes,6,20000
2025-05-21T16:00:54.121375,KXBTCD-25MAY2120-T108749.99,DELTA,50,50,54,9,216,no,11,20000
2025-05-21T16:00:54.121593,KXBTCD-25MAY2120-T108749.99,DELTA,50,50,54,9,217,no,11,2000
2025-05-21T16:00:54.545042,KXBTCD-25MAY2120-T108749.99,DELTA,50,50,54,9,218,yes,49,-100
2025-05-21T16:00:54.668116,KXBTCD-25MAY2120-T108749.99,DELTA,50,50,54,9,219,yes,49,-1000
2025-05-21T16:00:54.765952,KXBTCD-25MAY2120-T108749.99,DELTA,50,50,54,9,220,yes,31,1000
2025-05-21T16:00:55.685695,KXBTCD-25MAY2120-T108749.99,DELTA,50,150,54,9,221,yes,50,100
2025-05-21T16:00:55.745992,KXBTCD-25MAY2120-T108749.99,DELTA,50,100,54,9,222,yes,50,-50
2025-05-21T16:00:55.746959,KXBTCD-25MAY2120-T108749.99,DELTA,51,50,54,9,223,yes,51,50
2025-05-21T16:00:58.129768,KXBTCD-25MAY2120-T108749.99,DELTA,51,50,54,9,224,yes,1,-8000
2025-05-21T16:00:58.130679,KXBTCD-25MAY2120-T108749.99,DELTA,51,50,54,9,225,no,45,-1000
2025-05-21T16:00:58.204408,KXBTCD-25MAY2120-T108749.99,DELTA,51,50,54,9,226,no,45,-50
2025-05-21T16:00:58.205171,KXBTCD-25MAY2120-T108749.99,DELTA,51,50,54,9,227,no,44,50
2025-05-21T16:00:58.205666,KXBTCD-25MAY2120-T108749.99,DELTA,51,50,54,1009,228,no,46,1000
2025-05-21T16:00:58.206347,KXBTCD-25MAY2120-T108749.99,DELTA,51,50,54,1009,229,no,24,9
2025-05-21T16:00:58.245661,KXBTCD-25MAY2120-T108749.99,DELTA,51,50,54,1009,230,no,44,-50
2025-05-21T16:00:58.246498,KXBTCD-25MAY2120-T108749.99,DELTA,51,50,54,1059,231,no,46,50
2025-05-21T16:00:58.305402,KXBTCD-25MAY2120-T108749.99,DELTA,51,50,54,59,232,no,46,-1000
2025-05-21T16:00:58.425647,KXBTCD-25MAY2120-T108749.99,DELTA,51,50,54,1059,233,no,46,1000
2025-05-21T16:00:58.766178,KXBTCD-25MAY2120-T108749.99,DELTA,51,50,54,1059,234,yes,5,-6480
2025-05-21T16:00:58.767311,KXBTCD-25MAY2120-T108749.99,DELTA,51,50,54,1059,235,yes,7,4628
2025-05-21T16:00:58.826677,KXBTCD-25MAY2120-T108749.99,DELTA,51,50,54,1059,236,no,10,-3240
2025-05-21T16:00:58.827724,KXBTCD-25MAY2120-T108749.99,DELTA,51,50,54,1059,237,no,12,2700
2025-05-21T16:00:58.886849,KXBTCD-25MAY2120-T108749.99,DELTA,51,50,54,1059,238,yes,6,-20000
2025-05-21T16:00:58.945289,KXBTCD-25MAY2120-T108749.99,DELTA,51,50,54,1059,239,no,11,-20000
2025-05-21T16:00:58.945432,KXBTCD-25MAY2120-T108749.99,DELTA,51,50,54,1059,240,no,11,-2000
2025-05-21T16:00:59.005371,KXBTCD-25MAY2120-T108749.99,DELTA,51,50,54,1050,241,no,46,-9
2025-05-21T16:00:59.005567,KXBTCD-25MAY2120-T108749.99,DELTA,51,50,53,9,242,no,47,9
2025-05-21T16:00:59.005686,KXBTCD-25MAY2120-T108749.99,DELTA,51,50,53,9,243,no,24,-9
2025-05-21T16:00:59.005789,KXBTCD-25MAY2120-T108749.99,DELTA,51,50,53,9,244,yes,8,20000
2025-05-21T16:00:59.046020,KXBTCD-25MAY2120-T108749.99,DELTA,51,50,53,9,245,no,13,2000
2025-05-21T16:00:59.327343,KXBTCD-25MAY2120-T108749.99,DELTA,51,50,53,9,246,no,46,-1000
2025-05-21T16:00:59.328471,KXBTCD-25MAY2120-T108749.99,DELTA,51,50,53,9,247,yes,1,8000
2025-05-21T16:00:59.445134,KXBTCD-25MAY2120-T108749.99,DELTA,51,50,53,9,248,no,44,1000
2025-05-21T16:01:00.747015,KXBTCD-25MAY2120-T108749.99,DELTA,51,50,53,9,249,yes,1,-8000
2025-05-21T16:01:00.766550,KXBTCD-25MAY2120-T108749.99,DELTA,51,50,53,9,250,no,44,-1000
2025-05-21T16:01:00.887640,KXBTCD-25MAY2120-T108749.99,DELTA,51,50,53,9,251,no,46,1000
2025-05-21T16:01:00.912361,KXBTCD-25MAY2120-T108749.99,DELTA,51,50,53,9,252,yes,1,8000
2025-05-21T16:01:00.990944,KXBTCD-25MAY2120-T108749.99,DELTA,51,50,53,9,253,no,46,-1000
2025-05-21T16:01:01.098538,KXBTCD-25MAY2120-T108749.99,DELTA,51,50,53,9,254,no,44,1000
2025-05-21T16:01:01.246510,KXBTCD-25MAY2120-T108749.99,DELTA,51,50,53,9,255,yes,31,-1000
2025-05-21T16:01:01.286362,KXBTCD-25MAY2120-T108749.99,DELTA,51,50,53,9,256,yes,7,-4628
2025-05-21T16:01:01.287315,KXBTCD-25MAY2120-T108749.99,DELTA,51,50,53,9,257,yes,9,3600
2025-05-21T16:01:01.347871,KXBTCD-25MAY2120-T108749.99,DELTA,51,50,53,9,258,no,12,-2700
2025-05-21T16:01:01.348670,KXBTCD-25MAY2120-T108749.99,DELTA,51,50,53,9,259,no,14,2314
2025-05-21T16:01:01.365449,KXBTCD-25MAY2120-T108749.99,DELTA,51,50,53,9,260,yes,50,1000
2025-05-21T16:01:01.486785,KXBTCD-25MAY2120-T108749.99,DELTA,51,50,53,9,261,no,13,-2000
2025-05-21T16:01:01.488293,KXBTCD-25MAY2120-T108749.99,DELTA,51,50,53,9,262,yes,8,-20000
2025-05-21T16:01:01.586362,KXBTCD-25MAY2120-T108749.99,DELTA,51,50,53,9,263,no,15,2000
2025-05-21T16:01:01.606052,KXBTCD-25MAY2120-T108749.99,DELTA,51,50,53,9,264,yes,10,20000
2025-05-21T16:01:01.848586,KXBTCD-25MAY2120-T108749.99,DELTA,51,50,53,9,265,yes,50,-1000
2025-05-21T16:01:01.946033,KXBTCD-25MAY2120-T108749.99,DELTA,51,50,53,9,266,yes,31,1000
2025-05-21T16:01:02.565806,KXBTCD-25MAY2120-T108749.99,DELTA,51,50,53,9,267,yes,9,-3600
2025-05-21T16:01:02.566151,KXBTCD-25MAY2120-T108749.99,DELTA,51,50,53,9,268,yes,11,2945
2025-05-21T16:01:02.625127,KXBTCD-25MAY2120-T108749.99,DELTA,51,50,53,9,269,no,14,-2314
2025-05-21T16:01:02.625402,KXBTCD-25MAY2120-T108749.99,DELTA,51,50,53,9,270,no,16,2025
2025-05-21T16:01:02.687728,KXBTCD-25MAY2120-T108749.99,DELTA,51,50,53,9,271,yes,10,-20000
2025-05-21T16:01:02.746706,KXBTCD-25MAY2120-T108749.99,DELTA,51,50,53,9,272,no,15,-2000
2025-05-21T16:01:02.805647,KXBTCD-25MAY2120-T108749.99,DELTA,51,50,53,9,273,yes,2,20000
2025-05-21T16:01:02.866604,KXBTCD-25MAY2120-T108749.99,DELTA,51,50,53,9,274,no,17,2000
2025-05-21T16:01:03.506351,KXBTCD-25MAY2120-T108749.99,DELTA,51,50,53,9,275,yes,31,-1000
2025-05-21T16:01:03.565260,KXBTCD-25MAY2120-T108749.99,DELTA,51,50,53,9,276,yes,50,1000
2025-05-21T16:01:03.905352,KXBTCD-25MAY2120-T108749.99,DELTA,51,50,53,9,277,yes,11,-2945
2025-05-21T16:01:03.905567,KXBTCD-25MAY2120-T108749.99,DELTA,51,50,53,9,278,yes,5,6480
2025-05-21T16:01:03.945407,KXBTCD-25MAY2120-T108749.99,DELTA,51,50,53,9,279,no,16,-2025
2025-05-21T16:01:03.945559,KXBTCD-25MAY2120-T108749.99,DELTA,51,50,53,9,280,no,18,1800
2025-05-21T16:01:04.006924,KXBTCD-25MAY2120-T108749.99,DELTA,51,50,53,9,281,yes,2,-20000
2025-05-21T16:01:04.007263,KXBTCD-25MAY2120-T108749.99,DELTA,51,50,53,9,282,yes,50,-1000
2025-05-21T16:01:04.025363,KXBTCD-25MAY2120-T108749.99,DELTA,51,50,53,9,283,no,17,-2000
2025-05-21T16:01:04.045097,KXBTCD-25MAY2120-T108749.99,DELTA,51,50,53,9,284,yes,50,1000
2025-05-21T16:01:04.071248,KXBTCD-25MAY2120-T108749.99,DELTA,51,50,53,9,285,yes,6,20000
2025-05-21T16:01:04.071644,KXBTCD-25MAY2120-T108749.99,DELTA,51,50,53,9,286,no,19,2000
2025-05-21T16:01:04.145797,KXBTCD-25MAY2120-T108749.99,DELTA,51,50,53,9,287,yes,50,-1000
2025-05-21T16:01:04.345558,KXBTCD-25MAY2120-T108749.99,DELTA,51,50,53,9,288,yes,31,1000
2025-05-21T16:01:05.206285,KXBTCD-25MAY2120-T108749.99,DELTA,51,50,53,9,289,yes,5,-6480
2025-05-21T16:01:05.207581,KXBTCD-25MAY2120-T108749.99,DELTA,51,50,53,9,290,yes,7,4628
2025-05-21T16:01:05.266639,KXBTCD-25MAY2120-T108749.99,DELTA,51,50,53,9,291,no,18,-1800
2025-05-21T16:01:05.267597,KXBTCD-25MAY2120-T108749.99,DELTA,51,50,53,9,292,no,4,8100
2025-05-21T16:01:05.347243,KXBTCD-25MAY2120-T108749.99,DELTA,51,50,53,9,293,no,5,20000
2025-05-21T16:01:05.348407,KXBTCD-25MAY2120-T108749.99,DELTA,51,50,53,9,294,no,19,-2000
2025-05-21T16:01:05.349154,KXBTCD-25MAY2120-T108749.99,DELTA,51,50,53,9,295,yes,6,-20000
2025-05-21T16:01:05.385804,KXBTCD-25MAY2120-T108749.99,DELTA,51,50,53,9,296,no,5,2000
2025-05-21T16:01:05.406017,KXBTCD-25MAY2120-T108749.99,DELTA,51,50,53,9,297,yes,8,20000
2025-05-21T16:01:05.466040,KXBTCD-25MAY2120-T108749.99,DELTA,51,50,53,9,298,yes,31,-1000
2025-05-21T16:01:05.588033,KXBTCD-25MAY2120-T108749.99,DELTA,51,50,53,9,299,yes,50,1000
2025-05-21T16:01:05.739753,KXBTCD-25MAY2120-T108749.99,DELTA,51,50,53,9,300,yes,50,-1000
2025-05-21T16:01:06.166763,KXBTCD-25MAY2120-T108749.99,DELTA,51,50,53,9,301,yes,31,1000
2025-05-21T16:01:06.525613,KXBTCD-25MAY2120-T108749.99,DELTA,51,50,53,9,302,yes,7,-4628
2025-05-21T16:01:06.526232,KXBTCD-25MAY2120-T108749.99,DELTA,51,50,53,9,303,yes,9,3600
2025-05-21T16:01:06.565759,KXBTCD-25MAY2120-T108749.99,DELTA,51,50,53,9,304,no,4,-8100
2025-05-21T16:01:06.566537,KXBTCD-25MAY2120-T108749.99,DELTA,51,50,53,9,305,no,6,5400
2025-05-21T16:01:06.604970,KXBTCD-25MAY2120-T108749.99,DELTA,51,50,53,9,306,yes,8,-20000
2025-05-21T16:01:06.645294,KXBTCD-25MAY2120-T108749.99,DELTA,51,50,53,9,307,no,5,-20000
2025-05-21T16:01:06.645773,KXBTCD-25MAY2120-T108749.99,DELTA,51,50,53,9,308,no,5,-2000
2025-05-21T16:01:06.664473,KXBTCD-25MAY2120-T108749.99,DELTA,51,50,53,9,309,yes,10,20000
2025-05-21T16:01:06.707005,KXBTCD-25MAY2120-T108749.99,DELTA,51,50,53,9,310,no,7,20000
2025-05-21T16:01:06.707664,KXBTCD-25MAY2120-T108749.99,DELTA,51,50,53,9,311,no,7,2000
2025-05-21T16:01:07.645183,KXBTCD-25MAY2120-T108749.99,DELTA,51,50,53,9,312,no,46,-50
2025-05-21T16:01:07.646261,KXBTCD-25MAY2120-T108749.99,DELTA,51,50,53,9,313,no,45,50
2025-05-21T16:01:07.646879,KXBTCD-25MAY2120-T108749.99,DELTA,51,50,53,9,314,yes,31,-1000
2025-05-21T16:01:07.686438,KXBTCD-25MAY2120-T108749.99,DELTA,51,50,53,9,315,yes,44,24
2025-05-21T16:01:07.687468,KXBTCD-25MAY2120-T108749.99,DELTA,51,50,53,9,316,yes,43,-24
2025-05-21T16:01:07.687875,KXBTCD-25MAY2120-T108749.99,DELTA,51,50,53,9,317,no,44,-1000
2025-05-21T16:01:07.688198,KXBTCD-25MAY2120-T108749.99,DELTA,51,1050,53,9,318,yes,51,1000
2025-05-21T16:01:07.688450,KXBTCD-25MAY2120-T108749.99,DELTA,51,1050,53,9,319,no,40,-24
2025-05-21T16:01:07.688701,KXBTCD-25MAY2120-T108749.99,DELTA,51,1050,53,9,320,no,38,24
2025-05-21T16:01:07.745634,KXBTCD-25MAY2120-T108749.99,DELTA,51,1050,53,9,321,no,41,1000
2025-05-21T16:01:07.746480,KXBTCD-25MAY2120-T108749.99,DELTA,51,1000,53,9,322,yes,51,-50
2025-05-21T16:01:07.746791,KXBTCD-25MAY2120-T108749.99,DELTA,52,50,53,9,323,yes,52,50
2025-05-21T16:01:07.746979,KXBTCD-25MAY2120-T108749.99,DELTA,52,50,53,9,324,yes,51,-1000
2025-05-21T16:01:07.765008,KXBTCD-25MAY2120-T108749.99,DELTA,52,50,55,50,325,no,47,-9
2025-05-21T16:01:07.765672,KXBTCD-25MAY2120-T108749.99,DELTA,52,50,54,9,326,no,46,9
2025-05-21T16:01:07.805258,KXBTCD-25MAY2120-T108749.99,DELTA,52,1050,54,9,327,yes,52,1000
2025-05-21T16:01:07.866031,KXBTCD-25MAY2120-T108749.99,DELTA,52,1000,54,9,328,yes,52,-50
2025-05-21T16:01:07.866790,KXBTCD-25MAY2120-T108749.99,DELTA,53,50,54,9,329,yes,53,50
2025-05-21T16:01:07.946410,KXBTCD-25MAY2120-T108749.99,DELTA,53,50,54,9,330,yes,52,-1000
2025-05-21T16:01:07.986324,KXBTCD-25MAY2120-T108749.99,DELTA,53,50,54,9,331,yes,51,1000
2025-05-21T16:01:08.005084,KXBTCD-25MAY2120-T108749.99,DELTA,51,1000,54,9,332,yes,53,-50
2025-05-21T16:01:08.005773,KXBTCD-25MAY2120-T108749.99,DELTA,51,1050,54,9,333,yes,51,50
2025-05-21T16:01:08.085651,KXBTCD-25MAY2120-T108749.99,DELTA,51,1000,54,9,334,yes,51,-50
2025-05-21T16:01:08.086623,KXBTCD-25MAY2120-T108749.99,DELTA,52,50,54,9,335,yes,52,50
2025-05-21T16:01:08.087333,KXBTCD-25MAY2120-T108749.99,DELTA,52,50,54,9,336,yes,51,-1000
2025-05-21T16:01:08.169326,KXBTCD-25MAY2120-T108749.99,DELTA,52,1050,54,9,337,yes,52,1000
2025-05-21T16:01:08.170031,KXBTCD-25MAY2120-T108749.99,DELTA,52,1000,54,9,338,yes,52,-50
2025-05-21T16:01:08.170595,KXBTCD-25MAY2120-T108749.99,DELTA,52,1000,54,9,339,yes,51,50
2025-05-21T16:01:08.252954,KXBTCD-25MAY2120-T108749.99,DELTA,52,1000,54,9,340,yes,51,-50
2025-05-21T16:01:08.253962,KXBTCD-25MAY2120-T108749.99,DELTA,53,50,54,9,341,yes,53,50
2025-05-21T16:01:08.306488,KXBTCD-25MAY2120-T108749.99,DELTA,53,50,54,9,342,yes,50,-100
2025-05-21T16:01:08.326495,KXBTCD-25MAY2120-T108749.99,DELTA,53,50,54,9,343,no,43,-100
2025-05-21T16:01:08.346775,KXBTCD-25MAY2120-T108749.99,DELTA,53,50,54,9,344,yes,52,-1000
2025-05-21T16:01:08.385713,KXBTCD-25MAY2120-T108749.99,DELTA,53,50,54,9,345,yes,31,1000
2025-05-21T16:01:09.367641,KXBTCD-25MAY2120-T108749.99,DELTA,53,50,54,9,346,yes,51,100
2025-05-21T16:01:09.369293,KXBTCD-25MAY2120-T108749.99,DELTA,53,50,54,9,347,no,41,100
2025-05-21T16:01:09.700526,KXBTCD-25MAY2120-T108749.99,DELTA,53,50,54,9,348,yes,31,-1000
2025-05-21T16:01:09.701748,KXBTCD-25MAY2120-T108749.99,DELTA,53,50,54,9,349,no,41,-1000
2025-05-21T16:01:09.749907,KXBTCD-25MAY2120-T108749.99,DELTA,53,50,54,9,350,no,42,1000
2025-05-21T16:01:09.750834,KXBTCD-25MAY2120-T108749.99,DELTA,53,50,54,9,351,yes,52,1000
2025-05-21T16:01:09.764381,KXBTCD-25MAY2120-T108749.99,DELTA,53,50,54,9,352,no,45,-50
2025-05-21T16:01:09.765368,KXBTCD-25MAY2120-T108749.99,DELTA,53,50,54,9,353,no,44,50
2025-05-21T16:01:10.419142,KXBTCD-25MAY2120-T108749.99,DELTA,53,50,54,9,354,yes,9,-3600
2025-05-21T16:01:10.420234,KXBTCD-25MAY2120-T108749.99,DELTA,53,50,54,9,355,yes,11,2945
2025-05-21T16:01:10.446899,KXBTCD-25MAY2120-T108749.99,DELTA,53,50,54,9,356,no,6,-5400
2025-05-21T16:01:10.447906,KXBTCD-25MAY2120-T108749.99,DELTA,53,50,54,9,357,no,8,4050
2025-05-21T16:01:10.465935,KXBTCD-25MAY2120-T108749.99,DELTA,53,50,54,9,358,yes,10,-20000
2025-05-21T16:01:10.507664,KXBTCD-25MAY2120-T108749.99,DELTA,53,50,54,9,359,yes,2,20000
2025-05-21T16:01:10.508354,KXBTCD-25MAY2120-T108749.99,DELTA,53,50,56,50,360,no,46,-9
2025-05-21T16:01:10.508801,KXBTCD-25MAY2120-T108749.99,DELTA,53,50,55,9,361,no,45,9
2025-05-21T16:01:10.526982,KXBTCD-25MAY2120-T108749.99,DELTA,53,50,55,9,362,no,7,-20000
2025-05-21T16:01:10.528092,KXBTCD-25MAY2120-T108749.99,DELTA,53,50,55,9,363,no,7,-2000
2025-05-21T16:01:10.588583,KXBTCD-25MAY2120-T108749.99,DELTA,53,50,55,9,364,no,9,2000
2025-05-21T16:01:10.589717,KXBTCD-25MAY2120-T108749.99,DELTA,53,50,55,9,365,no,9,20000
2025-05-21T16:01:11.526490,KXBTCD-25MAY2120-T108749.99,DELTA,53,50,55,9,366,yes,52,-1000
2025-05-21T16:01:11.589301,KXBTCD-25MAY2120-T108749.99,DELTA,53,50,55,9,367,yes,51,1000
2025-05-21T16:01:12.892598,KXBTCD-25MAY2120-T108749.99,DELTA,53,50,55,9,368,yes,11,-2945
2025-05-21T16:01:12.893722,KXBTCD-25MAY2120-T108749.99,DELTA,53,50,55,9,369,yes,5,6480
2025-05-21T16:01:44.884631,KXBTCD-25MAY2120-T108749.99,DELTA,51,1100,55,9,370,yes,53,-50
2025-05-21T16:01:44.885980,KXBTCD-25MAY2120-T108749.99,DELTA,52,50,55,9,371,yes,52,50
2025-05-21T16:01:44.886198,KXBTCD-25MAY2120-T108749.99,DELTA,52,50,55,9,372,no,8,-4050
2025-05-21T16:01:44.886566,KXBTCD-25MAY2120-T108749.99,DELTA,52,50,55,9,373,no,10,3240
2025-05-21T16:01:44.887169,KXBTCD-25MAY2120-T108749.99,DELTA,52,50,55,9,374,yes,2,-20000
2025-05-21T16:01:44.887411,KXBTCD-25MAY2120-T108749.99,DELTA,52,50,55,9,375,yes,6,20000
2025-05-21T16:01:44.887576,KXBTCD-25MAY2120-T108749.99,DELTA,52,50,55,9,376,no,9,-20000
2025-05-21T16:01:44.887712,KXBTCD-25MAY2120-T108749.99,DELTA,52,50,55,9,377,no,9,-2000
2025-05-21T16:01:44.887833,KXBTCD-25MAY2120-T108749.99,DELTA,52,50,55,9,378,no,11,2000
2025-05-21T16:01:44.887954,KXBTCD-25MAY2120-T108749.99,DELTA,52,50,55,9,379,no,11,20000
2025-05-21T16:01:44.888068,KXBTCD-25MAY2120-T108749.99,DELTA,52,50,55,9,380,yes,5,-6480
2025-05-21T16:01:44.888559,KXBTCD-25MAY2120-T108749.99,DELTA,52,50,55,9,381,yes,7,4628
2025-05-21T16:01:44.893026,KXBTCD-25MAY2120-T108749.99,DELTA,52,50,55,9,382,no,10,-3240
2025-05-21T16:01:44.893260,KXBTCD-25MAY2120-T108749.99,DELTA,52,50,55,9,383,no,12,2700
2025-05-21T16:01:44.893402,KXBTCD-25MAY2120-T108749.99,DELTA,52,50,55,9,384,yes,6,-20000
2025-05-21T16:01:44.893923,KXBTCD-25MAY2120-T108749.99,DELTA,52,50,55,9,385,no,11,-20000
2025-05-21T16:01:44.894174,KXBTCD-25MAY2120-T108749.99,DELTA,52,50,55,9,386,no,11,-2000
2025-05-21T16:01:44.894337,KXBTCD-25MAY2120-T108749.99,DELTA,52,50,55,9,387,yes,8,20000
2025-05-21T16:01:44.894472,KXBTCD-25MAY2120-T108749.99,DELTA,52,50,55,9,388,no,13,2000
2025-05-21T16:01:44.894605,KXBTCD-25MAY2120-T108749.99,DELTA,52,50,55,9,389,yes,7,-4628
2025-05-21T16:01:44.894727,KXBTCD-25MAY2120-T108749.99,DELTA,52,50,55,9,390,yes,9,3600
2025-05-21T16:01:44.895264,KXBTCD-25MAY2120-T108749.99,DELTA,52,50,55,9,391,no,12,-2700
2025-05-21T16:01:44.895517,KXBTCD-25MAY2120-T108749.99,DELTA,52,50,55,9,392,no,14,2314
2025-05-21T16:01:44.895696,KXBTCD-25MAY2120-T108749.99,DELTA,52,50,55,9,393,yes,8,-20000
2025-05-21T16:01:44.895930,KXBTCD-25MAY2120-T108749.99,DELTA,52,50,55,9,394,no,13,-2000
2025-05-21T16:01:44.896068,KXBTCD-25MAY2120-T108749.99,DELTA,52,50,55,9,395,yes,10,20000
2025-05-21T16:01:44.896194,KXBTCD-25MAY2120-T108749.99,DELTA,52,50,55,9,396,no,15,2000
2025-05-21T16:01:44.896321,KXBTCD-25MAY2120-T108749.99,DELTA,52,50,55,9,397,yes,51,-1000
2025-05-21T16:01:44.896445,KXBTCD-25MAY2120-T108749.99,DELTA,52,50,55,9,398,no,42,-1000
2025-05-21T16:01:44.896576,KXBTCD-25MAY2120-T108749.99,DELTA,52,50,55,9,399,no,44,1000
2025-05-21T16:01:44.896691,KXBTCD-25MAY2120-T108749.99,DELTA,52,50,55,9,400,yes,31,1000
2025-05-21T16:01:44.896807,KXBTCD-25MAY2120-T108749.99,DELTA,52,50,55,9,401,no,44,-50
2025-05-21T16:01:44.896928,KXBTCD-25MAY2120-T108749.99,DELTA,52,50,55,59,402,no,45,50
2025-05-21T16:01:44.897035,KXBTCD-25MAY2120-T108749.99,DELTA,52,50,55,59,403,no,44,-1000
2025-05-21T16:01:44.897130,KXBTCD-25MAY2120-T108749.99,DELTA,52,50,55,1059,404,no,45,1000
2025-05-21T16:01:44.897219,KXBTCD-25MAY2120-T108749.99,DELTA,52,50,55,1059,405,yes,1,-8000
2025-05-21T16:01:44.897306,KXBTCD-25MAY2120-T108749.99,DELTA,52,50,55,59,406,no,45,-1000
2025-05-21T16:01:44.898092,KXBTCD-25MAY2120-T108749.99,DELTA,52,50,54,1000,407,no,46,1000
2025-05-21T16:01:44.898379,KXBTCD-25MAY2120-T108749.99,DELTA,52,50,54,1000,408,yes,9,-3600
2025-05-21T16:01:44.898523,KXBTCD-25MAY2120-T108749.99,DELTA,52,50,54,1000,409,yes,11,2945
2025-05-21T16:01:44.898675,KXBTCD-25MAY2120-T108749.99,DELTA,52,50,54,1000,410,no,14,-2314
2025-05-21T16:01:44.898817,KXBTCD-25MAY2120-T108749.99,DELTA,52,50,54,1000,411,no,16,2025
2025-05-21T16:01:44.898935,KXBTCD-25MAY2120-T108749.99,DELTA,52,50,54,1000,412,yes,10,-20000
2025-05-21T16:01:44.899044,KXBTCD-25MAY2120-T108749.99,DELTA,52,50,54,1000,413,yes,2,20000
2025-05-21T16:01:44.899141,KXBTCD-25MAY2120-T108749.99,DELTA,52,50,54,1000,414,no,15,-2000
2025-05-21T16:01:44.899313,KXBTCD-25MAY2120-T108749.99,DELTA,52,50,54,1000,415,no,17,2000
2025-05-21T16:01:44.899462,KXBTCD-25MAY2120-T108749.99,DELTA,52,50,54,1000,416,no,41,-100
2025-05-21T16:01:44.899639,KXBTCD-25MAY2120-T108749.99,DELTA,52,50,54,1000,417,no,45,-50
2025-05-21T16:01:44.899751,KXBTCD-25MAY2120-T108749.99,DELTA,52,50,54,1050,418,no,46,50
2025-05-21T16:01:44.899882,KXBTCD-25MAY2120-T108749.99,DELTA,52,50,54,1050,419,no,45,-9
2025-05-21T16:01:44.899986,KXBTCD-25MAY2120-T108749.99,DELTA,52,50,53,9,420,no,47,9
2025-05-21T16:01:44.900082,KXBTCD-25MAY2120-T108749.99,DELTA,52,50,53,9,421,yes,51,-100
2025-05-21T16:01:44.900176,KXBTCD-25MAY2120-T108749.99,DELTA,44,24,53,9,422,yes,52,-50
2025-05-21T16:01:44.900271,KXBTCD-25MAY2120-T108749.99,DELTA,44,24,53,9,423,yes,32,50
2025-05-21T16:01:44.900365,KXBTCD-25MAY2120-T108749.99,DELTA,44,24,53,9,424,yes,31,-1000
2025-05-21T16:01:44.900457,KXBTCD-25MAY2120-T108749.99,DELTA,44,24,53,18,425,no,47,9
2025-05-21T16:01:44.900548,KXBTCD-25MAY2120-T108749.99,DELTA,44,24,53,18,426,yes,33,9
2025-05-21T16:01:44.900638,KXBTCD-25MAY2120-T108749.99,DELTA,44,24,53,18,427,yes,33,1000
2025-05-21T16:01:44.900731,KXBTCD-25MAY2120-T108749.99,DELTA,44,24,53,18,428,yes,11,-2945
2025-05-21T16:01:44.900822,KXBTCD-25MAY2120-T108749.99,DELTA,44,24,53,18,429,yes,5,6480
2025-05-21T16:01:44.900912,KXBTCD-25MAY2120-T108749.99,DELTA,44,24,53,18,430,no,43,100
2025-05-21T16:01:44.901002,KXBTCD-25MAY2120-T108749.99,DELTA,44,24,53,18,431,no,16,-2025
2025-05-21T16:01:44.901093,KXBTCD-25MAY2120-T108749.99,DELTA,44,24,53,18,432,no,4,8100
2025-05-21T16:01:44.901466,KXBTCD-25MAY2120-T108749.99,DELTA,44,24,53,18,433,yes,32,-50
2025-05-21T16:01:44.901574,KXBTCD-25MAY2120-T108749.99,DELTA,44,24,53,18,434,yes,34,50
2025-05-21T16:01:44.901672,KXBTCD-25MAY2120-T108749.99,DELTA,44,24,53,18,435,yes,2,-20000
2025-05-21T16:01:44.901811,KXBTCD-25MAY2120-T108749.99,DELTA,44,24,53,18,436,yes,6,20000
2025-05-21T16:01:44.901929,KXBTCD-25MAY2120-T108749.99,DELTA,44,24,53,18,437,no,5,20000
2025-05-21T16:01:44.902029,KXBTCD-25MAY2120-T108749.99,DELTA,44,24,53,18,438,no,17,-2000
2025-05-21T16:01:44.902129,KXBTCD-25MAY2120-T108749.99,DELTA,44,24,53,18,439,yes,33,-1000
2025-05-21T16:01:44.902229,KXBTCD-25MAY2120-T108749.99,DELTA,44,24,53,18,440,no,5,2000
2025-05-21T16:01:44.902615,KXBTCD-25MAY2120-T108749.99,DELTA,44,24,53,18,441,yes,35,1000
2025-05-21T16:01:44.902726,KXBTCD-25MAY2120-T108749.99,DELTA,44,24,53,9,442,no,47,-9
2025-05-21T16:01:44.902829,KXBTCD-25MAY2120-T108749.99,DELTA,44,24,53,9,443,yes,33,-9
2025-05-21T16:01:44.902927,KXBTCD-25MAY2120-T108749.99,DELTA,49,100,53,9,444,yes,49,100
2025-05-21T16:01:44.903024,KXBTCD-25MAY2120-T108749.99,DELTA,49,100,53,9,445,yes,34,-50
2025-05-21T16:01:44.903117,KXBTCD-25MAY2120-T108749.99,DELTA,50,50,53,9,446,yes,50,50
2025-05-21T16:01:44.903209,KXBTCD-25MAY2120-T108749.99,DELTA,50,50,53,9,447,yes,35,-1000
2025-05-21T16:01:44.903650,KXBTCD-25MAY2120-T108749.99,DELTA,50,50,53,9,448,yes,43,24
2025-05-21T16:01:44.903804,KXBTCD-25MAY2120-T108749.99,DELTA,50,50,53,9,449,yes,44,-24
2025-05-21T16:01:44.903927,KXBTCD-25MAY2120-T108749.99,DELTA,50,50,53,9,450,yes,31,1000
2025-05-21T16:01:44.904070,KXBTCD-25MAY2120-T108749.99,DELTA,50,50,53,9,451,no,40,24
2025-05-21T16:01:44.904266,KXBTCD-25MAY2120-T108749.99,DELTA,50,50,53,9,452,no,38,-24
2025-05-21T16:01:44.904388,KXBTCD-25MAY2120-T108749.99,DELTA,50,50,53,9,453,yes,31,-1000
2025-05-21T16:01:44.904487,KXBTCD-25MAY2120-T108749.99,DELTA,50,50,53,9,454,no,46,-1000
2025-05-21T16:01:44.904582,KXBTCD-25MAY2120-T108749.99,DELTA,50,50,53,9,455,no,44,1000
2025-05-21T16:01:44.904672,KXBTCD-25MAY2120-T108749.99,DELTA,50,50,53,9,456,yes,49,1000
2025-05-21T16:01:44.909965,KXBTCD-25MAY2120-T108749.99,DELTA,50,50,53,9,457,no,44,-1000
2025-05-21T16:01:44.910200,KXBTCD-25MAY2120-T108749.99,DELTA,50,50,53,9,458,no,44,1000
2025-05-21T16:01:44.910316,KXBTCD-25MAY2120-T108749.99,DELTA,50,50,53,9,459,no,24,9
2025-05-21T16:01:44.910416,KXBTCD-25MAY2120-T108749.99,DELTA,50,50,53,9,460,no,44,-1000
2025-05-21T16:01:44.910610,KXBTCD-25MAY2120-T108749.99,DELTA,50,50,53,9,461,no,46,1000
2025-05-21T16:01:44.910745,KXBTCD-25MAY2120-T108749.99,DELTA,50,50,53,9,462,yes,5,-6480
2025-05-21T16:01:44.910957,KXBTCD-25MAY2120-T108749.99,DELTA,50,50,53,9,463,yes,7,4628
2025-05-21T16:01:44.911068,KXBTCD-25MAY2120-T108749.99,DELTA,50,50,53,9,464,no,4,-8100
2025-05-21T16:01:44.911173,KXBTCD-25MAY2120-T108749.99,DELTA,50,50,53,9,465,no,6,5400
2025-05-21T16:01:44.911278,KXBTCD-25MAY2120-T108749.99,DELTA,50,50,53,9,466,yes,6,-20000
2025-05-21T16:01:44.911379,KXBTCD-25MAY2120-T108749.99,DELTA,50,50,53,9,467,yes,8,20000
2025-05-21T16:01:44.911478,KXBTCD-25MAY2120-T108749.99,DELTA,50,50,53,9,468,no,5,-20000
2025-05-21T16:01:44.911576,KXBTCD-25MAY2120-T108749.99,DELTA,50,50,53,9,469,no,5,-2000
2025-05-21T16:01:44.911672,KXBTCD-25MAY2120-T108749.99,DELTA,50,50,53,9,470,no,7,20000
2025-05-21T16:01:44.911770,KXBTCD-25MAY2120-T108749.99,DELTA,50,50,53,9,471,no,7,2000
2025-05-21T16:01:44.911865,KXBTCD-25MAY2120-T108749.99,DELTA,50,50,53,9,472,no,43,-100
2025-05-21T16:01:44.911964,KXBTCD-25MAY2120-T108749.99,DELTA,50,50,53,9,473,no,24,-9
2025-05-21T16:01:44.912065,KXBTCD-25MAY2120-T108749.99,DELTA,50,50,53,9,474,no,43,100
2025-05-21T16:01:44.912168,KXBTCD-25MAY2120-T108749.99,DELTA,50,50,53,9,475,yes,49,-1000
2025-05-21T16:01:44.912264,KXBTCD-25MAY2120-T108749.99,DELTA,50,50,53,9,476,yes,31,1000
2025-05-21T16:01:44.912421,KXBTCD-25MAY2120-T108749.99,DELTA,50,50,53,9,477,no,46,-1000
2025-05-21T16:01:44.912530,KXBTCD-25MAY2120-T108749.99,DELTA,50,50,53,9,478,yes,41,24
2025-05-21T16:01:44.912634,KXBTCD-25MAY2120-T108749.99,DELTA,50,50,53,9,479,no,41,24
2025-05-21T16:01:44.912740,KXBTCD-25MAY2120-T108749.99,DELTA,50,50,53,1009,480,no,47,1000
2025-05-21T16:01:44.912841,KXBTCD-25MAY2120-T108749.99,DELTA,50,50,53,1009,481,yes,43,-24
2025-05-21T16:01:44.912935,KXBTCD-25MAY2120-T108749.99,DELTA,50,50,53,1009,482,no,40,-24
2025-05-21T16:01:44.913031,KXBTCD-25MAY2120-T108749.99,DELTA,50,50,53,1009,483,no,1,8000
2025-05-21T16:01:44.913125,KXBTCD-25MAY2120-T108749.99,DELTA,50,50,53,1009,484,yes,41,-24
2025-05-21T16:01:44.913218,KXBTCD-25MAY2120-T108749.99,DELTA,50,50,53,1009,485,yes,40,24
2025-05-21T16:01:44.913313,KXBTCD-25MAY2120-T108749.99,DELTA,50,50,53,1009,486,no,41,-24
2025-05-21T16:01:44.913409,KXBTCD-25MAY2120-T108749.99,DELTA,50,50,53,1009,487,no,43,24
2025-05-21T16:01:44.913501,KXBTCD-25MAY2120-T108749.99,DELTA,50,50,53,1009,488,no,43,-100
2025-05-21T16:01:44.914228,KXBTCD-25MAY2120-T108749.99,DELTA,50,50,53,1009,489,no,46,-50
2025-05-21T16:01:44.914351,KXBTCD-25MAY2120-T108749.99,DELTA,50,50,53,1059,490,no,47,50
2025-05-21T16:01:44.914447,KXBTCD-25MAY2120-T108749.99,DELTA,50,50,53,59,491,no,47,-1000
2025-05-21T16:01:44.914543,KXBTCD-25MAY2120-T108749.99,DELTA,50,50,52,1000,492,no,48,1000
2025-05-21T16:01:44.914638,KXBTCD-25MAY2120-T108749.99,DELTA,50,50,52,1000,493,no,23,-3000
2025-05-21T16:01:44.914731,KXBTCD-25MAY2120-T108749.99,DELTA,50,50,52,1000,494,yes,40,-24
2025-05-21T16:01:44.914828,KXBTCD-25MAY2120-T108749.99,DELTA,50,50,52,1000,495,yes,38,24
2025-05-21T16:01:44.914924,KXBTCD-25MAY2120-T108749.99,DELTA,50,50,52,1000,496,yes,49,-100
2025-05-21T16:01:44.915018,KXBTCD-25MAY2120-T108749.99,DELTA,50,50,52,1000,497,no,47,-9
2025-05-21T16:01:44.915108,KXBTCD-25MAY2120-T108749.99,DELTA,50,50,52,1009,498,no,48,9
2025-05-21T16:01:44.915198,KXBTCD-25MAY2120-T108749.99,DELTA,50,50,52,1009,499,no,24,9
2025-05-21T16:01:44.915293,KXBTCD-25MAY2120-T108749.99,DELTA,50,50,52,1009,500,no,41,9
2025-05-21T16:01:44.915482,KXBTCD-25MAY2120-T108749.99,DELTA,50,50,52,1009,501,no,45,24
2025-05-21T16:01:44.915597,KXBTCD-25MAY2120-T108749.99,DELTA,50,50,52,1009,502,no,43,-24
2025-05-21T16:01:44.915707,KXBTCD-25MAY2120-T108749.99,DELTA,50,50,52,1009,503,no,30,3000
2025-05-21T16:01:44.915811,KXBTCD-25MAY2120-T108749.99,DELTA,50,50,52,1009,504,yes,30,-200
2025-05-21T16:01:44.915914,KXBTCD-25MAY2120-T108749.99,DELTA,50,50,52,1009,505,yes,20,200
2025-05-21T16:01:44.916103,KXBTCD-25MAY2120-T108749.99,DELTA,50,50,52,1009,506,yes,31,-2000
2025-05-21T16:01:44.916227,KXBTCD-25MAY2120-T108749.99,DELTA,50,50,52,1009,507,yes,7,-4628
2025-05-21T16:01:44.916332,KXBTCD-25MAY2120-T108749.99,DELTA,50,50,52,1009,508,yes,9,3600
2025-05-21T16:01:44.916533,KXBTCD-25MAY2120-T108749.99,DELTA,38,24,52,1009,509,yes,50,-50
2025-05-21T16:01:44.916643,KXBTCD-25MAY2120-T108749.99,DELTA,38,24,52,1009,510,yes,32,50
2025-05-21T16:01:44.916754,KXBTCD-25MAY2120-T108749.99,DELTA,38,24,52,1009,511,yes,31,-1000
2025-05-21T16:01:44.916921,KXBTCD-25MAY2120-T108749.99,DELTA,38,24,52,1009,512,no,6,-5400
2025-05-21T16:01:44.917034,KXBTCD-25MAY2120-T108749.99,DELTA,38,24,52,1009,513,no,8,4050
2025-05-21T16:01:44.917135,KXBTCD-25MAY2120-T108749.99,DELTA,38,24,52,1009,514,no,47,-50
2025-05-21T16:01:44.917234,KXBTCD-25MAY2120-T108749.99,DELTA,38,24,51,50,515,no,49,50
2025-05-21T16:01:44.917332,KXBTCD-25MAY2120-T108749.99,DELTA,38,24,51,50,516,yes,32,-50
2025-05-21T16:01:44.917428,KXBTCD-25MAY2120-T108749.99,DELTA,38,24,51,50,517,yes,26,50
2025-05-21T16:01:44.917531,KXBTCD-25MAY2120-T108749.99,DELTA,38,24,51,50,518,yes,21,2000
2025-05-21T16:01:44.917631,KXBTCD-25MAY2120-T108749.99,DELTA,38,24,51,50,519,no,7,-20000
2025-05-21T16:01:44.917730,KXBTCD-25MAY2120-T108749.99,DELTA,38,24,51,50,520,yes,33,1000
2025-05-21T16:01:44.918319,KXBTCD-25MAY2120-T108749.99,DELTA,38,24,51,50,521,yes,8,-20000
2025-05-21T16:01:44.918442,KXBTCD-25MAY2120-T108749.99,DELTA,38,24,51,50,522,no,7,-2000
2025-05-21T16:01:44.918557,KXBTCD-25MAY2120-T108749.99,DELTA,38,24,51,50,523,yes,10,20000
2025-05-21T16:01:44.918662,KXBTCD-25MAY2120-T108749.99,DELTA,38,24,51,50,524,yes,33,-1000
2025-05-21T16:01:44.918765,KXBTCD-25MAY2120-T108749.99,DELTA,38,24,51,50,525,yes,26,-50
2025-05-21T16:01:44.918865,KXBTCD-25MAY2120-T108749.99,DELTA,38,24,51,50,526,yes,34,50
2025-05-21T16:01:44.918965,KXBTCD-25MAY2120-T108749.99,DELTA,38,24,51,50,527,no,48,-1000
2025-05-21T16:01:44.919065,KXBTCD-25MAY2120-T108749.99,DELTA,38,24,51,50,528,no,24,-9
2025-05-21T16:01:44.919164,KXBTCD-25MAY2120-T108749.99,DELTA,38,24,51,50,529,no,48,-9
2025-05-21T16:01:44.919263,KXBTCD-25MAY2120-T108749.99,DELTA,38,24,50,9,530,no,50,9
2025-05-21T16:01:44.919364,KXBTCD-25MAY2120-T108749.99,DELTA,38,24,50,9,531,no,41,-9
2025-05-21T16:01:44.919462,KXBTCD-25MAY2120-T108749.99,DELTA,38,24,50,9,532,no,47,100
2025-05-21T16:01:44.919559,KXBTCD-25MAY2120-T108749.99,DELTA,45,100,50,9,533,yes,45,100
2025-05-21T16:01:44.919659,KXBTCD-25MAY2120-T108749.99,DELTA,45,100,50,9,534,yes,27,1000
2025-05-21T16:01:44.919756,KXBTCD-25MAY2120-T108749.99,DELTA,45,100,50,1009,535,no,50,1000
2025-05-21T16:01:44.919862,KXBTCD-25MAY2120-T108749.99,DELTA,45,100,50,1009,536,no,9,20000
2025-05-21T16:01:44.919965,KXBTCD-25MAY2120-T108749.99,DELTA,45,100,50,1009,537,no,9,2000
2025-05-21T16:01:44.920067,KXBTCD-25MAY2120-T108749.99,DELTA,45,100,50,1009,538,yes,34,-50
2025-05-21T16:01:44.920165,KXBTCD-25MAY2120-T108749.99,DELTA,45,100,50,1009,539,yes,26,50
2025-05-21T16:01:44.920358,KXBTCD-25MAY2120-T108749.99,DELTA,45,100,50,1009,540,yes,27,-1000
2025-05-21T16:01:44.920531,KXBTCD-25MAY2120-T108749.99,DELTA,45,100,50,1009,541,yes,26,-50
2025-05-21T16:01:44.920665,KXBTCD-25MAY2120-T108749.99,DELTA,46,50,50,1009,542,yes,46,50
2025-05-21T16:01:44.920787,KXBTCD-25MAY2120-T108749.99,DELTA,46,50,50,1009,543,yes,27,1000
2025-05-21T16:01:44.920910,KXBTCD-25MAY2120-T108749.99,DELTA,46,50,50,1009,544,yes,27,-1000
2025-05-21T16:01:44.920999,KXBTCD-25MAY2120-T108749.99,DELTA,46,50,50,1009,545,yes,21,1000
2025-05-21T16:01:44.921086,KXBTCD-25MAY2120-T108749.99,DELTA,46,50,50,1000,546,no,50,-9
2025-05-21T16:01:44.921170,KXBTCD-25MAY2120-T108749.99,DELTA,46,50,49,9,547,no,51,9
2025-05-21T16:01:44.921267,KXBTCD-25MAY2120-T108749.99,DELTA,46,50,49,9,548,no,49,-50
2025-05-21T16:01:44.921351,KXBTCD-25MAY2120-T108749.99,DELTA,46,50,49,59,549,no,51,50
2025-05-21T16:01:44.921430,KXBTCD-25MAY2120-T108749.99,DELTA,46,50,49,59,550,yes,45,-100
2025-05-21T16:01:44.921510,KXBTCD-25MAY2120-T108749.99,DELTA,46,50,49,59,551,no,50,-1000
2025-05-21T16:01:44.921593,KXBTCD-25MAY2120-T108749.99,DELTA,46,50,49,59,552,no,48,1000
2025-05-21T16:01:44.922120,KXBTCD-25MAY2120-T108749.99,DELTA,38,24,49,59,553,yes,46,-50
2025-05-21T16:01:44.922276,KXBTCD-25MAY2120-T108749.99,DELTA,38,24,49,59,554,yes,26,50
2025-05-21T16:01:44.922359,KXBTCD-25MAY2120-T108749.99,DELTA,38,24,49,59,555,yes,21,-1000
2025-05-21T16:01:44.922436,KXBTCD-25MAY2120-T108749.99,DELTA,38,24,49,59,556,yes,9,-3600
2025-05-21T16:01:44.922509,KXBTCD-25MAY2120-T108749.99,DELTA,38,24,49,59,557,yes,11,2945
2025-05-21T16:01:44.922586,KXBTCD-25MAY2120-T108749.99,DELTA,38,24,48,9,558,no,52,9
2025-05-21T16:01:44.922661,KXBTCD-25MAY2120-T108749.99,DELTA,38,24,48,9,559,no,51,-9
2025-05-21T16:01:44.922735,KXBTCD-25MAY2120-T108749.99,DELTA,38,24,48,18,560,no,52,9
2025-05-21T16:01:44.922806,KXBTCD-25MAY2120-T108749.99,DELTA,38,24,48,18,561,yes,27,9
2025-05-21T16:01:44.922877,KXBTCD-25MAY2120-T108749.99,DELTA,38,24,48,18,562,yes,27,1000
2025-05-21T16:01:44.922947,KXBTCD-25MAY2120-T108749.99,DELTA,38,24,48,18,563,no,8,-4050
2025-05-21T16:01:44.923017,KXBTCD-25MAY2120-T108749.99,DELTA,38,24,48,18,564,no,10,3240
2025-05-21T16:01:44.923090,KXBTCD-25MAY2120-T108749.99,DELTA,38,24,48,18,565,yes,10,-20000
2025-05-21T16:01:44.923160,KXBTCD-25MAY2120-T108749.99,DELTA,38,24,48,18,566,yes,2,20000
2025-05-21T16:01:44.923233,KXBTCD-25MAY2120-T108749.99,DELTA,38,24,48,18,567,no,9,-20000
2025-05-21T16:01:44.923305,KXBTCD-25MAY2120-T108749.99,DELTA,38,24,48,18,568,no,9,-2000
2025-05-21T16:01:44.923382,KXBTCD-25MAY2120-T108749.99,DELTA,38,24,48,18,569,yes,27,-9
2025-05-21T16:01:44.923455,KXBTCD-25MAY2120-T108749.99,DELTA,38,24,48,18,570,yes,28,9
2025-05-21T16:01:44.923529,KXBTCD-25MAY2120-T108749.99,DELTA,38,24,48,18,571,no,11,2000
2025-05-21T16:01:44.923599,KXBTCD-25MAY2120-T108749.99,DELTA,38,24,48,18,572,no,11,20000
2025-05-21T16:01:44.923674,KXBTCD-25MAY2120-T108749.99,DELTA,46,100,48,18,573,yes,46,100
2025-05-21T16:01:44.923745,KXBTCD-25MAY2120-T108749.99,DELTA,46,100,48,18,574,yes,26,-50
2025-05-21T16:01:44.923817,KXBTCD-25MAY2120-T108749.99,DELTA,47,50,48,18,575,yes,47,50
2025-05-21T16:01:44.923886,KXBTCD-25MAY2120-T108749.99,DELTA,47,50,48,18,576,yes,28,-9
2025-05-21T16:01:44.923956,KXBTCD-25MAY2120-T108749.99,DELTA,47,50,48,9,577,no,52,-9
2025-05-21T16:01:44.924031,KXBTCD-25MAY2120-T108749.99,DELTA,47,50,48,9,578,yes,27,-1000
2025-05-21T16:01:44.924101,KXBTCD-25MAY2120-T108749.99,DELTA,47,50,48,9,579,no,51,-50
2025-05-21T16:01:44.924170,KXBTCD-25MAY2120-T108749.99,DELTA,47,50,48,9,580,no,49,50
2025-05-21T16:01:44.924239,KXBTCD-25MAY2120-T108749.99,DELTA,47,50,48,9,581,yes,11,-2945
2025-05-21T16:01:44.924312,KXBTCD-25MAY2120-T108749.99,DELTA,47,50,48,9,582,yes,5,6480
2025-05-21T16:01:44.924385,KXBTCD-25MAY2120-T108749.99,DELTA,47,50,48,9,583,no,48,-1000
2025-05-21T16:01:44.924455,KXBTCD-25MAY2120-T108749.99,DELTA,47,50,48,9,584,no,10,-3240
2025-05-21T16:01:44.924889,KXBTCD-25MAY2120-T108749.99,DELTA,47,50,48,9,585,no,12,2700
2025-05-21T16:01:44.924973,KXBTCD-25MAY2120-T108749.99,DELTA,47,50,48,9,586,no,49,1000
2025-05-21T16:01:44.925048,KXBTCD-25MAY2120-T108749.99,DELTA,47,50,48,9,587,no,49,-50
2025-05-21T16:01:44.925121,KXBTCD-25MAY2120-T108749.99,DELTA,47,50,48,9,588,no,48,50
2025-05-21T16:01:44.925192,KXBTCD-25MAY2120-T108749.99,DELTA,47,50,48,9,589,no,11,-20000
2025-05-21T16:01:44.925268,KXBTCD-25MAY2120-T108749.99,DELTA,47,50,48,9,590,no,11,-2000
2025-05-21T16:01:44.925371,KXBTCD-25MAY2120-T108749.99,DELTA,47,50,48,9,591,no,48,-50
2025-05-21T16:01:44.925483,KXBTCD-25MAY2120-T108749.99,DELTA,47,50,48,9,592,no,49,50
2025-05-21T16:01:44.925565,KXBTCD-25MAY2120-T108749.99,DELTA,47,50,48,9,593,yes,21,1000
2025-05-21T16:01:44.925644,KXBTCD-25MAY2120-T108749.99,DELTA,47,50,48,9,594,no,13,2000
2025-05-21T16:01:44.925724,KXBTCD-25MAY2120-T108749.99,DELTA,47,50,48,9,595,yes,2,-20000
2025-05-21T16:01:44.925799,KXBTCD-25MAY2120-T108749.99,DELTA,47,50,48,9,596,yes,6,20000
2025-05-21T16:01:44.925875,KXBTCD-25MAY2120-T108749.99,DELTA,47,50,48,9,597,no,49,-1000
2025-05-21T16:01:44.925948,KXBTCD-25MAY2120-T108749.99,DELTA,47,50,48,9,598,no,50,1000
2025-05-21T16:01:44.926021,KXBTCD-25MAY2120-T108749.99,DELTA,47,50,48,9,599,no,49,-50
2025-05-21T16:01:44.926092,KXBTCD-25MAY2120-T108749.99,DELTA,47,50,48,9,600,no,48,50
2025-05-21T16:01:44.926212,KXBTCD-25MAY2120-T108749.99,DELTA,47,50,48,9,601,no,48,-50
2025-05-21T16:01:44.926287,KXBTCD-25MAY2120-T108749.99,DELTA,47,50,48,9,602,no,49,50
2025-05-21T16:01:44.926366,KXBTCD-25MAY2120-T108749.99,DELTA,47,50,48,9,603,no,50,-1000
2025-05-21T16:01:44.926446,KXBTCD-25MAY2120-T108749.99,DELTA,47,50,48,9,604,no,49,1000
2025-05-21T16:01:44.926522,KXBTCD-25MAY2120-T108749.99,DELTA,47,50,48,9,605,no,49,-50
2025-05-21T16:01:44.926597,KXBTCD-25MAY2120-T108749.99,DELTA,47,50,48,9,606,no,48,50
2025-05-21T16:01:44.926668,KXBTCD-25MAY2120-T108749.99,DELTA,47,50,48,9,607,no,49,-1000
2025-05-21T16:01:44.926735,KXBTCD-25MAY2120-T108749.99,DELTA,47,50,48,9,608,no,48,-50
2025-05-21T16:01:44.926812,KXBTCD-25MAY2120-T108749.99,DELTA,47,50,48,9,609,no,49,50
2025-05-21T16:01:44.926912,KXBTCD-25MAY2120-T108749.99,DELTA,47,50,48,9,610,no,49,1000
2025-05-21T16:01:44.926981,KXBTCD-25MAY2120-T108749.99,DELTA,47,50,48,9,611,no,49,-50
2025-05-21T16:01:44.927046,KXBTCD-25MAY2120-T108749.99,DELTA,47,50,48,9,612,no,48,50
2025-05-21T16:01:44.927113,KXBTCD-25MAY2120-T108749.99,DELTA,47,50,48,9,613,no,48,-50
2025-05-21T16:01:44.927197,KXBTCD-25MAY2120-T108749.99,DELTA,47,50,48,9,614,no,49,50
2025-05-21T16:01:44.927300,KXBTCD-25MAY2120-T108749.99,DELTA,47,50,48,9,615,no,49,-1000
2025-05-21T16:01:44.927373,KXBTCD-25MAY2120-T108749.99,DELTA,47,50,48,9,616,no,50,1000
2025-05-21T16:01:44.927805,KXBTCD-25MAY2120-T108749.99,DELTA,47,50,48,9,617,no,49,-50
2025-05-21T16:01:44.927886,KXBTCD-25MAY2120-T108749.99,DELTA,47,50,48,9,618,no,48,50
2025-05-21T16:01:44.927959,KXBTCD-25MAY2120-T108749.99,DELTA,47,50,50,1000,619,no,52,-9
2025-05-21T16:01:44.928030,KXBTCD-25MAY2120-T108749.99,DELTA,47,50,50,1009,620,no,50,9
2025-05-21T16:01:44.928102,KXBTCD-25MAY2120-T108749.99,DELTA,47,50,50,1009,621,no,31,9
2025-05-21T16:01:44.928173,KXBTCD-25MAY2120-T108749.99,DELTA,47,50,50,1009,622,no,41,9
2025-05-21T16:01:44.928244,KXBTCD-25MAY2120-T108749.99,DELTA,47,50,50,1009,623,no,48,-50
2025-05-21T16:01:44.928311,KXBTCD-25MAY2120-T108749.99,DELTA,47,50,50,1009,624,no,49,50
2025-05-21T16:01:44.928377,KXBTCD-25MAY2120-T108749.99,DELTA,47,50,50,9,625,no,50,-1000
2025-05-21T16:01:44.928443,KXBTCD-25MAY2120-T108749.99,DELTA,47,50,50,9,626,no,49,1000
2025-05-21T16:01:44.928512,KXBTCD-25MAY2120-T108749.99,DELTA,47,50,50,9,627,no,49,-50
2025-05-21T16:01:44.928581,KXBTCD-25MAY2120-T108749.99,DELTA,47,50,50,9,628,no,48,50
2025-05-21T16:01:44.928649,KXBTCD-25MAY2120-T108749.99,DELTA,47,50,50,9,629,no,49,-1000
2025-05-21T16:01:44.928716,KXBTCD-25MAY2120-T108749.99,DELTA,47,50,50,9,630,no,48,-50
2025-05-21T16:01:44.928786,KXBTCD-25MAY2120-T108749.99,DELTA,47,50,50,9,631,no,49,50
2025-05-21T16:01:44.928852,KXBTCD-25MAY2120-T108749.99,DELTA,47,50,50,1009,632,no,50,1000
2025-05-21T16:01:44.928922,KXBTCD-25MAY2120-T108749.99,DELTA,47,50,50,1009,633,no,49,-50
2025-05-21T16:01:44.928988,KXBTCD-25MAY2120-T108749.99,DELTA,47,50,50,1009,634,no,48,50
2025-05-21T16:01:44.929054,KXBTCD-25MAY2120-T108749.99,DELTA,47,50,50,9,635,no,50,-1000
2025-05-21T16:01:44.929121,KXBTCD-25MAY2120-T108749.99,DELTA,47,50,50,1009,636,no,50,1000
2025-05-21T16:01:44.929185,KXBTCD-25MAY2120-T108749.99,DELTA,47,50,50,9,637,no,50,-1000
2025-05-21T16:01:44.929252,KXBTCD-25MAY2120-T108749.99,DELTA,47,50,50,9,638,no,49,1000
2025-05-21T16:01:44.929320,KXBTCD-25MAY2120-T108749.99,DELTA,47,50,50,9,639,yes,5,-6480
2025-05-21T16:01:44.929385,KXBTCD-25MAY2120-T108749.99,DELTA,47,50,50,9,640,yes,7,4628
2025-05-21T16:01:44.929452,KXBTCD-25MAY2120-T108749.99,DELTA,47,50,50,9,641,no,12,-2700
2025-05-21T16:01:44.929518,KXBTCD-25MAY2120-T108749.99,DELTA,47,50,50,9,642,no,14,2314
2025-05-21T16:01:44.929582,KXBTCD-25MAY2120-T108749.99,DELTA,47,50,50,9,643,yes,6,-20000
2025-05-21T16:01:44.929650,KXBTCD-25MAY2120-T108749.99,DELTA,47,50,50,9,644,yes,8,20000
2025-05-21T16:01:44.929716,KXBTCD-25MAY2120-T108749.99,DELTA,47,50,50,9,645,no,13,-2000
2025-05-21T16:01:44.929783,KXBTCD-25MAY2120-T108749.99,DELTA,47,50,50,9,646,no,15,2000
2025-05-21T16:01:44.929888,KXBTCD-25MAY2120-T108749.99,DELTA,47,50,50,9,647,no,48,-50
2025-05-21T16:01:44.929956,KXBTCD-25MAY2120-T108749.99,DELTA,47,50,50,59,648,no,50,50
2025-05-21T16:01:44.930359,KXBTCD-25MAY2120-T108749.99,DELTA,47,50,50,59,649,no,49,-1000
2025-05-21T16:01:44.930444,KXBTCD-25MAY2120-T108749.99,DELTA,47,50,50,59,650,no,41,-9
2025-05-21T16:01:44.930521,KXBTCD-25MAY2120-T108749.99,DELTA,47,50,50,59,651,no,31,-9
2025-05-21T16:01:44.930596,KXBTCD-25MAY2120-T108749.99,DELTA,47,50,50,50,652,no,50,-9
2025-05-21T16:01:44.930668,KXBTCD-25MAY2120-T108749.99,DELTA,47,50,49,9,653,no,51,9
2025-05-21T16:01:44.930739,KXBTCD-25MAY2120-T108749.99,DELTA,47,50,49,9,654,no,48,1000
2025-05-21T16:01:44.930871,KXBTCD-25MAY2120-T108749.99,DELTA,47,50,49,9,655,no,50,-50
2025-05-21T16:01:44.930958,KXBTCD-25MAY2120-T108749.99,DELTA,47,50,49,9,656,no,48,50
2025-05-21T16:01:44.931038,KXBTCD-25MAY2120-T108749.99,DELTA,47,50,49,9,657,no,48,-50
2025-05-21T16:01:44.931112,KXBTCD-25MAY2120-T108749.99,DELTA,47,50,49,9,658,no,49,50
2025-05-21T16:01:44.931183,KXBTCD-25MAY2120-T108749.99,DELTA,47,50,49,9,659,no,48,-1000
2025-05-21T16:01:44.931251,KXBTCD-25MAY2120-T108749.99,DELTA,47,50,49,9,660,no,49,1000
2025-05-21T16:01:44.931325,KXBTCD-25MAY2120-T108749.99,DELTA,47,50,49,9,661,no,49,-50
2025-05-21T16:01:44.931398,KXBTCD-25MAY2120-T108749.99,DELTA,47,50,49,9,662,no,48,50
2025-05-21T16:01:44.931473,KXBTCD-25MAY2120-T108749.99,DELTA,47,50,49,9,663,no,48,-50
2025-05-21T16:01:44.931541,KXBTCD-25MAY2120-T108749.99,DELTA,47,50,49,9,664,no,49,50
2025-05-21T16:01:44.931617,KXBTCD-25MAY2120-T108749.99,DELTA,47,50,49,9,665,yes,7,-4628
2025-05-21T16:01:44.931689,KXBTCD-25MAY2120-T108749.99,DELTA,47,50,49,9,666,yes,9,3600
2025-05-21T16:01:44.931770,KXBTCD-25MAY2120-T108749.99,DELTA,47,50,49,9,667,no,14,-2314
2025-05-21T16:01:44.931840,KXBTCD-25MAY2120-T108749.99,DELTA,47,50,49,9,668,no,4,8100
2025-05-21T16:01:44.931912,KXBTCD-25MAY2120-T108749.99,DELTA,47,50,49,9,669,yes,8,-20000
2025-05-21T16:01:44.931981,KXBTCD-25MAY2120-T108749.99,DELTA,47,50,49,9,670,yes,10,20000
2025-05-21T16:01:44.932057,KXBTCD-25MAY2120-T108749.99,DELTA,47,50,49,9,671,no,15,-2000
2025-05-21T16:01:44.932125,KXBTCD-25MAY2120-T108749.99,DELTA,47,50,49,9,672,no,5,20000
2025-05-21T16:01:44.932194,KXBTCD-25MAY2120-T108749.99,DELTA,47,50,49,9,673,no,5,2000
2025-05-21T16:01:44.932265,KXBTCD-25MAY2120-T108749.99,DELTA,47,50,49,9,674,no,49,-1000
2025-05-21T16:01:44.932336,KXBTCD-25MAY2120-T108749.99,DELTA,47,50,51,50,675,no,51,-9
2025-05-21T16:01:44.932405,KXBTCD-25MAY2120-T108749.99,DELTA,47,50,50,9,676,no,50,9
2025-05-21T16:01:44.932477,KXBTCD-25MAY2120-T108749.99,DELTA,47,50,50,1009,677,no,50,1000
2025-05-21T16:01:44.932545,KXBTCD-25MAY2120-T108749.99,DELTA,47,50,50,1009,678,no,49,-50
2025-05-21T16:01:44.932615,KXBTCD-25MAY2120-T108749.99,DELTA,47,50,50,1009,679,no,48,50
2025-05-21T16:01:44.932683,KXBTCD-25MAY2120-T108749.99,DELTA,47,50,50,1009,680,no,48,-50
2025-05-21T16:01:44.933026,KXBTCD-25MAY2120-T108749.99,DELTA,47,50,50,1059,681,no,50,50
2025-05-21T16:01:44.933109,KXBTCD-25MAY2120-T108749.99,DELTA,47,50,50,59,682,no,50,-1000
2025-05-21T16:01:44.933183,KXBTCD-25MAY2120-T108749.99,DELTA,47,50,50,59,683,no,49,1000
2025-05-21T16:01:44.933253,KXBTCD-25MAY2120-T108749.99,DELTA,47,50,50,59,684,no,49,-1000
2025-05-21T16:01:44.933323,KXBTCD-25MAY2120-T108749.99,DELTA,47,50,50,1059,685,no,50,1000
2025-05-21T16:01:44.933391,KXBTCD-25MAY2120-T108749.99,DELTA,47,50,50,59,686,no,50,-1000
2025-05-21T16:01:44.933459,KXBTCD-25MAY2120-T108749.99,DELTA,47,50,50,59,687,no,48,1000
2025-05-21T16:01:44.933528,KXBTCD-25MAY2120-T108749.99,DELTA,47,50,50,59,688,no,31,9
2025-05-21T16:01:44.933595,KXBTCD-25MAY2120-T108749.99,DELTA,47,50,50,59,689,no,41,9
2025-05-21T16:01:44.933663,KXBTCD-25MAY2120-T108749.99,DELTA,47,50,50,50,690,no,50,-9
2025-05-21T16:01:44.933731,KXBTCD-25MAY2120-T108749.99,DELTA,47,50,49,9,691,no,51,9
2025-05-21T16:01:44.933799,KXBTCD-25MAY2120-T108749.99,DELTA,47,50,49,9,692,no,50,-50
2025-05-21T16:01:44.933868,KXBTCD-25MAY2120-T108749.99,DELTA,47,50,49,9,693,no,48,50
2025-05-21T16:01:44.933972,KXBTCD-25MAY2120-T108749.99,DELTA,47,50,49,9,694,no,48,-1000
2025-05-21T16:01:44.934045,KXBTCD-25MAY2120-T108749.99,DELTA,47,50,49,9,695,no,49,1000
2025-05-21T16:01:44.934115,KXBTCD-25MAY2120-T108749.99,DELTA,47,50,49,9,696,no,41,-9
2025-05-21T16:01:44.934186,KXBTCD-25MAY2120-T108749.99,DELTA,47,50,51,1000,697,no,51,-9
2025-05-21T16:01:44.934262,KXBTCD-25MAY2120-T108749.99,DELTA,47,50,50,9,698,no,50,9
2025-05-21T16:01:44.934333,KXBTCD-25MAY2120-T108749.99,DELTA,47,50,50,9,699,no,31,-9
2025-05-21T16:01:44.934406,KXBTCD-25MAY2120-T108749.99,DELTA,47,50,50,9,700,no,48,-50
2025-05-21T16:01:44.934503,KXBTCD-25MAY2120-T108749.99,DELTA,47,50,50,59,701,no,50,50
2025-05-21T16:01:44.934602,KXBTCD-25MAY2120-T108749.99,DELTA,47,50,50,59,702,no,49,-1000
2025-05-21T16:01:44.934678,KXBTCD-25MAY2120-T108749.99,DELTA,47,50,50,1059,703,no,50,1000
2025-05-21T16:01:44.934750,KXBTCD-25MAY2120-T108749.99,DELTA,47,50,50,59,704,no,50,-1000
2025-05-21T16:01:44.934819,KXBTCD-25MAY2120-T108749.99,DELTA,47,50,49,1000,705,no,51,1000
2025-05-21T16:01:44.934887,KXBTCD-25MAY2120-T108749.99,DELTA,47,50,49,1000,706,yes,9,-3600
2025-05-21T16:01:44.934962,KXBTCD-25MAY2120-T108749.99,DELTA,47,50,49,1000,707,yes,11,2945
2025-05-21T16:01:44.935032,KXBTCD-25MAY2120-T108749.99,DELTA,47,50,49,1000,708,no,41,9
2025-05-21T16:01:44.935099,KXBTCD-25MAY2120-T108749.99,DELTA,47,50,49,1000,709,no,31,9
2025-05-21T16:01:44.935210,KXBTCD-25MAY2120-T108749.99,DELTA,47,50,49,1000,710,no,50,-9
2025-05-21T16:01:44.935295,KXBTCD-25MAY2120-T108749.99,DELTA,47,50,49,1009,711,no,51,9
2025-05-21T16:01:44.935378,KXBTCD-25MAY2120-T108749.99,DELTA,47,50,49,1009,712,no,4,-8100
2025-05-21T16:01:44.935692,KXBTCD-25MAY2120-T108749.99,DELTA,47,50,49,1009,713,no,6,5400
2025-05-21T16:01:44.935775,KXBTCD-25MAY2120-T108749.99,DELTA,47,50,49,1009,714,yes,10,-20000
2025-05-21T16:01:44.935848,KXBTCD-25MAY2120-T108749.99,DELTA,47,50,49,1009,715,yes,2,20000
2025-05-21T16:01:44.935919,KXBTCD-25MAY2120-T108749.99,DELTA,47,50,49,9,716,no,51,-1000
2025-05-21T16:01:44.935989,KXBTCD-25MAY2120-T108749.99,DELTA,47,50,49,9,717,no,50,1000
2025-05-21T16:01:44.936087,KXBTCD-25MAY2120-T108749.99,DELTA,47,50,49,9,718,no,5,-20000
2025-05-21T16:01:44.936182,KXBTCD-25MAY2120-T108749.99,DELTA,47,50,49,9,719,no,5,-2000
2025-05-21T16:01:44.936258,KXBTCD-25MAY2120-T108749.99,DELTA,47,50,49,9,720,no,7,20000
2025-05-21T16:01:44.936329,KXBTCD-25MAY2120-T108749.99,DELTA,47,50,49,9,721,no,7,2000
2025-05-21T16:01:44.936400,KXBTCD-25MAY2120-T108749.99,DELTA,47,50,49,9,722,no,50,-1000
2025-05-21T16:01:44.936488,KXBTCD-25MAY2120-T108749.99,DELTA,47,50,49,9,723,no,48,1000
2025-05-21T16:01:44.936631,KXBTCD-25MAY2120-T108749.99,DELTA,47,50,49,9,724,yes,40,24
2025-05-21T16:01:44.936774,KXBTCD-25MAY2120-T108749.99,DELTA,47,50,49,9,725,yes,38,-24
2025-05-21T16:01:44.936854,KXBTCD-25MAY2120-T108749.99,DELTA,47,50,49,9,726,no,45,-24
2025-05-21T16:01:44.936940,KXBTCD-25MAY2120-T108749.99,DELTA,47,50,49,9,727,no,43,24
2025-05-21T16:01:44.937066,KXBTCD-25MAY2120-T108749.99,DELTA,47,50,49,9,728,no,50,-50
2025-05-21T16:01:44.937187,KXBTCD-25MAY2120-T108749.99,DELTA,47,50,49,9,729,no,48,50
2025-05-21T16:01:44.937366,KXBTCD-25MAY2120-T108749.99,DELTA,47,50,49,9,730,no,48,-1000
2025-05-21T16:01:44.937447,KXBTCD-25MAY2120-T108749.99,DELTA,47,50,49,9,731,no,49,1000
2025-05-21T16:01:44.937525,KXBTCD-25MAY2120-T108749.99,DELTA,47,50,49,9,732,yes,46,-100
2025-05-21T16:01:44.937594,KXBTCD-25MAY2120-T108749.99,DELTA,47,50,49,9,733,no,41,-9
2025-05-21T16:01:44.937666,KXBTCD-25MAY2120-T108749.99,DELTA,47,50,51,1000,734,no,51,-9
2025-05-21T16:01:44.937737,KXBTCD-25MAY2120-T108749.99,DELTA,47,50,50,9,735,no,50,9
2025-05-21T16:01:44.937805,KXBTCD-25MAY2120-T108749.99,DELTA,47,50,50,9,736,no,47,-100
2025-05-21T16:01:44.937876,KXBTCD-25MAY2120-T108749.99,DELTA,47,50,50,9,737,no,31,-9
2025-05-21T16:01:44.937947,KXBTCD-25MAY2120-T108749.99,DELTA,47,50,50,9,738,yes,11,-2945
2025-05-21T16:01:44.938014,KXBTCD-25MAY2120-T108749.99,DELTA,47,50,50,9,739,yes,5,6480
2025-05-21T16:01:44.938125,KXBTCD-25MAY2120-T108749.99,DELTA,47,50,50,9,740,no,6,-5400
2025-05-21T16:01:44.938180,KXBTCD-25MAY2120-T108749.99,DELTA,47,50,50,9,741,no,8,4050
2025-05-21T16:01:44.938236,KXBTCD-25MAY2120-T108749.99,DELTA,47,50,50,9,742,yes,2,-20000
2025-05-21T16:01:44.938294,KXBTCD-25MAY2120-T108749.99,DELTA,47,50,50,9,743,no,7,-20000
2025-05-21T16:01:44.938350,KXBTCD-25MAY2120-T108749.99,DELTA,47,50,50,9,744,yes,6,20000
2025-05-21T16:01:44.938676,KXBTCD-25MAY2120-T108749.99,DELTA,47,50,50,9,745,no,7,-2000
2025-05-21T16:01:44.938743,KXBTCD-25MAY2120-T108749.99,DELTA,40,24,50,9,746,yes,47,-50
2025-05-21T16:01:44.938804,KXBTCD-25MAY2120-T108749.99,DELTA,40,24,50,9,747,yes,26,50
2025-05-21T16:01:44.938865,KXBTCD-25MAY2120-T108749.99,DELTA,40,24,50,9,748,no,9,2000
2025-05-21T16:01:44.938921,KXBTCD-25MAY2120-T108749.99,DELTA,40,24,50,9,749,no,9,20000
2025-05-21T16:01:44.938977,KXBTCD-25MAY2120-T108749.99,DELTA,40,24,50,9,750,yes,21,-1000
2025-05-21T16:01:44.939033,KXBTCD-25MAY2120-T108749.99,DELTA,40,24,50,9,751,yes,27,1000
2025-05-21T16:01:44.939093,KXBTCD-25MAY2120-T108749.99,DELTA,40,24,50,9,752,yes,20,-200
2025-05-21T16:01:44.939151,KXBTCD-25MAY2120-T108749.99,DELTA,40,24,50,9,753,yes,30,200
2025-05-21T16:01:44.939207,KXBTCD-25MAY2120-T108749.99,DELTA,40,24,50,9,754,no,49,-1000
2025-05-21T16:01:44.939263,KXBTCD-25MAY2120-T108749.99,DELTA,40,24,50,9,755,no,1,-8000
2025-05-21T16:01:44.939318,KXBTCD-25MAY2120-T108749.99,DELTA,40,24,50,9,756,no,41,1000
2025-05-21T16:01:44.939371,KXBTCD-25MAY2120-T108749.99,DELTA,40,24,50,9,757,no,48,-50
2025-05-21T16:01:44.939426,KXBTCD-25MAY2120-T108749.99,DELTA,40,24,50,9,758,no,41,50
2025-05-21T16:01:44.939480,KXBTCD-25MAY2120-T108749.99,DELTA,40,24,50,9,759,yes,21,-2000
2025-05-21T16:01:44.939535,KXBTCD-25MAY2120-T108749.99,DELTA,47,100,50,9,760,yes,47,100
2025-05-21T16:01:44.939590,KXBTCD-25MAY2120-T108749.99,DELTA,47,100,50,9,761,no,45,100
2025-05-21T16:01:44.939644,KXBTCD-25MAY2120-T108749.99,DELTA,47,100,50,9,762,yes,27,-1000
2025-05-21T16:01:44.939698,KXBTCD-25MAY2120-T108749.99,DELTA,47,100,50,9,763,no,41,-50
2025-05-21T16:01:44.939751,KXBTCD-25MAY2120-T108749.99,DELTA,47,100,50,9,764,no,42,50
2025-05-21T16:01:44.939805,KXBTCD-25MAY2120-T108749.99,DELTA,47,100,50,9,765,yes,31,2000
2025-05-21T16:01:44.939859,KXBTCD-25MAY2120-T108749.99,DELTA,47,100,50,9,766,yes,31,1000
2025-05-21T16:01:44.939914,KXBTCD-25MAY2120-T108749.99,DELTA,47,100,50,9,767,no,41,-1000
2025-05-21T16:01:44.939970,KXBTCD-25MAY2120-T108749.99,DELTA,47,100,50,9,768,yes,26,-50
2025-05-21T16:01:44.940032,KXBTCD-25MAY2120-T108749.99,DELTA,48,50,50,9,769,yes,48,50
2025-05-21T16:01:44.940085,KXBTCD-25MAY2120-T108749.99,DELTA,48,50,50,9,770,yes,31,-1000
2025-05-21T16:01:44.940140,KXBTCD-25MAY2120-T108749.99,DELTA,48,50,50,9,771,no,46,1000
2025-05-21T16:01:44.940194,KXBTCD-25MAY2120-T108749.99,DELTA,48,50,50,9,772,yes,47,1000
2025-05-21T16:01:44.940249,KXBTCD-25MAY2120-T108749.99,DELTA,48,50,50,9,773,yes,5,-6480
2025-05-21T16:01:44.940303,KXBTCD-25MAY2120-T108749.99,DELTA,48,50,50,9,774,yes,7,4628
2025-05-21T16:01:44.940359,KXBTCD-25MAY2120-T108749.99,DELTA,48,50,50,9,775,no,8,-4050
2025-05-21T16:01:44.940412,KXBTCD-25MAY2120-T108749.99,DELTA,48,50,50,9,776,no,10,3240
2025-05-21T16:01:44.940702,KXBTCD-25MAY2120-T108749.99,DELTA,48,50,50,9,777,no,42,-50
2025-05-21T16:01:44.940780,KXBTCD-25MAY2120-T108749.99,DELTA,48,50,50,9,778,no,47,50
2025-05-21T16:01:44.940842,KXBTCD-25MAY2120-T108749.99,DELTA,48,50,50,9,779,yes,6,-20000
2025-05-21T16:01:44.940901,KXBTCD-25MAY2120-T108749.99,DELTA,48,50,50,9,780,yes,8,20000
2025-05-21T16:01:44.940968,KXBTCD-25MAY2120-T108749.99,DELTA,48,50,50,9,781,no,9,-20000
2025-05-21T16:01:44.941024,KXBTCD-25MAY2120-T108749.99,DELTA,48,50,50,9,782,no,9,-2000
2025-05-21T16:01:44.941076,KXBTCD-25MAY2120-T108749.99,DELTA,48,50,50,9,783,no,11,20000
2025-05-21T16:01:44.941128,KXBTCD-25MAY2120-T108749.99,DELTA,48,50,50,9,784,no,11,2000
2025-05-21T16:01:44.941180,KXBTCD-25MAY2120-T108749.99,DELTA,48,50,50,9,785,no,46,-1000
2025-05-21T16:01:44.941312,KXBTCD-25MAY2120-T108749.99,DELTA,48,50,50,9,786,no,47,1000
2025-05-21T16:01:44.941370,KXBTCD-25MAY2120-T108749.99,DELTA,48,50,50,9,787,yes,47,-100
2025-05-21T16:01:44.941426,KXBTCD-25MAY2120-T108749.99,DELTA,48,50,50,9,788,yes,7,-4628
2025-05-21T16:01:44.941484,KXBTCD-25MAY2120-T108749.99,DELTA,48,50,50,9,789,yes,9,3600
2025-05-21T16:01:44.941551,KXBTCD-25MAY2120-T108749.99,DELTA,48,50,50,9,790,no,10,-3240
2025-05-21T16:01:44.941607,KXBTCD-25MAY2120-T108749.99,DELTA,48,50,50,9,791,no,12,2700
2025-05-21T16:01:44.941662,KXBTCD-25MAY2120-T108749.99,DELTA,48,50,50,9,792,yes,8,-20000
2025-05-21T16:01:44.941719,KXBTCD-25MAY2120-T108749.99,DELTA,48,50,50,9,793,yes,47,-1000
2025-05-21T16:01:44.941777,KXBTCD-25MAY2120-T108749.99,DELTA,48,50,53,1050,794,no,50,-9
2025-05-21T16:01:44.941833,KXBTCD-25MAY2120-T108749.99,DELTA,48,50,52,9,795,no,48,9
2025-05-21T16:01:44.941889,KXBTCD-25MAY2120-T108749.99,DELTA,48,50,52,9,796,no,11,-20000
2025-05-21T16:01:44.941950,KXBTCD-25MAY2120-T108749.99,DELTA,48,50,52,9,797,no,11,-2000
2025-05-21T16:01:44.942010,KXBTCD-25MAY2120-T108749.99,DELTA,48,50,52,9,798,yes,10,20000
2025-05-21T16:01:44.942067,KXBTCD-25MAY2120-T108749.99,DELTA,48,50,52,9,799,yes,31,1000
2025-05-21T16:01:44.942123,KXBTCD-25MAY2120-T108749.99,DELTA,48,50,52,9,800,no,13,2000
2025-05-21T16:01:44.942178,KXBTCD-25MAY2120-T108749.99,DELTA,48,50,52,9,801,yes,41,24
2025-05-21T16:01:44.942233,KXBTCD-25MAY2120-T108749.99,DELTA,48,50,52,9,802,yes,40,-24
2025-05-21T16:01:44.942288,KXBTCD-25MAY2120-T108749.99,DELTA,48,50,52,9,803,no,41,24
2025-05-21T16:01:44.942344,KXBTCD-25MAY2120-T108749.99,DELTA,48,50,52,9,804,no,43,-24
2025-05-21T16:01:44.942418,KXBTCD-25MAY2120-T108749.99,DELTA,48,50,52,9,805,yes,31,-1000
2025-05-21T16:01:44.942490,KXBTCD-25MAY2120-T108749.99,DELTA,48,50,52,9,806,no,47,-1000
2025-05-21T16:01:44.942557,KXBTCD-25MAY2120-T108749.99,DELTA,48,50,52,9,807,no,46,1000
2025-05-21T16:01:44.942620,KXBTCD-25MAY2120-T108749.99,DELTA,48,1050,52,9,808,yes,48,1000
2025-05-21T16:01:44.942922,KXBTCD-25MAY2120-T108749.99,DELTA,48,1050,52,9,809,no,42,9
2025-05-21T16:01:44.943003,KXBTCD-25MAY2120-T108749.99,DELTA,48,1050,52,9,810,no,41,9
2025-05-21T16:01:44.943067,KXBTCD-25MAY2120-T108749.99,DELTA,48,1000,52,9,811,yes,48,-50
2025-05-21T16:01:44.943129,KXBTCD-25MAY2120-T108749.99,DELTA,49,50,52,9,812,yes,49,50
2025-05-21T16:01:44.943188,KXBTCD-25MAY2120-T108749.99,DELTA,49,50,52,9,813,yes,1,8000
2025-05-21T16:01:44.943247,KXBTCD-25MAY2120-T108749.99,DELTA,49,50,52,9,814,yes,48,-1000
2025-05-21T16:01:44.943304,KXBTCD-25MAY2120-T108749.99,DELTA,49,50,52,9,815,no,46,-1000
2025-05-21T16:01:44.943369,KXBTCD-25MAY2120-T108749.99,DELTA,49,50,52,9,816,no,30,-3000
2025-05-21T16:01:44.943427,KXBTCD-25MAY2120-T108749.99,DELTA,49,1050,52,9,817,yes,49,1000
2025-05-21T16:01:44.943483,KXBTCD-25MAY2120-T108749.99,DELTA,49,1000,52,9,818,yes,49,-50
2025-05-21T16:01:44.943538,KXBTCD-25MAY2120-T108749.99,DELTA,49,1000,52,9,819,yes,32,50
2025-05-21T16:01:44.943597,KXBTCD-25MAY2120-T108749.99,DELTA,49,1000,52,9,820,no,45,1000
2025-05-21T16:01:44.943652,KXBTCD-25MAY2120-T108749.99,DELTA,49,1000,52,9,821,no,22,3000
2025-05-21T16:01:44.943715,KXBTCD-25MAY2120-T108749.99,DELTA,49,1000,52,9,822,yes,32,-50
2025-05-21T16:01:44.943772,KXBTCD-25MAY2120-T108749.99,DELTA,50,50,52,9,823,yes,50,50
2025-05-21T16:01:44.943835,KXBTCD-25MAY2120-T108749.99,DELTA,50,50,52,9,824,yes,49,-1000
2025-05-21T16:01:44.943891,KXBTCD-25MAY2120-T108749.99,DELTA,50,50,52,9,825,yes,43,24
2025-05-21T16:01:44.943945,KXBTCD-25MAY2120-T108749.99,DELTA,50,50,52,9,826,yes,41,-24
2025-05-21T16:01:44.944001,KXBTCD-25MAY2120-T108749.99,DELTA,50,50,52,9,827,yes,9,-3600
2025-05-21T16:01:44.944056,KXBTCD-25MAY2120-T108749.99,DELTA,50,50,52,9,828,yes,11,2945
2025-05-21T16:01:44.944112,KXBTCD-25MAY2120-T108749.99,DELTA,50,50,52,9,829,yes,33,1000
2025-05-21T16:01:44.944166,KXBTCD-25MAY2120-T108749.99,DELTA,50,50,52,9,830,no,40,24
2025-05-21T16:01:44.944221,KXBTCD-25MAY2120-T108749.99,DELTA,50,50,52,9,831,no,41,-24
2025-05-21T16:01:44.944279,KXBTCD-25MAY2120-T108749.99,DELTA,50,50,52,9,832,yes,48,100
2025-05-21T16:01:44.944336,KXBTCD-25MAY2120-T108749.99,DELTA,50,50,52,9,833,no,45,-1000
2025-05-21T16:01:44.944390,KXBTCD-25MAY2120-T108749.99,DELTA,50,50,52,9,834,yes,33,-1000
2025-05-21T16:01:44.944448,KXBTCD-25MAY2120-T108749.99,DELTA,50,50,52,9,835,no,12,-2700
2025-05-21T16:01:44.944501,KXBTCD-25MAY2120-T108749.99,DELTA,50,50,52,9,836,no,14,2314
2025-05-21T16:01:44.944553,KXBTCD-25MAY2120-T108749.99,DELTA,50,50,52,9,837,no,42,1000
2025-05-21T16:01:44.944604,KXBTCD-25MAY2120-T108749.99,DELTA,50,50,52,9,838,yes,10,-20000
2025-05-21T16:01:44.944654,KXBTCD-25MAY2120-T108749.99,DELTA,50,1050,52,9,839,yes,50,1000
2025-05-21T16:01:44.944705,KXBTCD-25MAY2120-T108749.99,DELTA,50,1050,52,9,840,yes,2,20000
2025-05-21T16:01:44.944988,KXBTCD-25MAY2120-T108749.99,DELTA,50,1050,52,9,841,no,42,-1000
2025-05-21T16:01:44.945071,KXBTCD-25MAY2120-T108749.99,DELTA,50,1050,52,9,842,no,41,1000
2025-05-21T16:01:44.945133,KXBTCD-25MAY2120-T108749.99,DELTA,50,1050,52,9,843,no,13,-2000
2025-05-21T16:01:44.945193,KXBTCD-25MAY2120-T108749.99,DELTA,50,1050,52,9,844,no,15,2000
2025-05-21T16:01:44.945248,KXBTCD-25MAY2120-T108749.99,DELTA,50,1050,52,9,845,yes,48,-100
2025-05-21T16:01:44.945320,KXBTCD-25MAY2120-T108749.99,DELTA,50,1050,52,9,846,no,45,-100
2025-05-21T16:01:44.945381,KXBTCD-25MAY2120-T108749.99,DELTA,50,1050,52,9,847,no,47,-50
2025-05-21T16:01:44.945435,KXBTCD-25MAY2120-T108749.99,DELTA,50,1050,52,9,848,no,42,50
2025-05-21T16:01:44.945487,KXBTCD-25MAY2120-T108749.99,DELTA,50,1050,52,9,849,no,42,-50
2025-05-21T16:01:44.945541,KXBTCD-25MAY2120-T108749.99,DELTA,50,1050,52,9,850,no,47,50
2025-05-21T16:01:44.945592,KXBTCD-25MAY2120-T108749.99,DELTA,50,1000,52,9,851,yes,50,-50
2025-05-21T16:01:44.945643,KXBTCD-25MAY2120-T108749.99,DELTA,51,50,52,9,852,yes,51,50
2025-05-21T16:01:44.945693,KXBTCD-25MAY2120-T108749.99,DELTA,51,50,52,9,853,no,41,-9
2025-05-21T16:01:44.945744,KXBTCD-25MAY2120-T108749.99,DELTA,51,50,52,9,854,no,47,-50
2025-05-21T16:01:44.945796,KXBTCD-25MAY2120-T108749.99,DELTA,51,50,52,9,855,no,42,50
2025-05-21T16:01:44.945847,KXBTCD-25MAY2120-T108749.99,DELTA,51,50,52,9,856,no,41,-1000
2025-05-21T16:01:44.945900,KXBTCD-25MAY2120-T108749.99,DELTA,51,50,52,9,857,no,42,-50
2025-05-21T16:01:44.945952,KXBTCD-25MAY2120-T108749.99,DELTA,51,50,52,9,858,no,46,50
2025-05-21T16:01:44.946003,KXBTCD-25MAY2120-T108749.99,DELTA,51,50,52,9,859,yes,50,-1000
2025-05-21T16:01:44.946065,KXBTCD-25MAY2120-T108749.99,DELTA,51,50,52,9,860,no,41,1000
2025-05-21T16:01:44.946123,KXBTCD-25MAY2120-T108749.99,DELTA,51,50,52,9,861,yes,31,1000
2025-05-21T16:01:44.946172,KXBTCD-25MAY2120-T108749.99,DELTA,51,50,52,9,862,no,40,-104
2025-05-21T16:01:44.946222,KXBTCD-25MAY2120-T108749.99,DELTA,51,50,52,9,863,no,30,104
2025-05-21T16:01:44.946272,KXBTCD-25MAY2120-T108749.99,DELTA,51,50,52,9,864,no,41,-1000
2025-05-21T16:01:44.946321,KXBTCD-25MAY2120-T108749.99,DELTA,51,50,52,9,865,no,31,1000
2025-05-21T16:01:44.946372,KXBTCD-25MAY2120-T108749.99,DELTA,51,50,52,9,866,yes,50,100
2025-05-21T16:01:44.946421,KXBTCD-25MAY2120-T108749.99,DELTA,51,50,52,9,867,no,42,100
2025-05-21T16:01:44.946470,KXBTCD-25MAY2120-T108749.99,DELTA,51,50,52,9,868,yes,31,-1000
2025-05-21T16:01:44.946521,KXBTCD-25MAY2120-T108749.99,DELTA,51,50,52,9,869,no,31,-1000
2025-05-21T16:01:44.946569,KXBTCD-25MAY2120-T108749.99,DELTA,51,50,52,9,870,yes,50,1000
2025-05-21T16:01:44.946618,KXBTCD-25MAY2120-T108749.99,DELTA,51,50,52,9,871,no,43,1000
2025-05-21T16:01:44.946668,KXBTCD-25MAY2120-T108749.99,DELTA,51,50,52,9,872,yes,11,-2945
2025-05-21T16:01:44.946893,KXBTCD-25MAY2120-T108749.99,DELTA,51,50,52,9,873,yes,5,6480
2025-05-21T16:01:44.946952,KXBTCD-25MAY2120-T108749.99,DELTA,51,50,52,9,874,no,14,-2314
2025-05-21T16:01:44.947007,KXBTCD-25MAY2120-T108749.99,DELTA,51,50,52,9,875,no,4,8100
2025-05-21T16:01:44.947061,KXBTCD-25MAY2120-T108749.99,DELTA,51,50,52,9,876,yes,2,-20000
2025-05-21T16:01:44.947113,KXBTCD-25MAY2120-T108749.99,DELTA,51,50,52,9,877,no,42,-9
2025-05-21T16:01:44.947165,KXBTCD-25MAY2120-T108749.99,DELTA,51,50,54,50,878,no,48,-9
2025-05-21T16:01:44.947216,KXBTCD-25MAY2120-T108749.99,DELTA,51,50,53,9,879,no,47,9
2025-05-21T16:01:44.947266,KXBTCD-25MAY2120-T108749.99,DELTA,51,50,53,9,880,yes,6,20000
2025-05-21T16:01:44.947316,KXBTCD-25MAY2120-T108749.99,DELTA,51,50,53,9,881,no,5,20000
2025-05-21T16:01:44.947367,KXBTCD-25MAY2120-T108749.99,DELTA,51,50,53,9,882,no,15,-2000
2025-05-21T16:01:44.947423,KXBTCD-25MAY2120-T108749.99,DELTA,51,50,53,9,883,no,5,2000
2025-05-21T16:01:44.947473,KXBTCD-25MAY2120-T108749.99,DELTA,51,50,53,9,884,yes,50,-1000
2025-05-21T16:01:44.947523,KXBTCD-25MAY2120-T108749.99,DELTA,51,1050,53,9,885,yes,51,1000
2025-05-21T16:01:44.947573,KXBTCD-25MAY2120-T108749.99,DELTA,51,1000,53,9,886,yes,51,-50
2025-05-21T16:01:44.947623,KXBTCD-25MAY2120-T108749.99,DELTA,52,50,53,9,887,yes,52,50
2025-05-21T16:01:44.947670,KXBTCD-25MAY2120-T108749.99,DELTA,52,50,53,9,888,yes,50,-100
2025-05-21T16:01:44.947720,KXBTCD-25MAY2120-T108749.99,DELTA,52,50,53,9,889,yes,51,-1000
2025-05-21T16:01:44.947769,KXBTCD-25MAY2120-T108749.99,DELTA,52,50,53,9,890,yes,31,1000
2025-05-21T16:01:44.947818,KXBTCD-25MAY2120-T108749.99,DELTA,52,50,53,9,891,yes,50,100
2025-05-21T16:01:44.947866,KXBTCD-25MAY2120-T108749.99,DELTA,52,50,53,9,892,yes,31,-1000
2025-05-21T16:01:44.947915,KXBTCD-25MAY2120-T108749.99,DELTA,52,50,53,9,893,yes,51,1000
2025-05-21T16:01:45.605543,KXBTCD-25MAY2120-T108749.99,DELTA,52,50,53,9,894,yes,5,-6480
2025-05-21T16:01:45.607593,KXBTCD-25MAY2120-T108749.99,DELTA,52,50,53,9,895,yes,7,4628
2025-05-21T16:01:45.665501,KXBTCD-25MAY2120-T108749.99,DELTA,52,50,53,9,896,no,4,-8100
2025-05-21T16:01:45.666252,KXBTCD-25MAY2120-T108749.99,DELTA,52,50,53,9,897,no,6,5400
2025-05-21T16:01:45.685914,KXBTCD-25MAY2120-T108749.99,DELTA,52,50,53,9,898,yes,6,-20000
2025-05-21T16:01:45.724452,KXBTCD-25MAY2120-T108749.99,DELTA,52,50,53,9,899,yes,8,20000
2025-05-21T16:01:45.747120,KXBTCD-25MAY2120-T108749.99,DELTA,52,50,53,9,900,no,5,-20000
2025-05-21T16:01:45.747495,KXBTCD-25MAY2120-T108749.99,DELTA,52,50,53,9,901,no,5,-2000
2025-05-21T16:01:45.785840,KXBTCD-25MAY2120-T108749.99,DELTA,52,50,53,9,902,no,7,20000
2025-05-21T16:01:45.805919,KXBTCD-25MAY2120-T108749.99,DELTA,52,50,53,9,903,no,7,2000
2025-05-21T16:01:47.090459,KXBTCD-25MAY2120-T108749.99,DELTA,52,40,53,9,904,yes,52,-10
2025-05-21T16:01:47.091420,KXBTCD-25MAY2120-T108749.99,DELTA,52,40,53,9,905,yes,43,-24
2025-05-21T16:01:47.094113,KXBTCD-25MAY2120-T108749.99,DELTA,52,40,53,9,906,yes,45,24
2025-05-21T16:01:47.094922,KXBTCD-25MAY2120-T108749.99,DELTA,52,40,53,9,907,no,40,-24
2025-05-21T16:01:47.095711,KXBTCD-25MAY2120-T108749.99,DELTA,52,40,53,9,908,no,38,24
2025-05-21T16:01:47.096330,KXBTCD-25MAY2120-T108749.99,DELTA,52,40,53,9,909,no,46,-50
2025-05-21T16:01:47.097062,KXBTCD-25MAY2120-T108749.99,DELTA,51,1000,53,9,910,yes,52,-40
2025-05-21T16:01:47.097518,KXBTCD-25MAY2120-T108749.99,DELTA,51,1000,53,9,911,no,43,-1000
2025-05-21T16:01:47.097875,KXBTCD-25MAY2120-T108749.99,DELTA,51,1000,53,9,912,no,42,1000
2025-05-21T16:01:47.098910,KXBTCD-25MAY2120-T108749.99,DELTA,51,1000,53,9,913,no,43,50
2025-05-21T16:01:47.099335,KXBTCD-25MAY2120-T108749.99,DELTA,52,50,53,9,914,yes,52,50
2025-05-21T16:01:47.099576,KXBTCD-25MAY2120-T108749.99,DELTA,52,50,53,9,915,no,43,-50
2025-05-21T16:01:47.099769,KXBTCD-25MAY2120-T108749.99,DELTA,51,1000,53,9,916,yes,52,-50
2025-05-21T16:01:47.107279,KXBTCD-25MAY2120-T108749.99,DELTA,50,100,53,9,917,yes,51,-1000
2025-05-21T16:01:47.274777,KXBTCD-25MAY2120-T108749.99,DELTA,50,100,53,9,918,no,42,-1000
2025-05-21T16:01:47.275651,KXBTCD-25MAY2120-T108749.99,DELTA,50,100,58,100,919,no,47,-9
2025-05-21T16:01:47.276207,KXBTCD-25MAY2120-T108749.99,DELTA,53,991,58,100,920,yes,53,991
2025-05-21T16:01:47.276656,KXBTCD-25MAY2120-T108749.99,DELTA,53,991,58,100,921,no,31,1000
2025-05-21T16:01:47.277232,KXBTCD-25MAY2120-T108749.99,DELTA,50,100,58,100,922,yes,53,-991
2025-05-21T16:01:48.058677,KXBTCD-25MAY2120-T108749.99,DELTA,51,1000,58,100,923,yes,51,1000
2025-05-21T16:01:48.059774,KXBTCD-25MAY2120-T108749.99,DELTA,51,1000,58,100,924,yes,50,-100
2025-05-21T16:01:48.060894,KXBTCD-25MAY2120-T108749.99,DELTA,51,1000,58,100,925,yes,7,-4628
2025-05-21T16:01:48.061873,KXBTCD-25MAY2120-T108749.99,DELTA,51,1000,58,100,926,yes,9,3600
2025-05-21T16:01:48.063041,KXBTCD-25MAY2120-T108749.99,DELTA,51,1000,58,100,927,no,6,-5400
2025-05-21T16:01:48.063697,KXBTCD-25MAY2120-T108749.99,DELTA,51,1000,58,100,928,no,8,4050
2025-05-21T16:01:48.064182,KXBTCD-25MAY2120-T108749.99,DELTA,45,24,58,100,929,yes,51,-1000
2025-05-21T16:01:48.064761,KXBTCD-25MAY2120-T108749.99,DELTA,45,24,58,100,930,yes,31,1000
2025-05-21T16:01:48.065427,KXBTCD-25MAY2120-T108749.99,DELTA,45,24,58,100,931,no,32,9
2025-05-21T16:01:48.066030,KXBTCD-25MAY2120-T108749.99,DELTA,45,24,58,100,932,yes,8,-20000
2025-05-21T16:01:48.066491,KXBTCD-25MAY2120-T108749.99,DELTA,45,24,58,100,933,no,7,-20000
2025-05-21T16:01:48.066871,KXBTCD-25MAY2120-T108749.99,DELTA,45,24,58,100,934,no,7,-2000
2025-05-21T16:01:48.067222,KXBTCD-25MAY2120-T108749.99,DELTA,45,24,58,100,935,yes,10,20000
2025-05-21T16:01:48.067699,KXBTCD-25MAY2120-T108749.99,DELTA,45,24,58,100,936,no,9,20000
2025-05-21T16:01:48.068383,KXBTCD-25MAY2120-T108749.99,DELTA,45,24,58,100,937,no,9,2000
2025-05-21T16:01:48.087206,KXBTCD-25MAY2120-T108749.99,DELTA,45,24,57,50,938,no,43,50
2025-05-21T16:01:48.108204,KXBTCD-25MAY2120-T108749.99,DELTA,45,24,57,50,939,yes,32,50
2025-05-21T16:01:48.125710,KXBTCD-25MAY2120-T108749.99,DELTA,45,24,58,100,940,no,43,-50
2025-05-21T16:01:48.154515,KXBTCD-25MAY2120-T108749.99,DELTA,45,24,58,100,941,yes,32,-50
2025-05-21T16:01:48.227125,KXBTCD-25MAY2120-T108749.99,DELTA,45,24,58,100,942,yes,31,-1000
2025-05-21T16:01:48.310726,KXBTCD-25MAY2120-T108749.99,DELTA,45,24,58,100,943,yes,31,1000
2025-05-21T16:01:48.426981,KXBTCD-25MAY2120-T108749.99,DELTA,45,24,57,9,944,no,43,9
2025-05-21T16:01:48.446166,KXBTCD-25MAY2120-T108749.99,DELTA,45,24,57,9,945,yes,32,9
2025-05-21T16:01:48.555249,KXBTCD-25MAY2120-T108749.99,DELTA,45,24,57,9,946,no,42,-100
2025-05-21T16:01:48.707073,KXBTCD-25MAY2120-T108749.99,DELTA,51,100,57,9,947,yes,51,100
2025-05-21T16:01:48.785780,KXBTCD-25MAY2120-T108749.99,DELTA,51,100,57,9,948,yes,31,-1000
2025-05-21T16:01:48.806923,KXBTCD-25MAY2120-T108749.99,DELTA,51,100,57,9,949,yes,46,9
2025-05-21T16:01:48.827406,KXBTCD-25MAY2120-T108749.99,DELTA,52,1000,57,9,950,yes,52,1000
2025-05-21T16:01:49.088982,KXBTCD-25MAY2120-T108749.99,DELTA,52,1000,57,9,951,yes,9,-3600
2025-05-21T16:01:49.089277,KXBTCD-25MAY2120-T108749.99,DELTA,52,1000,57,9,952,yes,11,2945
2025-05-21T16:01:49.127746,KXBTCD-25MAY2120-T108749.99,DELTA,52,1000,57,9,953,no,8,-4050
2025-05-21T16:01:49.128519,KXBTCD-25MAY2120-T108749.99,DELTA,52,1000,57,9,954,no,10,3240
2025-05-21T16:01:49.168894,KXBTCD-25MAY2120-T108749.99,DELTA,52,1000,57,9,955,no,32,50
2025-05-21T16:01:49.187415,KXBTCD-25MAY2120-T108749.99,DELTA,53,50,57,9,956,yes,53,50
2025-05-21T16:01:49.206149,KXBTCD-25MAY2120-T108749.99,DELTA,53,50,57,9,957,yes,10,-20000
2025-05-21T16:01:49.245914,KXBTCD-25MAY2120-T108749.99,DELTA,53,50,57,9,958,no,9,-20000
2025-05-21T16:01:49.265933,KXBTCD-25MAY2120-T108749.99,DELTA,53,50,57,9,959,no,9,-2000
2025-05-21T16:01:49.266768,KXBTCD-25MAY2120-T108749.99,DELTA,53,50,57,9,960,no,41,100
2025-05-21T16:01:49.307088,KXBTCD-25MAY2120-T108749.99,DELTA,53,50,59,100,961,no,43,-9
2025-05-21T16:01:49.307770,KXBTCD-25MAY2120-T108749.99,DELTA,53,50,59,100,962,yes,52,-1000
2025-05-21T16:01:49.308324,KXBTCD-25MAY2120-T108749.99,DELTA,53,50,59,100,963,yes,2,20000
2025-05-21T16:01:49.326033,KXBTCD-25MAY2120-T108749.99,DELTA,53,50,59,100,964,yes,32,-9
2025-05-21T16:01:49.326725,KXBTCD-25MAY2120-T108749.99,DELTA,53,50,59,100,965,no,31,-1000
2025-05-21T16:01:49.327272,KXBTCD-25MAY2120-T108749.99,DELTA,53,50,59,100,966,no,11,20000
2025-05-21T16:01:49.327756,KXBTCD-25MAY2120-T108749.99,DELTA,53,50,59,100,967,no,11,2000
2025-05-21T16:01:49.345903,KXBTCD-25MAY2120-T108749.99,DELTA,53,50,59,100,968,no,32,-50
2025-05-21T16:01:49.346829,KXBTCD-25MAY2120-T108749.99,DELTA,53,50,58,50,969,no,42,50
2025-05-21T16:01:49.366593,KXBTCD-25MAY2120-T108749.99,DELTA,53,1050,58,50,970,yes,53,1000
2025-05-21T16:01:49.367132,KXBTCD-25MAY2120-T108749.99,DELTA,53,1050,58,50,971,no,41,1000
2025-05-21T16:01:49.428524,KXBTCD-25MAY2120-T108749.99,DELTA,53,1000,58,50,972,yes,53,-50
2025-05-21T16:01:49.429178,KXBTCD-25MAY2120-T108749.99,DELTA,54,50,58,50,973,yes,54,50
2025-05-21T16:01:49.507776,KXBTCD-25MAY2120-T108749.99,DELTA,54,50,58,50,974,yes,53,-1000
2025-05-21T16:01:49.561989,KXBTCD-25MAY2120-T108749.99,DELTA,54,50,58,50,975,yes,52,1000
2025-05-21T16:01:49.688479,KXBTCD-25MAY2120-T108749.99,DELTA,54,50,58,50,976,no,32,-9
2025-05-21T16:01:50.307087,KXBTCD-25MAY2120-T108749.99,DELTA,54,50,58,50,977,yes,11,-2945
2025-05-21T16:01:50.307428,KXBTCD-25MAY2120-T108749.99,DELTA,54,50,58,50,978,yes,5,6480
2025-05-21T16:01:50.455499,KXBTCD-25MAY2120-T108749.99,DELTA,54,50,58,50,979,yes,52,-1000
2025-05-21T16:01:50.455646,KXBTCD-25MAY2120-T108749.99,DELTA,54,50,58,50,980,no,41,-1000
2025-05-21T16:01:50.455710,KXBTCD-25MAY2120-T108749.99,DELTA,54,50,58,50,981,no,10,-3240
2025-05-21T16:01:50.455761,KXBTCD-25MAY2120-T108749.99,DELTA,54,50,58,50,982,no,12,2700
2025-05-21T16:01:50.455811,KXBTCD-25MAY2120-T108749.99,DELTA,54,50,58,50,983,no,31,1000
2025-05-21T16:01:50.455930,KXBTCD-25MAY2120-T108749.99,DELTA,54,1050,58,50,984,yes,54,1000
2025-05-21T16:01:50.456009,KXBTCD-25MAY2120-T108749.99,DELTA,54,1050,58,50,985,yes,46,-9
2025-05-21T16:01:50.456120,KXBTCD-25MAY2120-T108749.99,DELTA,54,1050,58,50,986,yes,2,-20000
2025-05-21T16:01:50.456194,KXBTCD-25MAY2120-T108749.99,DELTA,54,1050,58,50,987,no,11,-20000
2025-05-21T16:01:50.456254,KXBTCD-25MAY2120-T108749.99,DELTA,54,1050,58,50,988,no,11,-2000
2025-05-21T16:01:50.456303,KXBTCD-25MAY2120-T108749.99,DELTA,54,1000,58,50,989,yes,54,-50
2025-05-21T16:01:50.456349,KXBTCD-25MAY2120-T108749.99,DELTA,55,50,58,50,990,yes,55,50
2025-05-21T16:01:51.311937,KXBTCD-25MAY2120-T108749.99,DELTA,55,50,58,50,991,yes,51,-100
2025-05-21T16:01:51.312558,KXBTCD-25MAY2120-T108749.99,DELTA,55,50,58,50,992,no,13,2000
2025-05-21T16:01:51.312934,KXBTCD-25MAY2120-T108749.99,DELTA,55,50,58,50,993,yes,6,20000
2025-05-21T16:01:51.313284,KXBTCD-25MAY2120-T108749.99,DELTA,55,50,58,50,994,yes,54,-1000
2025-05-21T16:01:51.317444,KXBTCD-25MAY2120-T108749.99,DELTA,55,50,58,50,995,yes,31,1000
2025-05-21T16:01:51.318183,KXBTCD-25MAY2120-T108749.99,DELTA,55,50,58,50,996,no,31,-1000
2025-05-21T16:01:51.346404,KXBTCD-25MAY2120-T108749.99,DELTA,55,50,58,50,997,no,41,1000
2025-05-21T16:01:51.428749,KXBTCD-25MAY2120-T108749.99,DELTA,55,50,58,50,998,yes,46,9
2025-05-21T16:01:51.429690,KXBTCD-25MAY2120-T108749.99,DELTA,55,50,58,50,999,no,31,9
2025-05-21T16:01:51.546610,KXBTCD-25MAY2120-T108749.99,DELTA,55,50,58,50,1000,yes,5,-6480
2025-05-21T16:01:51.547533,KXBTCD-25MAY2120-T108749.99,DELTA,55,50,58,50,1001,yes,7,4628
2025-05-21T16:01:51.605932,KXBTCD-25MAY2120-T108749.99,DELTA,55,50,58,50,1002,no,12,-2700
2025-05-21T16:01:51.606794,KXBTCD-25MAY2120-T108749.99,DELTA,55,50,58,50,1003,no,13,2492
2025-05-21T16:01:51.607862,KXBTCD-25MAY2120-T108749.99,DELTA,55,50,58,50,1004,yes,51,100
2025-05-21T16:01:51.608364,KXBTCD-25MAY2120-T108749.99,DELTA,55,50,58,50,1005,yes,6,-20000
2025-05-21T16:01:51.646517,KXBTCD-25MAY2120-T108749.99,DELTA,55,50,58,50,1006,yes,8,20000
2025-05-21T16:01:51.685321,KXBTCD-25MAY2120-T108749.99,DELTA,55,50,58,50,1007,no,13,-2000
2025-05-21T16:01:51.686685,KXBTCD-25MAY2120-T108749.99,DELTA,55,50,58,50,1008,yes,31,-1000
2025-05-21T16:01:51.728258,KXBTCD-25MAY2120-T108749.99,DELTA,55,50,58,50,1009,no,14,2000
2025-05-21T16:01:51.746036,KXBTCD-25MAY2120-T108749.99,DELTA,55,50,58,50,1010,yes,52,1000
2025-05-21T16:01:52.526985,KXBTCD-25MAY2120-T108749.99,DELTA,55,50,58,50,1011,yes,51,-100
2025-05-21T16:01:52.622144,KXBTCD-25MAY2120-T108749.99,DELTA,55,50,58,50,1012,yes,52,-1000
2025-05-21T16:01:52.647726,KXBTCD-25MAY2120-T108749.99,DELTA,55,50,58,50,1013,yes,46,-9
2025-05-21T16:01:52.648442,KXBTCD-25MAY2120-T108749.99,DELTA,55,50,58,50,1014,no,31,-9
2025-05-21T16:01:52.648956,KXBTCD-25MAY2120-T108749.99,DELTA,55,50,58,50,1015,yes,31,1000
2025-05-21T16:01:52.927316,KXBTCD-25MAY2120-T108749.99,DELTA,55,50,58,50,1016,yes,7,-4628
2025-05-21T16:01:52.928264,KXBTCD-25MAY2120-T108749.99,DELTA,55,50,58,50,1017,yes,9,3600
2025-05-21T16:01:52.986915,KXBTCD-25MAY2120-T108749.99,DELTA,55,50,58,50,1018,no,13,-2492
2025-05-21T16:01:52.987861,KXBTCD-25MAY2120-T108749.99,DELTA,55,50,58,50,1019,no,4,8100
2025-05-21T16:01:53.023100,KXBTCD-25MAY2120-T108749.99,DELTA,55,50,58,50,1020,yes,8,-20000
2025-05-21T16:01:53.047318,KXBTCD-25MAY2120-T108749.99,DELTA,55,50,58,50,1021,yes,10,20000
2025-05-21T16:01:53.068077,KXBTCD-25MAY2120-T108749.99,DELTA,55,50,58,50,1022,no,5,20000
2025-05-21T16:01:53.231750,KXBTCD-25MAY2120-T108749.99,DELTA,55,50,58,50,1023,no,14,-2000
2025-05-21T16:01:53.278334,KXBTCD-25MAY2120-T108749.99,DELTA,55,50,58,50,1024,no,5,2000
2025-05-21T16:01:53.706852,KXBTCD-25MAY2120-T108749.99,DELTA,55,50,58,50,1025,yes,52,100
2025-05-21T16:01:53.787846,KXBTCD-25MAY2120-T108749.99,DELTA,55,50,58,50,1026,yes,31,-1000
2025-05-21T16:01:53.806146,KXBTCD-25MAY2120-T108749.99,DELTA,55,50,58,50,1027,yes,46,9
2025-05-21T16:01:53.828992,KXBTCD-25MAY2120-T108749.99,DELTA,55,50,58,50,1028,yes,53,1000
2025-05-21T16:01:55.186496,KXBTCD-25MAY2120-T108749.99,DELTA,55,50,58,50,1029,no,41,-1000
2025-05-21T16:01:55.206769,KXBTCD-25MAY2120-T108749.99,DELTA,53,1000,58,50,1030,yes,55,-50
2025-05-21T16:01:55.207248,KXBTCD-25MAY2120-T108749.99,DELTA,54,50,58,50,1031,yes,54,50
2025-05-21T16:01:55.226211,KXBTCD-25MAY2120-T108749.99,DELTA,54,50,58,50,1032,no,31,1000
2025-05-21T16:01:55.246138,KXBTCD-25MAY2120-T108749.99,DELTA,53,1000,58,50,1033,yes,54,-50
2025-05-21T16:01:55.246424,KXBTCD-25MAY2120-T108749.99,DELTA,55,50,58,50,1034,yes,55,50
2025-05-21T16:01:55.286175,KXBTCD-25MAY2120-T108749.99,DELTA,55,50,58,50,1035,yes,53,-1000
2025-05-21T16:01:55.287019,KXBTCD-25MAY2120-T108749.99,DELTA,52,100,58,50,1036,yes,55,-50
2025-05-21T16:01:55.287616,KXBTCD-25MAY2120-T108749.99,DELTA,54,50,58,50,1037,yes,54,50
2025-05-21T16:01:55.306918,KXBTCD-25MAY2120-T108749.99,DELTA,54,50,58,50,1038,no,31,9
2025-05-21T16:01:55.307741,KXBTCD-25MAY2120-T108749.99,DELTA,54,50,58,50,1039,yes,46,-9
2025-05-21T16:01:55.325987,KXBTCD-25MAY2120-T108749.99,DELTA,54,50,58,50,1040,yes,53,1000
2025-05-21T16:01:55.344988,KXBTCD-25MAY2120-T108749.99,DELTA,53,1000,58,50,1041,yes,54,-50
2025-05-21T16:01:55.345303,KXBTCD-25MAY2120-T108749.99,DELTA,55,50,58,50,1042,yes,55,50
2025-05-21T16:01:55.366913,KXBTCD-25MAY2120-T108749.99,DELTA,55,50,58,50,1043,yes,53,-1000
2025-05-21T16:01:55.386212,KXBTCD-25MAY2120-T108749.99,DELTA,52,100,58,50,1044,yes,55,-50
2025-05-21T16:01:55.386869,KXBTCD-25MAY2120-T108749.99,DELTA,54,50,58,50,1045,yes,54,50
2025-05-21T16:01:55.405222,KXBTCD-25MAY2120-T108749.99,DELTA,54,1050,58,50,1046,yes,54,1000
2025-05-21T16:01:55.426741,KXBTCD-25MAY2120-T108749.99,DELTA,54,1000,58,50,1047,yes,54,-50
2025-05-21T16:01:55.427060,KXBTCD-25MAY2120-T108749.99,DELTA,55,50,58,50,1048,yes,55,50
2025-05-21T16:01:55.466618,KXBTCD-25MAY2120-T108749.99,DELTA,55,50,58,50,1049,yes,54,-1000
2025-05-21T16:01:55.527618,KXBTCD-25MAY2120-T108749.99,DELTA,55,50,58,50,1050,yes,53,1000
2025-05-21T16:01:55.965534,KXBTCD-25MAY2120-T108749.99,DELTA,55,50,58,50,1051,no,31,-1000
2025-05-21T16:01:56.006063,KXBTCD-25MAY2120-T108749.99,DELTA,55,50,58,50,1052,no,41,1000
2025-05-21T16:01:56.106170,KXBTCD-25MAY2120-T108749.99,DELTA,53,1000,58,50,1053,yes,55,-50
2025-05-21T16:01:56.106448,KXBTCD-25MAY2120-T108749.99,DELTA,54,50,58,50,1054,yes,54,50
2025-05-21T16:01:56.246807,KXBTCD-25MAY2120-T108749.99,DELTA,54,50,58,50,1055,yes,53,-1000
2025-05-21T16:01:56.247337,KXBTCD-25MAY2120-T108749.99,DELTA,54,50,58,50,1056,no,41,-1000
2025-05-21T16:01:56.305390,KXBTCD-25MAY2120-T108749.99,DELTA,54,50,58,50,1057,yes,52,1000
2025-05-21T16:01:56.466551,KXBTCD-25MAY2120-T108749.99,DELTA,54,50,58,1050,1058,no,42,1000
2025-05-21T16:01:56.525800,KXBTCD-25MAY2120-T108749.99,DELTA,54,50,58,1000,1059,no,42,-50
2025-05-21T16:01:56.526320,KXBTCD-25MAY2120-T108749.99,DELTA,54,50,57,50,1060,no,43,50
2025-05-21T16:01:56.626732,KXBTCD-25MAY2120-T108749.99,DELTA,54,50,57,50,1061,yes,52,-1000
2025-05-21T16:01:56.668522,KXBTCD-25MAY2120-T108749.99,DELTA,54,50,57,50,1062,yes,53,1000
2025-05-21T16:01:56.711498,KXBTCD-25MAY2120-T108749.99,DELTA,54,50,57,50,1063,yes,9,-3600
2025-05-21T16:01:56.711959,KXBTCD-25MAY2120-T108749.99,DELTA,54,50,57,50,1064,yes,11,2945
2025-05-21T16:01:56.802379,KXBTCD-25MAY2120-T108749.99,DELTA,54,50,57,50,1065,no,4,-8100
2025-05-21T16:01:56.802912,KXBTCD-25MAY2120-T108749.99,DELTA,54,50,57,50,1066,no,6,5400
2025-05-21T16:01:56.803602,KXBTCD-25MAY2120-T108749.99,DELTA,54,50,57,50,1067,yes,10,-20000
2025-05-21T16:01:56.831496,KXBTCD-25MAY2120-T108749.99,DELTA,54,50,57,50,1068,no,5,-20000
2025-05-21T16:01:56.831813,KXBTCD-25MAY2120-T108749.99,DELTA,54,50,57,50,1069,no,5,-2000
2025-05-21T16:01:56.831992,KXBTCD-25MAY2120-T108749.99,DELTA,54,50,57,50,1070,yes,2,20000
2025-05-21T16:01:56.871061,KXBTCD-25MAY2120-T108749.99,DELTA,54,50,57,50,1071,no,31,-9
2025-05-21T16:01:56.888035,KXBTCD-25MAY2120-T108749.99,DELTA,54,50,57,50,1072,no,7,2000
2025-05-21T16:01:56.888366,KXBTCD-25MAY2120-T108749.99,DELTA,54,50,57,50,1073,no,7,20000
2025-05-21T16:01:57.506247,KXBTCD-25MAY2120-T108749.99,DELTA,54,50,57,50,1074,no,42,-1000
2025-05-21T16:01:57.566879,KXBTCD-25MAY2120-T108749.99,DELTA,54,50,57,50,1075,no,41,1000
2025-05-21T16:01:57.567155,KXBTCD-25MAY2120-T108749.99,DELTA,54,50,59,1100,1076,no,43,-50
2025-05-21T16:01:57.567315,KXBTCD-25MAY2120-T108749.99,DELTA,54,50,58,50,1077,no,42,50
2025-05-21T16:01:57.604934,KXBTCD-25MAY2120-T108749.99,DELTA,54,50,58,50,1078,no,31,9
2025-05-21T16:01:58.006089,KXBTCD-25MAY2120-T108749.99,DELTA,54,50,58,50,1079,no,41,-1000
2025-05-21T16:01:58.066649,KXBTCD-25MAY2120-T108749.99,DELTA,54,50,58,1050,1080,no,42,1000
2025-05-21T16:01:58.126350,KXBTCD-25MAY2120-T108749.99,DELTA,54,50,58,1000,1081,no,42,-50
2025-05-21T16:01:58.127320,KXBTCD-25MAY2120-T108749.99,DELTA,54,50,57,50,1082,no,43,50
2025-05-21T16:01:58.388686,KXBTCD-25MAY2120-T108749.99,DELTA,54,50,57,50,1083,no,42,-1000
2025-05-21T16:01:58.427512,KXBTCD-25MAY2120-T108749.99,DELTA,54,50,57,50,1084,no,41,1000
2025-05-21T16:01:58.446963,KXBTCD-25MAY2120-T108749.99,DELTA,54,50,59,1100,1085,no,43,-50
2025-05-21T16:01:58.447866,KXBTCD-25MAY2120-T108749.99,DELTA,54,50,58,50,1086,no,42,50
2025-05-21T16:01:58.666450,KXBTCD-25MAY2120-T108749.99,DELTA,54,50,58,50,1087,yes,53,-1000
2025-05-21T16:01:58.686749,KXBTCD-25MAY2120-T108749.99,DELTA,54,50,58,50,1088,no,41,-1000
2025-05-21T16:01:58.727084,KXBTCD-25MAY2120-T108749.99,DELTA,54,50,58,50,1089,yes,52,1000
2025-05-21T16:01:58.727663,KXBTCD-25MAY2120-T108749.99,DELTA,54,50,58,1050,1090,no,42,1000
2025-05-21T16:01:58.806703,KXBTCD-25MAY2120-T108749.99,DELTA,54,50,58,1050,1091,yes,52,-1000
2025-05-21T16:01:58.807431,KXBTCD-25MAY2120-T108749.99,DELTA,54,50,58,50,1092,no,42,-1000
2025-05-21T16:01:58.827085,KXBTCD-25MAY2120-T108749.99,DELTA,54,50,59,100,1093,no,42,-50
2025-05-21T16:01:58.828016,KXBTCD-25MAY2120-T108749.99,DELTA,54,50,57,50,1094,no,43,50
2025-05-21T16:01:58.866756,KXBTCD-25MAY2120-T108749.99,DELTA,54,50,59,100,1095,no,43,-50
2025-05-21T16:01:58.867277,KXBTCD-25MAY2120-T108749.99,DELTA,54,50,58,50,1096,no,42,50
2025-05-21T16:01:58.929072,KXBTCD-25MAY2120-T108749.99,DELTA,54,50,57,1000,1097,no,43,1000
2025-05-21T16:01:58.957990,KXBTCD-25MAY2120-T108749.99,DELTA,54,50,57,1000,1098,yes,31,1000
2025-05-21T16:01:58.985216,KXBTCD-25MAY2120-T108749.99,DELTA,54,50,57,1000,1099,no,42,-50
2025-05-21T16:01:58.986208,KXBTCD-25MAY2120-T108749.99,DELTA,54,50,56,50,1100,no,44,50
2025-05-21T16:01:59.067733,KXBTCD-25MAY2120-T108749.99,DELTA,54,50,56,50,1101,no,43,-1000
2025-05-21T16:01:59.106554,KXBTCD-25MAY2120-T108749.99,DELTA,54,50,56,1050,1102,no,44,1000
2025-05-21T16:01:59.147258,KXBTCD-25MAY2120-T108749.99,DELTA,52,100,56,1050,1103,yes,54,-50
2025-05-21T16:01:59.147770,KXBTCD-25MAY2120-T108749.99,DELTA,53,50,56,1050,1104,yes,53,50
2025-05-21T16:01:59.148081,KXBTCD-25MAY2120-T108749.99,DELTA,53,50,56,50,1105,no,44,-1000
2025-05-21T16:01:59.186083,KXBTCD-25MAY2120-T108749.99,DELTA,53,50,56,50,1106,no,42,1000
2025-05-21T16:01:59.206274,KXBTCD-25MAY2120-T108749.99,DELTA,53,50,58,1000,1107,no,44,-50
2025-05-21T16:01:59.206802,KXBTCD-25MAY2120-T108749.99,DELTA,53,50,58,1050,1108,no,42,50
2025-05-21T16:01:59.267933,KXBTCD-25MAY2120-T108749.99,DELTA,53,50,58,1050,1109,yes,46,9
2025-05-21T16:01:59.268377,KXBTCD-25MAY2120-T108749.99,DELTA,53,50,58,1000,1110,no,42,-50
2025-05-21T16:01:59.268584,KXBTCD-25MAY2120-T108749.99,DELTA,53,50,57,50,1111,no,43,50
2025-05-21T16:01:59.285339,KXBTCD-25MAY2120-T108749.99,DELTA,53,50,57,50,1112,no,42,-1000
2025-05-21T16:01:59.347743,KXBTCD-25MAY2120-T108749.99,DELTA,53,50,57,1050,1113,no,43,1000
2025-05-21T16:01:59.348474,KXBTCD-25MAY2120-T108749.99,DELTA,53,50,57,1000,1114,no,43,-50
2025-05-21T16:01:59.348855,KXBTCD-25MAY2120-T108749.99,DELTA,53,50,57,1000,1115,no,42,50
2025-05-21T16:01:59.349350,KXBTCD-25MAY2120-T108749.99,DELTA,53,50,57,1000,1116,yes,11,-2945
2025-05-21T16:01:59.349722,KXBTCD-25MAY2120-T108749.99,DELTA,53,50,57,1000,1117,yes,5,6480
2025-05-21T16:01:59.406477,KXBTCD-25MAY2120-T108749.99,DELTA,53,50,57,1000,1118,no,42,-50
2025-05-21T16:01:59.406982,KXBTCD-25MAY2120-T108749.99,DELTA,53,50,56,50,1119,no,44,50
2025-05-21T16:01:59.407364,KXBTCD-25MAY2120-T108749.99,DELTA,53,50,56,50,1120,no,6,-5400
2025-05-21T16:01:59.407630,KXBTCD-25MAY2120-T108749.99,DELTA,53,50,56,50,1121,no,8,4050
2025-05-21T16:01:59.428579,KXBTCD-25MAY2120-T108749.99,DELTA,53,50,56,50,1122,yes,2,-20000
2025-05-21T16:01:59.469608,KXBTCD-25MAY2120-T108749.99,DELTA,53,50,56,50,1123,yes,6,20000
