timestamp,market_ticker,type,yes_bid_price_cents,yes_bid_qty,yes_ask_price_cents,yes_ask_qty_on_no_side,sequence_num,delta_side,delta_price_cents,delta_quantity
2025-05-22T15:01:37.617362,KXBTCD-25MAY2219-T111249.99,SNAPSHOT,30,1000,36,114,1,,,
2025-05-22T15:01:37.623472,KXBTCD-25MAY2219-T111249.99,DELTA,30,1000,36,114,2,no,10,-3240
2025-05-22T15:01:37.624174,KXBTCD-25MAY2219-T111249.99,DELTA,30,1000,36,114,3,no,12,2700
2025-05-22T15:01:37.642213,KXBTCD-25MAY2219-T111249.99,DELTA,30,1000,36,114,4,yes,3,-20000
2025-05-22T15:01:37.662754,KXBTCD-25MAY2219-T111249.99,DELTA,30,1000,36,114,5,yes,3,-2000
2025-05-22T15:01:37.682483,KXBTCD-25MAY2219-T111249.99,DELTA,30,1000,36,114,6,no,11,-20000
2025-05-22T15:01:37.702879,KXBTCD-25MAY2219-T111249.99,DELTA,30,1000,36,114,7,yes,2,2000
2025-05-22T15:01:37.703202,KXBTCD-25MAY2219-T111249.99,DELTA,30,1000,36,114,8,yes,2,20000
2025-05-22T15:01:37.741899,KXBTCD-25MAY2219-T111249.99,DELTA,30,1000,36,114,9,no,5,20000
2025-05-22T15:01:38.901957,KXBTCD-25MAY2219-T111249.99,DELTA,30,1000,36,114,10,yes,1,-32400
2025-05-22T15:01:38.902248,KXBTCD-25MAY2219-T111249.99,DELTA,30,1000,36,114,11,yes,5,6480
2025-05-22T15:01:38.962419,KXBTCD-25MAY2219-T111249.99,DELTA,30,1000,36,114,12,no,12,-2700
2025-05-22T15:01:38.962722,KXBTCD-25MAY2219-T111249.99,DELTA,30,1000,36,114,13,no,6,5400
2025-05-22T15:01:38.962875,KXBTCD-25MAY2219-T111249.99,DELTA,30,1000,36,114,14,yes,2,-20000
2025-05-22T15:01:38.963002,KXBTCD-25MAY2219-T111249.99,DELTA,30,1000,36,114,15,yes,2,-2000
2025-05-22T15:01:39.002477,KXBTCD-25MAY2219-T111249.99,DELTA,30,1000,36,114,16,yes,6,20000
2025-05-22T15:01:39.002733,KXBTCD-25MAY2219-T111249.99,DELTA,30,1000,36,114,17,yes,6,2000
2025-05-22T15:01:39.022989,KXBTCD-25MAY2219-T111249.99,DELTA,30,1000,36,114,18,no,5,-20000
2025-05-22T15:01:39.062907,KXBTCD-25MAY2219-T111249.99,DELTA,30,1000,36,114,19,no,7,20000
2025-05-22T15:01:39.263351,KXBTCD-25MAY2219-T111249.99,DELTA,30,1000,36,114,20,yes,29,50
2025-05-22T15:01:39.264002,KXBTCD-25MAY2219-T111249.99,DELTA,30,1000,34,200,21,no,66,200
2025-05-22T15:01:39.322220,KXBTCD-25MAY2219-T111249.99,DELTA,30,1000,34,200,22,yes,6,-2000
2025-05-22T15:01:39.402294,KXBTCD-25MAY2219-T111249.99,DELTA,30,3000,34,200,23,yes,30,2000
2025-05-22T15:01:40.083968,KXBTCD-25MAY2219-T111249.99,DELTA,30,3000,34,200,24,yes,5,-6480
2025-05-22T15:01:40.085119,KXBTCD-25MAY2219-T111249.99,DELTA,30,3000,34,200,25,yes,7,4628
2025-05-22T15:01:40.123646,KXBTCD-25MAY2219-T111249.99,DELTA,30,3000,34,200,26,no,6,-5400
2025-05-22T15:01:40.124199,KXBTCD-25MAY2219-T111249.99,DELTA,30,3000,34,200,27,no,8,4050
2025-05-22T15:01:40.202331,KXBTCD-25MAY2219-T111249.99,DELTA,30,3000,34,200,28,yes,6,-20000
2025-05-22T15:01:40.252859,KXBTCD-25MAY2219-T111249.99,DELTA,30,3000,34,200,29,no,7,-20000
2025-05-22T15:01:40.253110,KXBTCD-25MAY2219-T111249.99,DELTA,30,3000,34,200,30,yes,8,20000
2025-05-22T15:01:40.282497,KXBTCD-25MAY2219-T111249.99,DELTA,30,3000,34,200,31,no,9,20000
2025-05-22T15:01:40.583640,KXBTCD-25MAY2219-T111249.99,DELTA,30,3000,34,200,32,yes,4,-3000
2025-05-22T15:01:40.622243,KXBTCD-25MAY2219-T111249.99,DELTA,30,3000,34,200,33,yes,12,3000
2025-05-22T15:01:41.242989,KXBTCD-25MAY2219-T111249.99,DELTA,30,3000,34,200,34,yes,29,-50
2025-05-22T15:01:41.282852,KXBTCD-25MAY2219-T111249.99,DELTA,30,3000,34,200,35,yes,28,300
2025-05-22T15:01:41.283145,KXBTCD-25MAY2219-T111249.99,DELTA,30,3000,34,200,36,yes,7,-4628
2025-05-22T15:01:41.283241,KXBTCD-25MAY2219-T111249.99,DELTA,30,3000,34,200,37,yes,8,4050
2025-05-22T15:01:41.301812,KXBTCD-25MAY2219-T111249.99,DELTA,30,1000,34,200,38,yes,30,-2000
2025-05-22T15:01:41.342193,KXBTCD-25MAY2219-T111249.99,DELTA,30,1000,34,200,39,no,8,-4050
2025-05-22T15:01:41.342365,KXBTCD-25MAY2219-T111249.99,DELTA,30,1000,34,200,40,no,10,3240
2025-05-22T15:01:41.342459,KXBTCD-25MAY2219-T111249.99,DELTA,30,1000,34,200,41,yes,8,-20000
2025-05-22T15:01:41.342542,KXBTCD-25MAY2219-T111249.99,DELTA,30,1000,34,200,42,yes,29,2000
2025-05-22T15:01:41.401832,KXBTCD-25MAY2219-T111249.99,DELTA,30,1000,34,200,43,no,9,-20000
2025-05-22T15:01:41.443507,KXBTCD-25MAY2219-T111249.99,DELTA,30,1000,34,200,44,no,11,20000
2025-05-22T15:01:41.526797,KXBTCD-25MAY2219-T111249.99,DELTA,30,1000,34,200,45,yes,9,20000
2025-05-22T15:01:41.527698,KXBTCD-25MAY2219-T111249.99,DELTA,30,1000,34,200,46,yes,29,1250
2025-05-22T15:01:44.442771,KXBTCD-25MAY2219-T111249.99,DELTA,30,1000,34,200,47,yes,29,-1250
2025-05-22T15:01:44.482584,KXBTCD-25MAY2219-T111249.99,DELTA,30,1000,34,200,48,no,41,-1000
2025-05-22T15:01:44.502256,KXBTCD-25MAY2219-T111249.99,DELTA,30,1000,34,200,49,no,5,-8000
2025-05-22T15:01:44.502497,KXBTCD-25MAY2219-T111249.99,DELTA,30,1000,34,200,50,yes,28,-300
2025-05-22T15:01:44.522860,KXBTCD-25MAY2219-T111249.99,DELTA,30,1000,34,200,51,yes,29,-2000
2025-05-22T15:01:44.542146,KXBTCD-25MAY2219-T111249.99,DELTA,30,1000,34,200,52,yes,27,250
2025-05-22T15:01:44.568802,KXBTCD-25MAY2219-T111249.99,DELTA,30,1000,34,200,53,no,64,1000
2025-05-22T15:01:44.568913,KXBTCD-25MAY2219-T111249.99,DELTA,30,1000,34,200,54,no,7,8000
2025-05-22T15:01:44.602150,KXBTCD-25MAY2219-T111249.99,DELTA,30,1000,34,200,55,yes,9,2000
2025-05-22T15:01:44.641639,KXBTCD-25MAY2219-T111249.99,DELTA,30,1000,34,200,56,yes,27,1250
2025-05-22T15:01:44.641763,KXBTCD-25MAY2219-T111249.99,DELTA,30,1000,34,200,57,yes,27,-250
2025-05-22T15:01:44.664301,KXBTCD-25MAY2219-T111249.99,DELTA,30,1000,36,1114,58,no,66,-200
2025-05-22T15:01:44.702090,KXBTCD-25MAY2219-T111249.99,DELTA,30,1000,36,1114,59,yes,9,-2000
2025-05-22T15:01:44.702270,KXBTCD-25MAY2219-T111249.99,DELTA,30,1000,36,1114,60,yes,27,-1250
2025-05-22T15:01:44.789358,KXBTCD-25MAY2219-T111249.99,DELTA,30,1000,36,1114,61,yes,9,2000
2025-05-22T15:01:44.789956,KXBTCD-25MAY2219-T111249.99,DELTA,30,1000,36,1114,62,yes,24,30
2025-05-22T15:01:44.790353,KXBTCD-25MAY2219-T111249.99,DELTA,30,1000,36,1114,63,yes,25,14
2025-05-22T15:01:44.790704,KXBTCD-25MAY2219-T111249.99,DELTA,30,1000,36,1114,64,yes,26,-30
2025-05-22T15:01:44.790972,KXBTCD-25MAY2219-T111249.99,DELTA,30,1000,36,1114,65,yes,27,-14
2025-05-22T15:01:44.814791,KXBTCD-25MAY2219-T111249.99,DELTA,30,1000,35,30,66,no,65,30
2025-05-22T15:01:44.815132,KXBTCD-25MAY2219-T111249.99,DELTA,30,1000,35,30,67,no,63,-30
2025-05-22T15:01:44.815306,KXBTCD-25MAY2219-T111249.99,DELTA,30,1000,35,30,68,no,64,-14
2025-05-22T15:01:44.815445,KXBTCD-25MAY2219-T111249.99,DELTA,30,1000,34,14,69,no,66,14
2025-05-22T15:01:44.815573,KXBTCD-25MAY2219-T111249.99,DELTA,30,1000,34,14,70,no,64,-1000
2025-05-22T15:01:44.815690,KXBTCD-25MAY2219-T111249.99,DELTA,30,1000,34,14,71,yes,26,250
2025-05-22T15:01:44.821707,KXBTCD-25MAY2219-T111249.99,DELTA,30,1000,34,14,72,no,7,-8000
2025-05-22T15:01:44.821869,KXBTCD-25MAY2219-T111249.99,DELTA,30,1000,32,250,73,no,68,250
2025-05-22T15:01:44.902669,KXBTCD-25MAY2219-T111249.99,DELTA,30,1000,32,250,74,yes,26,1250
2025-05-22T15:01:44.903238,KXBTCD-25MAY2219-T111249.99,DELTA,30,1000,32,250,75,yes,9,-2000
2025-05-22T15:01:44.922960,KXBTCD-25MAY2219-T111249.99,DELTA,30,1000,32,250,76,no,65,1000
2025-05-22T15:01:44.924201,KXBTCD-25MAY2219-T111249.99,DELTA,30,1000,32,250,77,no,8,8000
2025-05-22T15:01:44.982233,KXBTCD-25MAY2219-T111249.99,DELTA,30,1000,32,250,78,yes,27,2000
2025-05-22T15:01:45.062156,KXBTCD-25MAY2219-T111249.99,DELTA,30,1000,32,250,79,yes,29,-100
2025-05-22T15:01:45.062515,KXBTCD-25MAY2219-T111249.99,DELTA,30,1000,32,250,80,no,64,-100
2025-05-22T15:01:45.141970,KXBTCD-25MAY2219-T111249.99,DELTA,27,2000,32,250,81,yes,30,-1000
2025-05-22T15:01:45.262505,KXBTCD-25MAY2219-T111249.99,DELTA,27,2000,32,250,82,yes,8,-4050
2025-05-22T15:01:45.262818,KXBTCD-25MAY2219-T111249.99,DELTA,27,2000,32,250,83,yes,4,8100
2025-05-22T15:01:45.282656,KXBTCD-25MAY2219-T111249.99,DELTA,27,3000,32,250,84,yes,27,1000
2025-05-22T15:01:45.322919,KXBTCD-25MAY2219-T111249.99,DELTA,27,3000,32,250,85,no,10,-3240
2025-05-22T15:01:45.323155,KXBTCD-25MAY2219-T111249.99,DELTA,27,3000,32,250,86,no,12,2700
2025-05-22T15:01:45.342181,KXBTCD-25MAY2219-T111249.99,DELTA,27,3000,32,250,87,yes,9,-20000
2025-05-22T15:01:45.362085,KXBTCD-25MAY2219-T111249.99,DELTA,27,3000,32,250,88,no,43,-9
2025-05-22T15:01:45.380931,KXBTCD-25MAY2219-T111249.99,DELTA,27,3000,32,250,89,yes,5,20000
2025-05-22T15:01:45.381178,KXBTCD-25MAY2219-T111249.99,DELTA,27,3000,32,250,90,no,11,-20000
2025-05-22T15:01:45.423365,KXBTCD-25MAY2219-T111249.99,DELTA,27,3000,32,250,91,no,5,20000
2025-05-22T15:01:45.482190,KXBTCD-25MAY2219-T111249.99,DELTA,27,3000,32,250,92,yes,26,-1250
2025-05-22T15:01:45.972244,KXBTCD-25MAY2219-T111249.99,DELTA,27,3000,32,250,93,yes,26,100
2025-05-22T15:01:45.972503,KXBTCD-25MAY2219-T111249.99,DELTA,27,3000,32,250,94,no,66,100
2025-05-22T15:01:46.314022,KXBTCD-25MAY2219-T111249.99,DELTA,27,1000,32,250,95,yes,27,-2000
2025-05-22T15:01:46.314270,KXBTCD-25MAY2219-T111249.99,DELTA,27,1000,32,250,96,no,65,-1000
2025-05-22T15:01:46.314379,KXBTCD-25MAY2219-T111249.99,DELTA,27,1000,32,250,97,no,8,-8000
2025-05-22T15:01:46.342864,KXBTCD-25MAY2219-T111249.99,DELTA,27,1000,32,250,98,yes,26,2000
2025-05-22T15:01:46.343120,KXBTCD-25MAY2219-T111249.99,DELTA,27,1000,32,250,99,yes,26,-250
2025-05-22T15:01:46.362996,KXBTCD-25MAY2219-T111249.99,DELTA,27,1000,32,250,100,no,66,1000
2025-05-22T15:01:46.363200,KXBTCD-25MAY2219-T111249.99,DELTA,27,1000,32,250,101,no,9,8000
2025-05-22T15:01:46.402643,KXBTCD-25MAY2219-T111249.99,DELTA,27,1000,32,250,102,yes,26,-2000
2025-05-22T15:01:46.403472,KXBTCD-25MAY2219-T111249.99,DELTA,27,1000,32,250,103,no,66,-1000
2025-05-22T15:01:46.403688,KXBTCD-25MAY2219-T111249.99,DELTA,27,1000,32,250,104,no,43,9
2025-05-22T15:01:46.583439,KXBTCD-25MAY2219-T111249.99,DELTA,27,1000,34,114,105,no,68,-250
2025-05-22T15:01:46.584098,KXBTCD-25MAY2219-T111249.99,DELTA,27,1000,34,114,106,no,9,-8000
2025-05-22T15:01:46.584575,KXBTCD-25MAY2219-T111249.99,DELTA,27,1000,34,114,107,yes,5,2000
2025-05-22T15:01:46.702596,KXBTCD-25MAY2219-T111249.99,DELTA,27,1000,34,114,108,yes,25,-14
2025-05-22T15:01:46.783477,KXBTCD-25MAY2219-T111249.99,DELTA,27,1000,34,114,109,yes,24,-30
2025-05-22T15:01:46.783639,KXBTCD-25MAY2219-T111249.99,DELTA,27,1000,33,1000,110,no,67,1000
2025-05-22T15:01:46.783743,KXBTCD-25MAY2219-T111249.99,DELTA,27,1000,33,1000,111,yes,22,30
2025-05-22T15:01:46.783840,KXBTCD-25MAY2219-T111249.99,DELTA,27,1000,33,1000,112,no,11,8000
2025-05-22T15:01:46.783926,KXBTCD-25MAY2219-T111249.99,DELTA,27,1000,33,1000,113,yes,23,14
2025-05-22T15:01:46.783995,KXBTCD-25MAY2219-T111249.99,DELTA,27,1000,33,1000,114,no,66,-14
2025-05-22T15:01:46.806158,KXBTCD-25MAY2219-T111249.99,DELTA,27,1000,33,1000,115,no,65,-30
2025-05-22T15:01:46.806860,KXBTCD-25MAY2219-T111249.99,DELTA,27,1000,32,14,116,no,68,14
2025-05-22T15:01:46.807386,KXBTCD-25MAY2219-T111249.99,DELTA,27,1000,32,14,117,no,67,30
2025-05-22T15:01:47.082150,KXBTCD-25MAY2219-T111249.99,DELTA,27,1000,32,14,118,no,67,-1000
2025-05-22T15:01:47.082486,KXBTCD-25MAY2219-T111249.99,DELTA,27,1000,32,14,119,yes,25,50
2025-05-22T15:01:47.181559,KXBTCD-25MAY2219-T111249.99,DELTA,26,100,32,14,120,yes,27,-1000
2025-05-22T15:01:47.182025,KXBTCD-25MAY2219-T111249.99,DELTA,26,100,30,250,121,no,70,250
2025-05-22T15:01:47.301924,KXBTCD-25MAY2219-T111249.99,DELTA,26,100,30,250,122,no,68,1000
2025-05-22T15:01:47.381897,KXBTCD-25MAY2219-T111249.99,DELTA,26,1100,30,250,123,yes,26,1000
2025-05-22T15:01:47.402593,KXBTCD-25MAY2219-T111249.99,DELTA,26,1100,30,250,124,no,66,-100
2025-05-22T15:01:47.481942,KXBTCD-25MAY2219-T111249.99,DELTA,26,1000,30,250,125,yes,26,-100
2025-05-22T15:01:47.683804,KXBTCD-25MAY2219-T111249.99,DELTA,26,1000,30,250,126,yes,4,-8100
2025-05-22T15:01:47.684509,KXBTCD-25MAY2219-T111249.99,DELTA,26,1000,30,250,127,yes,6,5400
2025-05-22T15:01:47.684944,KXBTCD-25MAY2219-T111249.99,DELTA,26,1000,30,250,128,yes,25,-50
2025-05-22T15:01:47.883033,KXBTCD-25MAY2219-T111249.99,DELTA,26,1000,30,250,129,yes,5,-20000
2025-05-22T15:01:47.883230,KXBTCD-25MAY2219-T111249.99,DELTA,26,1000,30,250,130,yes,23,-14
2025-05-22T15:01:47.883340,KXBTCD-25MAY2219-T111249.99,DELTA,26,1000,30,250,131,yes,22,14
2025-05-22T15:01:47.883437,KXBTCD-25MAY2219-T111249.99,DELTA,26,1000,30,250,132,yes,19,30
2025-05-22T15:01:47.883523,KXBTCD-25MAY2219-T111249.99,DELTA,26,1000,30,250,133,no,11,-8000
2025-05-22T15:01:47.883682,KXBTCD-25MAY2219-T111249.99,DELTA,26,1000,30,250,134,yes,22,-30
2025-05-22T15:01:47.982738,KXBTCD-25MAY2219-T111249.99,DELTA,26,1000,30,250,135,yes,12,-3000
2025-05-22T15:01:47.982887,KXBTCD-25MAY2219-T111249.99,DELTA,26,1000,30,250,136,yes,7,1250
2025-05-22T15:01:48.003269,KXBTCD-25MAY2219-T111249.99,DELTA,26,1000,30,280,137,no,70,30
2025-05-22T15:01:48.003589,KXBTCD-25MAY2219-T111249.99,DELTA,26,1000,30,280,138,yes,5,-2000
2025-05-22T15:01:48.003697,KXBTCD-25MAY2219-T111249.99,DELTA,26,1000,30,280,139,no,67,-30
2025-05-22T15:01:48.003779,KXBTCD-25MAY2219-T111249.99,DELTA,26,1000,30,280,140,no,68,-1000
2025-05-22T15:01:48.003983,KXBTCD-25MAY2219-T111249.99,DELTA,26,1000,30,280,141,no,68,-14
2025-05-22T15:01:48.004063,KXBTCD-25MAY2219-T111249.99,DELTA,26,1000,30,280,142,no,69,14
2025-05-22T15:01:48.004358,KXBTCD-25MAY2219-T111249.99,DELTA,26,1000,30,280,143,no,14,8000
2025-05-22T15:01:48.181794,KXBTCD-25MAY2219-T111249.99,DELTA,26,1000,30,280,144,no,43,-9
2025-05-22T15:01:48.214999,KXBTCD-25MAY2219-T111249.99,DELTA,22,14,30,280,145,yes,26,-1000
2025-05-22T15:01:48.215433,KXBTCD-25MAY2219-T111249.99,DELTA,22,14,30,280,146,yes,5,3000
2025-05-22T15:01:48.215568,KXBTCD-25MAY2219-T111249.99,DELTA,22,14,29,1000,147,no,71,1000
2025-05-22T15:01:48.215935,KXBTCD-25MAY2219-T111249.99,DELTA,22,14,29,1000,148,yes,20,14
2025-05-22T15:01:48.216027,KXBTCD-25MAY2219-T111249.99,DELTA,20,14,29,1000,149,yes,22,-14
2025-05-22T15:01:48.281453,KXBTCD-25MAY2219-T111249.99,DELTA,20,14,29,1000,150,yes,18,30
2025-05-22T15:01:48.281751,KXBTCD-25MAY2219-T111249.99,DELTA,20,14,29,1000,151,yes,19,-30
2025-05-22T15:01:48.281988,KXBTCD-25MAY2219-T111249.99,DELTA,20,14,29,1000,152,no,69,-14
2025-05-22T15:01:48.282070,KXBTCD-25MAY2219-T111249.99,DELTA,20,14,29,1014,153,no,71,14
2025-05-22T15:01:48.282159,KXBTCD-25MAY2219-T111249.99,DELTA,20,14,29,1014,154,no,70,-250
2025-05-22T15:01:48.401372,KXBTCD-25MAY2219-T111249.99,DELTA,20,14,29,1014,155,no,70,-30
2025-05-22T15:01:48.501855,KXBTCD-25MAY2219-T111249.99,DELTA,20,14,29,1044,156,no,71,30
2025-05-22T15:01:48.502306,KXBTCD-25MAY2219-T111249.99,DELTA,20,14,29,1044,157,yes,7,2000
2025-05-22T15:01:48.502454,KXBTCD-25MAY2219-T111249.99,DELTA,20,1014,29,1044,158,yes,20,1000
2025-05-22T15:01:48.502873,KXBTCD-25MAY2219-T111249.99,DELTA,20,1014,29,1044,159,yes,7,20000
2025-05-22T15:01:48.600257,KXBTCD-25MAY2219-T111249.99,DELTA,20,1014,29,44,160,no,71,-1000
2025-05-22T15:01:48.783011,KXBTCD-25MAY2219-T111249.99,DELTA,20,14,29,44,161,yes,20,-1000
2025-05-22T15:01:48.802108,KXBTCD-25MAY2219-T111249.99,DELTA,20,14,28,1000,162,no,72,1000
2025-05-22T15:01:48.902775,KXBTCD-25MAY2219-T111249.99,DELTA,20,14,28,1000,163,no,42,-3000
2025-05-22T15:01:48.903398,KXBTCD-25MAY2219-T111249.99,DELTA,20,14,28,1000,164,yes,19,1000
2025-05-22T15:01:49.001198,KXBTCD-25MAY2219-T111249.99,DELTA,20,14,28,1000,165,no,14,-8000
2025-05-22T15:01:49.082477,KXBTCD-25MAY2219-T111249.99,DELTA,20,14,28,1000,166,yes,8,9
2025-05-22T15:01:49.082816,KXBTCD-25MAY2219-T111249.99,DELTA,20,14,28,1000,167,no,43,9
2025-05-22T15:01:49.101604,KXBTCD-25MAY2219-T111249.99,DELTA,20,14,28,1000,168,no,55,3000
2025-05-22T15:01:49.102006,KXBTCD-25MAY2219-T111249.99,DELTA,20,14,28,1000,169,no,16,8000
2025-05-22T15:01:49.201837,KXBTCD-25MAY2219-T111249.99,DELTA,22,250,28,1000,170,yes,22,250
2025-05-22T15:01:49.301845,KXBTCD-25MAY2219-T111249.99,DELTA,22,250,28,1000,171,yes,20,-14
2025-05-22T15:01:49.302564,KXBTCD-25MAY2219-T111249.99,DELTA,22,250,28,1000,172,yes,17,14
2025-05-22T15:01:49.303566,KXBTCD-25MAY2219-T111249.99,DELTA,22,250,27,50,173,no,73,50
2025-05-22T15:01:49.382852,KXBTCD-25MAY2219-T111249.99,DELTA,22,250,27,50,174,no,71,-14
2025-05-22T15:01:49.383526,KXBTCD-25MAY2219-T111249.99,DELTA,22,250,26,14,175,no,74,14
2025-05-22T15:01:49.502095,KXBTCD-25MAY2219-T111249.99,DELTA,22,250,26,14,176,no,72,-1000
2025-05-22T15:01:49.682439,KXBTCD-25MAY2219-T111249.99,DELTA,22,250,26,14,177,no,16,-8000
2025-05-22T15:01:49.682946,KXBTCD-25MAY2219-T111249.99,DELTA,22,250,26,1014,178,no,74,1000
2025-05-22T15:01:49.702275,KXBTCD-25MAY2219-T111249.99,DELTA,22,250,26,1014,179,yes,6,-5400
2025-05-22T15:01:49.702490,KXBTCD-25MAY2219-T111249.99,DELTA,22,250,26,1014,180,yes,5,6480
2025-05-22T15:01:49.882275,KXBTCD-25MAY2219-T111249.99,DELTA,22,250,26,1014,181,no,18,8000
2025-05-22T15:01:49.882705,KXBTCD-25MAY2219-T111249.99,DELTA,22,250,26,1014,182,no,12,-2700
2025-05-22T15:01:49.882987,KXBTCD-25MAY2219-T111249.99,DELTA,22,250,26,1014,183,no,17,1905
2025-05-22T15:01:49.883080,KXBTCD-25MAY2219-T111249.99,DELTA,22,250,26,1014,184,yes,7,-20000
2025-05-22T15:01:49.883181,KXBTCD-25MAY2219-T111249.99,DELTA,22,350,26,1014,185,yes,22,100
2025-05-22T15:01:49.883252,KXBTCD-25MAY2219-T111249.99,DELTA,22,350,26,1014,186,no,43,-9
2025-05-22T15:01:49.883389,KXBTCD-25MAY2219-T111249.99,DELTA,22,350,26,1014,187,yes,8,-9
2025-05-22T15:01:50.084089,KXBTCD-25MAY2219-T111249.99,DELTA,22,350,26,1014,188,yes,7,-2000
2025-05-22T15:01:50.084217,KXBTCD-25MAY2219-T111249.99,DELTA,22,350,26,1014,189,no,70,100
2025-05-22T15:01:50.102772,KXBTCD-25MAY2219-T111249.99,DELTA,22,350,26,1014,190,yes,16,30
2025-05-22T15:01:50.103343,KXBTCD-25MAY2219-T111249.99,DELTA,22,350,26,1014,191,yes,18,-30
2025-05-22T15:01:50.202398,KXBTCD-25MAY2219-T111249.99,DELTA,22,350,26,1014,192,yes,7,-1250
2025-05-22T15:01:50.202507,KXBTCD-25MAY2219-T111249.99,DELTA,22,350,26,1014,193,no,73,30
2025-05-22T15:01:50.202570,KXBTCD-25MAY2219-T111249.99,DELTA,22,350,26,1014,194,no,71,-30
2025-05-22T15:01:50.302505,KXBTCD-25MAY2219-T111249.99,DELTA,22,350,26,1014,195,yes,19,-1000
2025-05-22T15:01:50.402235,KXBTCD-25MAY2219-T111249.99,DELTA,22,350,26,1014,196,yes,6,2000
2025-05-22T15:01:50.402389,KXBTCD-25MAY2219-T111249.99,DELTA,22,350,26,1014,197,yes,6,20000
2025-05-22T15:01:50.402582,KXBTCD-25MAY2219-T111249.99,DELTA,22,350,26,1014,198,yes,6,1250
2025-05-22T15:01:50.581437,KXBTCD-25MAY2219-T111249.99,DELTA,22,350,26,1014,199,yes,17,1000
2025-05-22T15:01:50.581577,KXBTCD-25MAY2219-T111249.99,DELTA,22,100,26,1014,200,yes,22,-250
2025-05-22T15:01:50.782609,KXBTCD-25MAY2219-T111249.99,DELTA,22,100,26,1014,201,yes,18,9
2025-05-22T15:01:50.927546,KXBTCD-25MAY2219-T111249.99,DELTA,22,100,26,1014,202,no,70,-100
2025-05-22T15:01:51.118586,KXBTCD-25MAY2219-T111249.99,DELTA,22,100,26,1014,203,no,73,-50
2025-05-22T15:01:51.707691,KXBTCD-25MAY2219-T111249.99,DELTA,22,100,26,1014,204,yes,20,350
2025-05-22T15:01:51.707901,KXBTCD-25MAY2219-T111249.99,DELTA,22,100,26,1314,205,no,74,300
2025-05-22T15:01:51.802007,KXBTCD-25MAY2219-T111249.99,DELTA,22,100,26,1314,206,yes,5,-6480
2025-05-22T15:01:51.802138,KXBTCD-25MAY2219-T111249.99,DELTA,22,100,26,1314,207,yes,1,32400
2025-05-22T15:01:51.821744,KXBTCD-25MAY2219-T111249.99,DELTA,22,100,26,1314,208,yes,17,-1000
2025-05-22T15:01:51.822246,KXBTCD-25MAY2219-T111249.99,DELTA,22,100,26,1314,209,yes,18,-9
2025-05-22T15:01:51.822320,KXBTCD-25MAY2219-T111249.99,DELTA,22,100,26,314,210,no,74,-1000
2025-05-22T15:01:51.841752,KXBTCD-25MAY2219-T111249.99,DELTA,22,100,26,314,211,no,17,-1905
2025-05-22T15:01:51.841858,KXBTCD-25MAY2219-T111249.99,DELTA,22,100,26,314,212,no,19,1705
2025-05-22T15:01:51.902554,KXBTCD-25MAY2219-T111249.99,DELTA,22,100,25,1000,213,no,75,1000
2025-05-22T15:01:51.902731,KXBTCD-25MAY2219-T111249.99,DELTA,22,100,25,1000,214,yes,20,1000
2025-05-22T15:01:51.902824,KXBTCD-25MAY2219-T111249.99,DELTA,22,100,25,1000,215,yes,6,-20000
2025-05-22T15:01:51.902903,KXBTCD-25MAY2219-T111249.99,DELTA,22,100,25,1000,216,yes,6,-2000
2025-05-22T15:01:51.922159,KXBTCD-25MAY2219-T111249.99,DELTA,22,100,25,1000,217,yes,6,-1250
2025-05-22T15:01:51.961790,KXBTCD-25MAY2219-T111249.99,DELTA,22,100,25,1000,218,yes,2,2000
2025-05-22T15:01:51.961988,KXBTCD-25MAY2219-T111249.99,DELTA,22,100,25,1000,219,yes,2,20000
2025-05-22T15:01:52.502460,KXBTCD-25MAY2219-T111249.99,DELTA,22,100,25,1000,220,no,70,100
2025-05-22T15:01:52.943028,KXBTCD-25MAY2219-T111249.99,DELTA,22,100,25,1000,221,yes,20,-1000
2025-05-22T15:01:52.962421,KXBTCD-25MAY2219-T111249.99,DELTA,22,100,26,314,222,no,75,-1000
2025-05-22T15:01:52.962787,KXBTCD-25MAY2219-T111249.99,DELTA,22,100,26,314,223,no,70,-100
2025-05-22T15:01:53.001861,KXBTCD-25MAY2219-T111249.99,DELTA,22,100,26,1314,224,no,74,1000
2025-05-22T15:01:53.002079,KXBTCD-25MAY2219-T111249.99,DELTA,22,100,26,1314,225,yes,21,1000
2025-05-22T15:01:53.202594,KXBTCD-25MAY2219-T111249.99,DELTA,22,100,26,1314,226,yes,1,-32400
2025-05-22T15:01:53.202880,KXBTCD-25MAY2219-T111249.99,DELTA,22,100,26,1314,227,yes,2,16200
2025-05-22T15:01:53.263182,KXBTCD-25MAY2219-T111249.99,DELTA,22,100,26,1314,228,yes,2,-20000
2025-05-22T15:01:53.263540,KXBTCD-25MAY2219-T111249.99,DELTA,22,100,26,1314,229,yes,2,-2000
2025-05-22T15:01:53.302311,KXBTCD-25MAY2219-T111249.99,DELTA,22,100,26,1314,230,yes,3,2000
2025-05-22T15:01:53.302607,KXBTCD-25MAY2219-T111249.99,DELTA,22,100,26,1314,231,yes,3,20000
2025-05-22T15:01:53.883759,KXBTCD-25MAY2219-T111249.99,DELTA,22,100,26,1014,232,no,74,-300
2025-05-22T15:01:53.944512,KXBTCD-25MAY2219-T111249.99,DELTA,22,100,26,1014,233,no,73,300
2025-05-22T15:01:53.962678,KXBTCD-25MAY2219-T111249.99,DELTA,22,100,26,1014,234,yes,16,14
2025-05-22T15:01:53.963394,KXBTCD-25MAY2219-T111249.99,DELTA,22,100,26,1014,235,yes,17,-14
2025-05-22T15:01:53.964010,KXBTCD-25MAY2219-T111249.99,DELTA,22,100,26,1000,236,no,74,-14
2025-05-22T15:01:53.964522,KXBTCD-25MAY2219-T111249.99,DELTA,22,100,25,14,237,no,75,14
2025-05-22T15:01:53.984002,KXBTCD-25MAY2219-T111249.99,DELTA,22,100,25,14,238,yes,20,-350
2025-05-22T15:01:53.984304,KXBTCD-25MAY2219-T111249.99,DELTA,22,100,25,14,239,yes,21,-1000
2025-05-22T15:01:54.007644,KXBTCD-25MAY2219-T111249.99,DELTA,22,100,25,14,240,no,74,-1000
2025-05-22T15:01:54.099386,KXBTCD-25MAY2219-T111249.99,DELTA,22,250,25,14,241,yes,22,150
2025-05-22T15:01:54.099636,KXBTCD-25MAY2219-T111249.99,DELTA,22,1250,25,14,242,yes,22,1000
2025-05-22T15:01:54.099791,KXBTCD-25MAY2219-T111249.99,DELTA,22,1250,25,14,243,no,73,1000
2025-05-22T15:01:54.164049,KXBTCD-25MAY2219-T111249.99,DELTA,22,1250,25,14,244,no,56,9
2025-05-22T15:01:54.164544,KXBTCD-25MAY2219-T111249.99,DELTA,22,1250,25,14,245,yes,17,9
2025-05-22T15:01:54.502391,KXBTCD-25MAY2219-T111249.99,DELTA,22,1250,25,14,246,yes,2,-16200
2025-05-22T15:01:54.502744,KXBTCD-25MAY2219-T111249.99,DELTA,22,1250,25,14,247,yes,1,32400
2025-05-22T15:01:54.561849,KXBTCD-25MAY2219-T111249.99,DELTA,22,1250,25,14,248,yes,3,-20000
2025-05-22T15:01:54.562070,KXBTCD-25MAY2219-T111249.99,DELTA,22,1250,25,14,249,yes,3,-2000
2025-05-22T15:01:54.602721,KXBTCD-25MAY2219-T111249.99,DELTA,22,1250,25,14,250,yes,2,20000
2025-05-22T15:01:54.602850,KXBTCD-25MAY2219-T111249.99,DELTA,22,1250,25,14,251,yes,2,2000
2025-05-22T15:01:55.023729,KXBTCD-25MAY2219-T111249.99,DELTA,22,1250,25,14,252,no,69,100
2025-05-22T15:01:55.122438,KXBTCD-25MAY2219-T111249.99,DELTA,22,1250,25,14,253,no,56,-9
2025-05-22T15:01:55.143049,KXBTCD-25MAY2219-T111249.99,DELTA,22,1250,25,14,254,yes,17,-9
2025-05-22T15:01:55.223879,KXBTCD-25MAY2219-T111249.99,DELTA,22,1250,25,14,255,no,69,-100
2025-05-22T15:01:55.461817,KXBTCD-25MAY2219-T111249.99,DELTA,22,1150,25,14,256,yes,22,-100
2025-05-22T15:01:57.162254,KXBTCD-25MAY2219-T111249.99,DELTA,22,1150,25,14,257,no,69,100
2025-05-22T15:01:57.182300,KXBTCD-25MAY2219-T111249.99,DELTA,23,100,25,14,258,yes,23,100
2025-05-22T15:01:58.382182,KXBTCD-25MAY2219-T111249.99,DELTA,23,100,25,14,259,yes,18,14
2025-05-22T15:01:58.382330,KXBTCD-25MAY2219-T111249.99,DELTA,23,100,25,14,260,yes,16,-14
2025-05-22T15:01:58.382417,KXBTCD-25MAY2219-T111249.99,DELTA,23,100,27,1330,261,no,75,-14
2025-05-22T15:01:58.382501,KXBTCD-25MAY2219-T111249.99,DELTA,23,100,27,1344,262,no,73,14
2025-05-22T15:01:58.401821,KXBTCD-25MAY2219-T111249.99,DELTA,23,100,27,1344,263,no,69,-100
2025-05-22T15:01:58.542752,KXBTCD-25MAY2219-T111249.99,DELTA,23,100,27,1344,264,yes,1,-32400
2025-05-22T15:01:58.543137,KXBTCD-25MAY2219-T111249.99,DELTA,23,100,27,1344,265,yes,2,16200
2025-05-22T15:01:58.602197,KXBTCD-25MAY2219-T111249.99,DELTA,23,100,27,1344,266,yes,2,-20000
2025-05-22T15:01:58.622673,KXBTCD-25MAY2219-T111249.99,DELTA,23,100,27,1344,267,yes,2,-2000
2025-05-22T15:01:58.642074,KXBTCD-25MAY2219-T111249.99,DELTA,23,100,27,1344,268,yes,22,-150
2025-05-22T15:01:58.662820,KXBTCD-25MAY2219-T111249.99,DELTA,23,100,27,1344,269,yes,3,20000
2025-05-22T15:01:58.663041,KXBTCD-25MAY2219-T111249.99,DELTA,23,100,27,1344,270,yes,3,2000
2025-05-22T15:01:58.663143,KXBTCD-25MAY2219-T111249.99,DELTA,23,100,27,1344,271,yes,21,350
2025-05-22T15:01:58.703196,KXBTCD-25MAY2219-T111249.99,DELTA,23,100,27,1344,272,yes,22,-1000
2025-05-22T15:01:58.741664,KXBTCD-25MAY2219-T111249.99,DELTA,23,100,27,1344,273,yes,22,1000
2025-05-22T15:01:58.902648,KXBTCD-25MAY2219-T111249.99,DELTA,23,100,27,1344,274,yes,22,-1000
2025-05-22T15:01:58.903040,KXBTCD-25MAY2219-T111249.99,DELTA,23,100,27,344,275,no,73,-1000
2025-05-22T15:01:58.963420,KXBTCD-25MAY2219-T111249.99,DELTA,23,100,27,344,276,yes,21,1000
2025-05-22T15:01:58.963911,KXBTCD-25MAY2219-T111249.99,DELTA,23,100,26,1000,277,no,74,1000
2025-05-22T15:02:00.501366,KXBTCD-25MAY2219-T111249.99,DELTA,23,100,26,1000,278,no,70,100
2025-05-22T15:02:00.784135,KXBTCD-25MAY2219-T111249.99,DELTA,23,100,26,1000,279,yes,2,-16200
2025-05-22T15:02:00.785266,KXBTCD-25MAY2219-T111249.99,DELTA,23,100,26,1000,280,yes,1,32400
2025-05-22T15:02:00.843633,KXBTCD-25MAY2219-T111249.99,DELTA,23,100,26,1000,281,yes,3,-20000
2025-05-22T15:02:00.844400,KXBTCD-25MAY2219-T111249.99,DELTA,23,100,26,1000,282,yes,3,-2000
2025-05-22T15:02:00.882559,KXBTCD-25MAY2219-T111249.99,DELTA,23,100,26,1000,283,yes,2,2000
2025-05-22T15:02:00.882824,KXBTCD-25MAY2219-T111249.99,DELTA,23,100,26,1000,284,yes,2,20000
2025-05-22T15:02:01.266538,KXBTCD-25MAY2219-T111249.99,DELTA,23,100,26,1000,285,yes,21,-1000
2025-05-22T15:02:01.266898,KXBTCD-25MAY2219-T111249.99,DELTA,23,100,27,344,286,no,74,-1000
2025-05-22T15:02:01.267380,KXBTCD-25MAY2219-T111249.99,DELTA,23,100,27,1344,287,no,73,1000
2025-05-22T15:02:01.267543,KXBTCD-25MAY2219-T111249.99,DELTA,23,100,27,1344,288,yes,22,1000
2025-05-22T15:02:01.267660,KXBTCD-25MAY2219-T111249.99,DELTA,23,100,27,1044,289,no,73,-300
2025-05-22T15:02:01.321884,KXBTCD-25MAY2219-T111249.99,DELTA,23,100,27,1044,290,no,72,250
2025-05-22T15:02:01.632152,KXBTCD-25MAY2219-T111249.99,DELTA,23,100,27,1044,291,yes,22,-1000
2025-05-22T15:02:01.645257,KXBTCD-25MAY2219-T111249.99,DELTA,23,100,27,44,292,no,73,-1000
2025-05-22T15:02:01.645931,KXBTCD-25MAY2219-T111249.99,DELTA,23,100,27,44,293,yes,18,30
2025-05-22T15:02:01.646116,KXBTCD-25MAY2219-T111249.99,DELTA,23,100,27,44,294,yes,16,-30
2025-05-22T15:02:01.646201,KXBTCD-25MAY2219-T111249.99,DELTA,23,100,27,44,295,no,71,30
2025-05-22T15:02:01.662445,KXBTCD-25MAY2219-T111249.99,DELTA,23,100,27,14,296,no,73,-30
2025-05-22T15:02:01.683257,KXBTCD-25MAY2219-T111249.99,DELTA,23,100,27,14,297,no,72,1000
2025-05-22T15:02:01.702015,KXBTCD-25MAY2219-T111249.99,DELTA,23,1100,27,14,298,yes,23,1000
2025-05-22T15:02:01.742892,KXBTCD-25MAY2219-T111249.99,DELTA,23,1100,27,14,299,yes,21,-350
2025-05-22T15:02:01.842738,KXBTCD-25MAY2219-T111249.99,DELTA,23,1200,27,14,300,yes,23,100
2025-05-22T15:02:02.083596,KXBTCD-25MAY2219-T111249.99,DELTA,23,1200,27,14,301,yes,1,-32400
2025-05-22T15:02:02.083858,KXBTCD-25MAY2219-T111249.99,DELTA,23,1200,27,14,302,yes,2,16200
2025-05-22T15:02:02.141464,KXBTCD-25MAY2219-T111249.99,DELTA,23,1200,27,14,303,yes,2,-20000
2025-05-22T15:02:02.141596,KXBTCD-25MAY2219-T111249.99,DELTA,23,1200,27,14,304,yes,2,-2000
2025-05-22T15:02:02.181774,KXBTCD-25MAY2219-T111249.99,DELTA,23,1200,27,14,305,yes,3,20000
2025-05-22T15:02:02.181992,KXBTCD-25MAY2219-T111249.99,DELTA,23,1200,27,14,306,yes,3,2000
2025-05-22T15:02:02.442260,KXBTCD-25MAY2219-T111249.99,DELTA,23,1200,27,14,307,yes,19,14
2025-05-22T15:02:02.442664,KXBTCD-25MAY2219-T111249.99,DELTA,23,1200,27,14,308,yes,18,-14
2025-05-22T15:02:02.443069,KXBTCD-25MAY2219-T111249.99,DELTA,23,1200,27,14,309,no,72,14
2025-05-22T15:02:02.463516,KXBTCD-25MAY2219-T111249.99,DELTA,23,1200,28,1264,310,no,73,-14
2025-05-22T15:02:02.522573,KXBTCD-25MAY2219-T111249.99,DELTA,23,1200,28,1264,311,no,70,-100
2025-05-22T15:02:02.542790,KXBTCD-25MAY2219-T111249.99,DELTA,23,1100,28,1264,312,yes,23,-100
2025-05-22T15:02:03.422969,KXBTCD-25MAY2219-T111249.99,DELTA,23,1100,28,1264,313,yes,2,-16200
2025-05-22T15:02:03.423149,KXBTCD-25MAY2219-T111249.99,DELTA,23,1100,28,1264,314,yes,1,32400
2025-05-22T15:02:03.482992,KXBTCD-25MAY2219-T111249.99,DELTA,23,1100,28,1264,315,yes,3,-20000
2025-05-22T15:02:03.503173,KXBTCD-25MAY2219-T111249.99,DELTA,23,1100,28,1264,316,yes,3,-2000
2025-05-22T15:02:03.541876,KXBTCD-25MAY2219-T111249.99,DELTA,23,1100,28,1264,317,yes,2,20000
2025-05-22T15:02:03.542091,KXBTCD-25MAY2219-T111249.99,DELTA,23,1100,28,1264,318,yes,2,2000
2025-05-22T15:02:03.822779,KXBTCD-25MAY2219-T111249.99,DELTA,24,100,28,1264,319,yes,24,100
2025-05-22T15:02:03.844101,KXBTCD-25MAY2219-T111249.99,DELTA,24,100,28,1264,320,no,68,100
2025-05-22T15:02:04.782774,KXBTCD-25MAY2219-T111249.99,DELTA,24,100,28,1264,321,yes,1,-32400
2025-05-22T15:02:04.783086,KXBTCD-25MAY2219-T111249.99,DELTA,24,100,28,1264,322,yes,2,16200
2025-05-22T15:02:04.843036,KXBTCD-25MAY2219-T111249.99,DELTA,24,100,28,1264,323,yes,2,-20000
2025-05-22T15:02:04.843388,KXBTCD-25MAY2219-T111249.99,DELTA,24,100,28,1264,324,yes,2,-2000
2025-05-22T15:02:04.886296,KXBTCD-25MAY2219-T111249.99,DELTA,24,100,28,1264,325,yes,3,2000
2025-05-22T15:02:04.886594,KXBTCD-25MAY2219-T111249.99,DELTA,24,100,28,1264,326,yes,3,20000
2025-05-22T15:02:04.922737,KXBTCD-25MAY2219-T111249.99,DELTA,24,100,28,264,327,no,72,-1000
2025-05-22T15:02:04.942333,KXBTCD-25MAY2219-T111249.99,DELTA,24,100,28,264,328,yes,23,-1000
2025-05-22T15:02:04.983522,KXBTCD-25MAY2219-T111249.99,DELTA,24,100,28,264,329,no,71,1000
2025-05-22T15:02:04.983889,KXBTCD-25MAY2219-T111249.99,DELTA,24,1100,28,264,330,yes,24,1000
2025-05-22T15:02:06.143648,KXBTCD-25MAY2219-T111249.99,DELTA,24,1100,28,264,331,yes,2,-16200
2025-05-22T15:02:06.143992,KXBTCD-25MAY2219-T111249.99,DELTA,24,1100,28,264,332,yes,1,32400
2025-05-22T15:02:06.205219,KXBTCD-25MAY2219-T111249.99,DELTA,24,1100,28,264,333,yes,3,-20000
2025-05-22T15:02:06.206335,KXBTCD-25MAY2219-T111249.99,DELTA,24,1100,28,264,334,yes,3,-2000
2025-05-22T15:02:06.262311,KXBTCD-25MAY2219-T111249.99,DELTA,24,1100,28,264,335,yes,2,2000
2025-05-22T15:02:06.262570,KXBTCD-25MAY2219-T111249.99,DELTA,24,1100,28,264,336,yes,2,20000
2025-05-22T15:02:10.083819,KXBTCD-25MAY2219-T111249.99,DELTA,24,1100,28,264,337,yes,1,-32400
2025-05-22T15:02:10.084863,KXBTCD-25MAY2219-T111249.99,DELTA,24,1100,28,264,338,yes,2,16200
2025-05-22T15:02:10.142610,KXBTCD-25MAY2219-T111249.99,DELTA,24,1100,28,264,339,yes,2,-20000
2025-05-22T15:02:10.143656,KXBTCD-25MAY2219-T111249.99,DELTA,24,1100,28,264,340,yes,2,-2000
2025-05-22T15:02:10.184341,KXBTCD-25MAY2219-T111249.99,DELTA,24,1100,28,264,341,yes,3,2000
2025-05-22T15:02:10.203697,KXBTCD-25MAY2219-T111249.99,DELTA,24,1100,28,264,342,yes,3,20000
2025-05-22T15:02:10.223710,KXBTCD-25MAY2219-T111249.99,DELTA,24,1088,28,264,343,yes,24,-12
2025-05-22T15:02:10.242699,KXBTCD-25MAY2219-T111249.99,DELTA,24,1088,28,264,344,yes,21,14
2025-05-22T15:02:10.243017,KXBTCD-25MAY2219-T111249.99,DELTA,24,1088,28,264,345,yes,19,-14
2025-05-22T15:02:10.243199,KXBTCD-25MAY2219-T111249.99,DELTA,24,1088,28,250,346,no,72,-14
2025-05-22T15:02:10.243352,KXBTCD-25MAY2219-T111249.99,DELTA,24,1088,28,250,347,no,70,14
2025-05-22T15:02:10.652756,KXBTCD-25MAY2219-T111249.99,DELTA,24,88,28,250,348,yes,24,-1000
2025-05-22T15:02:10.665435,KXBTCD-25MAY2219-T111249.99,DELTA,24,88,28,250,349,no,71,-1000
2025-05-22T15:02:10.702413,KXBTCD-25MAY2219-T111249.99,DELTA,24,88,28,1250,350,no,72,1000
2025-05-22T15:02:10.702624,KXBTCD-25MAY2219-T111249.99,DELTA,24,88,28,1250,351,yes,23,1000
2025-05-22T15:02:10.788001,KXBTCD-25MAY2219-T111249.99,DELTA,24,88,28,1250,352,yes,18,-30
2025-05-22T15:02:10.802854,KXBTCD-25MAY2219-T111249.99,DELTA,24,88,28,1250,353,yes,20,30
2025-05-22T15:02:10.803012,KXBTCD-25MAY2219-T111249.99,DELTA,24,88,28,1250,354,no,71,-30
2025-05-22T15:02:10.803109,KXBTCD-25MAY2219-T111249.99,DELTA,24,88,28,1250,355,no,69,30
2025-05-22T15:02:11.265290,KXBTCD-25MAY2219-T111249.99,DELTA,24,88,28,250,356,no,72,-1000
2025-05-22T15:02:11.323264,KXBTCD-25MAY2219-T111249.99,DELTA,24,88,28,250,357,no,70,1000
2025-05-22T15:02:11.382470,KXBTCD-25MAY2219-T111249.99,DELTA,24,88,28,250,358,no,56,9
2025-05-22T15:02:11.624430,KXBTCD-25MAY2219-T111249.99,DELTA,24,88,28,250,359,yes,23,-1000
2025-05-22T15:02:11.721139,KXBTCD-25MAY2219-T111249.99,DELTA,24,1088,28,250,360,yes,24,1000
2025-05-22T15:02:11.722635,KXBTCD-25MAY2219-T111249.99,DELTA,24,1088,28,250,361,no,68,-100
2025-05-22T15:02:11.723087,KXBTCD-25MAY2219-T111249.99,DELTA,24,1088,28,250,362,yes,23,-100
2025-05-22T15:02:11.742913,KXBTCD-25MAY2219-T111249.99,DELTA,24,1088,30,1014,363,no,72,-250
2025-05-22T15:02:11.822355,KXBTCD-25MAY2219-T111249.99,DELTA,24,1088,30,1014,364,yes,23,350
2025-05-22T15:02:11.822699,KXBTCD-25MAY2219-T111249.99,DELTA,24,1088,29,250,365,no,71,250
2025-05-22T15:02:11.882639,KXBTCD-25MAY2219-T111249.99,DELTA,24,1088,29,250,366,no,70,-1000
2025-05-22T15:02:11.942405,KXBTCD-25MAY2219-T111249.99,DELTA,24,1088,29,250,367,no,70,1000
2025-05-22T15:02:12.222544,KXBTCD-25MAY2219-T111249.99,DELTA,24,88,29,250,368,yes,24,-1000
2025-05-22T15:02:12.262900,KXBTCD-25MAY2219-T111249.99,DELTA,24,88,29,250,369,no,70,-1000
2025-05-22T15:02:12.282605,KXBTCD-25MAY2219-T111249.99,DELTA,25,1000,29,250,370,yes,25,1000
2025-05-22T15:02:12.301232,KXBTCD-25MAY2219-T111249.99,DELTA,25,1000,30,14,371,no,71,-250
2025-05-22T15:02:12.301466,KXBTCD-25MAY2219-T111249.99,DELTA,25,1000,30,1014,372,no,70,1000
2025-05-22T15:02:12.343204,KXBTCD-25MAY2219-T111249.99,DELTA,25,1000,30,1014,373,yes,6,9
2025-05-22T15:02:12.402060,KXBTCD-25MAY2219-T111249.99,DELTA,25,1000,30,1014,374,yes,3,-2000
2025-05-22T15:02:12.402197,KXBTCD-25MAY2219-T111249.99,DELTA,25,1000,30,1014,375,yes,23,1250
2025-05-22T15:02:12.402505,KXBTCD-25MAY2219-T111249.99,DELTA,25,1000,30,1314,376,no,70,300
2025-05-22T15:02:12.402596,KXBTCD-25MAY2219-T111249.99,DELTA,25,1000,30,314,377,no,70,-1000
2025-05-22T15:02:12.402658,KXBTCD-25MAY2219-T111249.99,DELTA,25,1000,30,314,378,no,56,-9
2025-05-22T15:02:12.442424,KXBTCD-25MAY2219-T111249.99,DELTA,25,1000,30,314,379,yes,2,-16200
2025-05-22T15:02:12.442565,KXBTCD-25MAY2219-T111249.99,DELTA,25,1000,30,314,380,yes,1,32400
2025-05-22T15:02:12.482610,KXBTCD-25MAY2219-T111249.99,DELTA,25,1000,30,314,381,no,41,1000
2025-05-22T15:02:12.484268,KXBTCD-25MAY2219-T111249.99,DELTA,25,1000,30,314,382,yes,24,2000
2025-05-22T15:02:12.523281,KXBTCD-25MAY2219-T111249.99,DELTA,25,1000,30,314,383,yes,3,-20000
2025-05-22T15:02:12.561910,KXBTCD-25MAY2219-T111249.99,DELTA,25,1000,30,314,384,yes,2,20000
2025-05-22T15:02:12.602728,KXBTCD-25MAY2219-T111249.99,DELTA,25,1000,30,314,385,yes,23,-350
2025-05-22T15:02:12.603262,KXBTCD-25MAY2219-T111249.99,DELTA,25,1000,30,14,386,no,70,-300
2025-05-22T15:02:12.661682,KXBTCD-25MAY2219-T111249.99,DELTA,25,1300,30,14,387,yes,25,300
2025-05-22T15:02:12.661896,KXBTCD-25MAY2219-T111249.99,DELTA,25,1300,30,14,388,yes,24,-2000
2025-05-22T15:02:12.682521,KXBTCD-25MAY2219-T111249.99,DELTA,25,1300,30,14,389,yes,23,-1250
2025-05-22T15:02:12.682660,KXBTCD-25MAY2219-T111249.99,DELTA,25,1300,30,14,390,no,69,250
2025-05-22T15:02:12.721406,KXBTCD-25MAY2219-T111249.99,DELTA,25,1300,30,14,391,no,68,100
2025-05-22T15:02:12.721614,KXBTCD-25MAY2219-T111249.99,DELTA,25,1300,30,14,392,yes,2,2000
2025-05-22T15:02:12.782574,KXBTCD-25MAY2219-T111249.99,DELTA,25,300,30,14,393,yes,25,-1000
2025-05-22T15:02:12.782868,KXBTCD-25MAY2219-T111249.99,DELTA,25,300,30,14,394,no,41,-1000
2025-05-22T15:02:12.822527,KXBTCD-25MAY2219-T111249.99,DELTA,26,1000,30,14,395,yes,26,1000
2025-05-22T15:02:12.822650,KXBTCD-25MAY2219-T111249.99,DELTA,26,1000,30,14,396,no,68,1000
2025-05-22T15:02:12.943128,KXBTCD-25MAY2219-T111249.99,DELTA,26,1000,30,14,397,no,55,-3000
2025-05-22T15:02:12.982721,KXBTCD-25MAY2219-T111249.99,DELTA,26,1000,30,14,398,no,68,-1000
2025-05-22T15:02:12.983111,KXBTCD-25MAY2219-T111249.99,DELTA,26,1000,30,14,399,no,49,3000
2025-05-22T15:02:13.041719,KXBTCD-25MAY2219-T111249.99,DELTA,26,1000,30,14,400,no,69,1000
2025-05-22T15:02:13.102722,KXBTCD-25MAY2219-T111249.99,DELTA,26,1000,30,14,401,yes,6,-9
2025-05-22T15:02:13.102993,KXBTCD-25MAY2219-T111249.99,DELTA,26,1000,30,14,402,no,50,9
2025-05-22T15:02:13.361399,KXBTCD-25MAY2219-T111249.99,DELTA,26,1000,30,14,403,yes,24,-88
2025-05-22T15:02:13.481367,KXBTCD-25MAY2219-T111249.99,DELTA,25,300,30,14,404,yes,26,-1000
2025-05-22T15:02:13.542405,KXBTCD-25MAY2219-T111249.99,DELTA,25,300,30,14,405,no,69,-1000
2025-05-22T15:02:13.582213,KXBTCD-25MAY2219-T111249.99,DELTA,21,14,30,14,406,yes,25,-300
2025-05-22T15:02:13.582374,KXBTCD-25MAY2219-T111249.99,DELTA,21,1014,30,14,407,yes,21,1000
2025-05-22T15:02:13.582532,KXBTCD-25MAY2219-T111249.99,DELTA,21,1014,30,14,408,no,69,-250
2025-05-22T15:02:13.622587,KXBTCD-25MAY2219-T111249.99,DELTA,21,1014,30,1014,409,no,70,1000
2025-05-22T15:02:13.642379,KXBTCD-25MAY2219-T111249.99,DELTA,21,1014,30,1014,410,no,68,-100
2025-05-22T15:02:13.663423,KXBTCD-25MAY2219-T111249.99,DELTA,21,1014,30,1014,411,no,41,-2000
2025-05-22T15:02:13.701891,KXBTCD-25MAY2219-T111249.99,DELTA,24,50,30,1014,412,yes,24,50
2025-05-22T15:02:13.722424,KXBTCD-25MAY2219-T111249.99,DELTA,24,50,29,200,413,no,71,200
2025-05-22T15:02:13.744356,KXBTCD-25MAY2219-T111249.99,DELTA,24,50,29,200,414,yes,1,-32400
2025-05-22T15:02:13.744946,KXBTCD-25MAY2219-T111249.99,DELTA,24,50,29,200,415,yes,2,16200
2025-05-22T15:02:13.802061,KXBTCD-25MAY2219-T111249.99,DELTA,24,50,29,200,416,yes,2,-20000
2025-05-22T15:02:13.802760,KXBTCD-25MAY2219-T111249.99,DELTA,24,50,29,200,417,no,41,2000
2025-05-22T15:02:13.821992,KXBTCD-25MAY2219-T111249.99,DELTA,24,50,29,200,418,yes,2,-2000
2025-05-22T15:02:13.822788,KXBTCD-25MAY2219-T111249.99,DELTA,24,50,29,200,419,no,70,-1000
2025-05-22T15:02:13.863815,KXBTCD-25MAY2219-T111249.99,DELTA,24,50,29,200,420,no,50,-9
2025-05-22T15:02:13.882022,KXBTCD-25MAY2219-T111249.99,DELTA,24,50,28,1000,421,no,72,1000
2025-05-22T15:02:13.882531,KXBTCD-25MAY2219-T111249.99,DELTA,24,50,28,1000,422,yes,3,20000
2025-05-22T15:02:13.882731,KXBTCD-25MAY2219-T111249.99,DELTA,24,50,28,1000,423,yes,3,2000
2025-05-22T15:02:13.942146,KXBTCD-25MAY2219-T111249.99,DELTA,21,1014,28,1000,424,yes,24,-50
2025-05-22T15:02:14.003071,KXBTCD-25MAY2219-T111249.99,DELTA,23,250,28,1000,425,yes,23,250
2025-05-22T15:02:14.082580,KXBTCD-25MAY2219-T111249.99,DELTA,23,250,28,1000,426,yes,21,-1000
2025-05-22T15:02:14.182709,KXBTCD-25MAY2219-T111249.99,DELTA,23,1250,28,1000,427,yes,23,1000
2025-05-22T15:02:14.282887,KXBTCD-25MAY2219-T111249.99,DELTA,23,1000,28,1000,428,yes,23,-250
2025-05-22T15:02:14.301436,KXBTCD-25MAY2219-T111249.99,DELTA,23,1000,28,1000,429,no,71,-200
2025-05-22T15:02:14.361523,KXBTCD-25MAY2219-T111249.99,DELTA,21,14,28,1000,430,yes,23,-1000
2025-05-22T15:02:14.383101,KXBTCD-25MAY2219-T111249.99,DELTA,21,14,30,14,431,no,72,-1000
2025-05-22T15:02:14.383259,KXBTCD-25MAY2219-T111249.99,DELTA,22,200,30,14,432,yes,22,200
2025-05-22T15:02:14.402149,KXBTCD-25MAY2219-T111249.99,DELTA,22,200,27,50,433,no,73,50
2025-05-22T15:02:14.402357,KXBTCD-25MAY2219-T111249.99,DELTA,22,200,27,50,434,yes,21,1000
2025-05-22T15:02:14.445688,KXBTCD-25MAY2219-T111249.99,DELTA,22,200,27,50,435,yes,21,-14
2025-05-22T15:02:14.446093,KXBTCD-25MAY2219-T111249.99,DELTA,22,200,27,50,436,yes,20,-30
2025-05-22T15:02:14.446414,KXBTCD-25MAY2219-T111249.99,DELTA,22,200,27,50,437,yes,18,14
2025-05-22T15:02:14.446522,KXBTCD-25MAY2219-T111249.99,DELTA,22,200,27,50,438,no,70,1000
2025-05-22T15:02:14.446650,KXBTCD-25MAY2219-T111249.99,DELTA,22,200,27,50,439,yes,17,30
2025-05-22T15:02:14.446742,KXBTCD-25MAY2219-T111249.99,DELTA,22,200,27,50,440,no,70,-14
2025-05-22T15:02:14.446818,KXBTCD-25MAY2219-T111249.99,DELTA,22,200,27,64,441,no,73,14
2025-05-22T15:02:14.446885,KXBTCD-25MAY2219-T111249.99,DELTA,22,200,27,64,442,no,69,-30
2025-05-22T15:02:14.463122,KXBTCD-25MAY2219-T111249.99,DELTA,22,200,27,64,443,no,72,30
2025-05-22T15:02:14.501459,KXBTCD-25MAY2219-T111249.99,DELTA,22,200,27,14,444,no,73,-50
2025-05-22T15:02:14.501601,KXBTCD-25MAY2219-T111249.99,DELTA,22,200,27,14,445,yes,21,-1000
2025-05-22T15:02:14.521629,KXBTCD-25MAY2219-T111249.99,DELTA,22,200,27,14,446,no,70,-1000
2025-05-22T15:02:14.564454,KXBTCD-25MAY2219-T111249.99,DELTA,22,200,27,214,447,no,73,200
2025-05-22T15:02:14.564616,KXBTCD-25MAY2219-T111249.99,DELTA,22,200,27,214,448,yes,18,1000
2025-05-22T15:02:14.582308,KXBTCD-25MAY2219-T111249.99,DELTA,22,200,27,1214,449,no,73,1000
2025-05-22T15:02:14.682718,KXBTCD-25MAY2219-T111249.99,DELTA,18,1014,27,1214,450,yes,22,-200
2025-05-22T15:02:14.702743,KXBTCD-25MAY2219-T111249.99,DELTA,21,300,27,1214,451,yes,21,300
2025-05-22T15:02:14.741653,KXBTCD-25MAY2219-T111249.99,DELTA,21,300,27,214,452,no,73,-1000
2025-05-22T15:02:14.761875,KXBTCD-25MAY2219-T111249.99,DELTA,21,300,27,214,453,yes,18,-1000
2025-05-22T15:02:14.802374,KXBTCD-25MAY2219-T111249.99,DELTA,21,300,26,1000,454,no,74,1000
2025-05-22T15:02:14.802820,KXBTCD-25MAY2219-T111249.99,DELTA,21,1300,26,1000,455,yes,21,1000
2025-05-22T15:02:15.082576,KXBTCD-25MAY2219-T111249.99,DELTA,21,1300,26,1000,456,yes,2,-16200
2025-05-22T15:02:15.082974,KXBTCD-25MAY2219-T111249.99,DELTA,21,1300,26,1000,457,yes,1,32400
2025-05-22T15:02:15.162767,KXBTCD-25MAY2219-T111249.99,DELTA,21,1300,26,1000,458,yes,3,-20000
2025-05-22T15:02:15.163163,KXBTCD-25MAY2219-T111249.99,DELTA,21,1300,26,1000,459,yes,3,-2000
2025-05-22T15:02:15.221410,KXBTCD-25MAY2219-T111249.99,DELTA,21,1300,26,1000,460,yes,2,20000
2025-05-22T15:02:15.221696,KXBTCD-25MAY2219-T111249.99,DELTA,21,1300,26,1000,461,yes,2,2000
2025-05-22T15:02:15.662506,KXBTCD-25MAY2219-T111249.99,DELTA,23,100,26,1000,462,yes,23,100
2025-05-22T15:02:16.101833,KXBTCD-25MAY2219-T111249.99,DELTA,21,1300,26,1000,463,yes,23,-100
2025-05-22T15:02:16.422719,KXBTCD-25MAY2219-T111249.99,DELTA,21,1300,26,1000,464,yes,1,-32400
2025-05-22T15:02:16.422967,KXBTCD-25MAY2219-T111249.99,DELTA,21,1300,26,1000,465,yes,2,16200
2025-05-22T15:02:16.483133,KXBTCD-25MAY2219-T111249.99,DELTA,21,1300,26,1000,466,yes,2,-20000
2025-05-22T15:02:16.502539,KXBTCD-25MAY2219-T111249.99,DELTA,21,1300,26,1000,467,yes,2,-2000
2025-05-22T15:02:16.542047,KXBTCD-25MAY2219-T111249.99,DELTA,21,1300,26,1000,468,yes,3,20000
2025-05-22T15:02:16.542334,KXBTCD-25MAY2219-T111249.99,DELTA,21,1300,26,1000,469,yes,3,2000
2025-05-22T15:02:16.616247,KXBTCD-25MAY2219-T111249.99,DELTA,21,1300,26,1000,470,no,70,100
2025-05-22T15:02:16.842583,KXBTCD-25MAY2219-T111249.99,DELTA,21,300,26,1000,471,yes,21,-1000
2025-05-22T15:02:16.843037,KXBTCD-25MAY2219-T111249.99,DELTA,21,300,27,214,472,no,74,-1000
2025-05-22T15:02:16.882160,KXBTCD-25MAY2219-T111249.99,DELTA,21,300,27,1214,473,no,73,1000
2025-05-22T15:02:16.901668,KXBTCD-25MAY2219-T111249.99,DELTA,22,1000,27,1214,474,yes,22,1000
2025-05-22T15:02:17.082713,KXBTCD-25MAY2219-T111249.99,DELTA,22,1000,27,1214,475,no,70,-100
2025-05-22T15:02:17.544386,KXBTCD-25MAY2219-T111249.99,DELTA,22,1100,27,1214,476,yes,22,100
2025-05-22T15:02:17.802284,KXBTCD-25MAY2219-T111249.99,DELTA,22,1100,27,1214,477,yes,2,-16200
2025-05-22T15:02:17.802500,KXBTCD-25MAY2219-T111249.99,DELTA,22,1100,27,1214,478,yes,1,32400
2025-05-22T15:02:17.942638,KXBTCD-25MAY2219-T111249.99,DELTA,22,1100,27,1214,479,yes,3,-20000
2025-05-22T15:02:17.942873,KXBTCD-25MAY2219-T111249.99,DELTA,22,1100,27,1214,480,yes,3,-2000
2025-05-22T15:02:17.982011,KXBTCD-25MAY2219-T111249.99,DELTA,22,1100,27,1214,481,yes,2,2000
2025-05-22T15:02:17.982142,KXBTCD-25MAY2219-T111249.99,DELTA,22,1100,27,1214,482,yes,2,20000
2025-05-22T15:02:18.142891,KXBTCD-25MAY2219-T111249.99,DELTA,22,100,27,1214,483,yes,22,-1000
2025-05-22T15:02:18.163732,KXBTCD-25MAY2219-T111249.99,DELTA,22,100,27,214,484,no,73,-1000
2025-05-22T15:02:18.202195,KXBTCD-25MAY2219-T111249.99,DELTA,22,100,26,1000,485,no,74,1000
2025-05-22T15:02:18.202569,KXBTCD-25MAY2219-T111249.99,DELTA,22,100,26,1000,486,yes,21,1000
2025-05-22T15:02:18.762811,KXBTCD-25MAY2219-T111249.99,DELTA,22,100,26,1000,487,no,70,100
2025-05-22T15:02:20.583246,KXBTCD-25MAY2219-T111249.99,DELTA,22,100,26,1000,488,no,70,-100
2025-05-22T15:02:21.963233,KXBTCD-25MAY2219-T111249.99,DELTA,22,100,26,1000,489,yes,1,-32400
2025-05-22T15:02:21.963542,KXBTCD-25MAY2219-T111249.99,DELTA,22,100,26,1000,490,yes,2,16200
2025-05-22T15:02:22.023005,KXBTCD-25MAY2219-T111249.99,DELTA,22,100,26,1000,491,yes,2,-20000
2025-05-22T15:02:22.023610,KXBTCD-25MAY2219-T111249.99,DELTA,22,100,26,1000,492,yes,2,-2000
2025-05-22T15:02:22.082244,KXBTCD-25MAY2219-T111249.99,DELTA,22,100,26,1000,493,yes,3,2000
2025-05-22T15:02:22.082495,KXBTCD-25MAY2219-T111249.99,DELTA,22,100,26,1000,494,yes,3,20000
2025-05-22T15:02:22.583222,KXBTCD-25MAY2219-T111249.99,DELTA,22,100,26,1000,495,no,70,100
2025-05-22T15:02:23.701893,KXBTCD-25MAY2219-T111249.99,DELTA,22,100,26,1000,496,yes,21,-1000
2025-05-22T15:02:23.724191,KXBTCD-25MAY2219-T111249.99,DELTA,22,100,26,1000,497,yes,3,1250
2025-05-22T15:02:23.724403,KXBTCD-25MAY2219-T111249.99,DELTA,22,100,26,1000,498,no,41,-2000
2025-05-22T15:02:23.724526,KXBTCD-25MAY2219-T111249.99,DELTA,22,100,26,1000,499,yes,21,-300
2025-05-22T15:02:23.796772,KXBTCD-25MAY2219-T111249.99,DELTA,22,100,26,1000,500,no,73,-200
2025-05-22T15:02:23.796950,KXBTCD-25MAY2219-T111249.99,DELTA,22,100,26,1000,501,no,18,-8000
2025-05-22T15:02:23.801560,KXBTCD-25MAY2219-T111249.99,DELTA,22,100,26,1000,502,yes,16,30
2025-05-22T15:02:23.801682,KXBTCD-25MAY2219-T111249.99,DELTA,22,100,26,1000,503,yes,17,14
2025-05-22T15:02:23.801761,KXBTCD-25MAY2219-T111249.99,DELTA,22,100,26,1000,504,yes,17,-30
2025-05-22T15:02:23.801830,KXBTCD-25MAY2219-T111249.99,DELTA,22,100,26,1000,505,yes,18,-14
2025-05-22T15:02:23.801889,KXBTCD-25MAY2219-T111249.99,DELTA,22,100,26,1000,506,no,73,30
2025-05-22T15:02:23.802055,KXBTCD-25MAY2219-T111249.99,DELTA,22,100,26,1014,507,no,74,14
2025-05-22T15:02:23.802118,KXBTCD-25MAY2219-T111249.99,DELTA,22,100,26,1014,508,no,72,-30
2025-05-22T15:02:23.820841,KXBTCD-25MAY2219-T111249.99,DELTA,22,100,26,3014,509,no,74,2000
2025-05-22T15:02:23.820943,KXBTCD-25MAY2219-T111249.99,DELTA,22,100,26,3014,510,no,73,-14
2025-05-22T15:02:23.841611,KXBTCD-25MAY2219-T111249.99,DELTA,22,100,26,3014,511,yes,19,350
2025-05-22T15:02:23.841799,KXBTCD-25MAY2219-T111249.99,DELTA,22,100,26,3014,512,yes,18,1000
2025-05-22T15:02:23.841884,KXBTCD-25MAY2219-T111249.99,DELTA,22,100,25,300,513,no,75,300
2025-05-22T15:02:23.861232,KXBTCD-25MAY2219-T111249.99,DELTA,22,100,25,300,514,yes,6,9
2025-05-22T15:02:23.861564,KXBTCD-25MAY2219-T111249.99,DELTA,22,100,25,300,515,no,25,8000
2025-05-22T15:02:23.903495,KXBTCD-25MAY2219-T111249.99,DELTA,22,100,25,300,516,no,74,-1000
2025-05-22T15:02:23.998772,KXBTCD-25MAY2219-T111249.99,DELTA,22,100,25,300,517,yes,18,-1000
2025-05-22T15:02:23.998952,KXBTCD-25MAY2219-T111249.99,DELTA,22,100,25,300,518,no,74,-2000
2025-05-22T15:02:23.999190,KXBTCD-25MAY2219-T111249.99,DELTA,22,100,24,1000,519,no,76,1000
2025-05-22T15:02:24.002635,KXBTCD-25MAY2219-T111249.99,DELTA,22,100,24,1000,520,yes,17,1000
2025-05-22T15:02:24.002845,KXBTCD-25MAY2219-T111249.99,DELTA,22,100,24,1000,521,no,41,2000
2025-05-22T15:02:24.282763,KXBTCD-25MAY2219-T111249.99,DELTA,22,100,24,1000,522,yes,2,-16200
2025-05-22T15:02:24.283431,KXBTCD-25MAY2219-T111249.99,DELTA,22,100,24,1000,523,yes,1,32400
2025-05-22T15:02:24.322087,KXBTCD-25MAY2219-T111249.99,DELTA,22,100,24,1000,524,no,19,-1705
2025-05-22T15:02:24.322731,KXBTCD-25MAY2219-T111249.99,DELTA,22,100,24,1000,525,no,6,5400
2025-05-22T15:02:24.342373,KXBTCD-25MAY2219-T111249.99,DELTA,22,100,24,1000,526,yes,3,-20000
2025-05-22T15:02:24.362473,KXBTCD-25MAY2219-T111249.99,DELTA,22,100,24,1000,527,yes,3,-2000
2025-05-22T15:02:24.363292,KXBTCD-25MAY2219-T111249.99,DELTA,22,100,24,1000,528,yes,3,-1250
2025-05-22T15:02:24.381875,KXBTCD-25MAY2219-T111249.99,DELTA,22,100,24,1000,529,no,5,-20000
2025-05-22T15:02:24.402727,KXBTCD-25MAY2219-T111249.99,DELTA,22,100,24,1000,530,yes,2,2000
2025-05-22T15:02:24.403153,KXBTCD-25MAY2219-T111249.99,DELTA,22,100,24,1000,531,yes,2,20000
2025-05-22T15:02:24.403317,KXBTCD-25MAY2219-T111249.99,DELTA,22,100,24,1000,532,yes,2,1250
2025-05-22T15:02:24.403461,KXBTCD-25MAY2219-T111249.99,DELTA,22,100,24,1000,533,no,7,20000
2025-05-22T15:02:24.661525,KXBTCD-25MAY2219-T111249.99,DELTA,22,100,24,1000,534,no,41,-2000
2025-05-22T15:02:24.762214,KXBTCD-25MAY2219-T111249.99,DELTA,22,100,24,1000,535,yes,5,-3000
2025-05-22T15:02:24.805719,KXBTCD-25MAY2219-T111249.99,DELTA,22,100,24,1000,536,yes,6,-9
2025-05-22T15:02:24.822430,KXBTCD-25MAY2219-T111249.99,DELTA,22,100,24,1000,537,yes,2,3000
2025-05-22T15:02:24.822745,KXBTCD-25MAY2219-T111249.99,DELTA,22,100,24,1000,538,yes,19,-350
2025-05-22T15:02:24.882451,KXBTCD-25MAY2219-T111249.99,DELTA,22,100,24,1000,539,no,75,-300
2025-05-22T15:02:24.902489,KXBTCD-25MAY2219-T111249.99,DELTA,22,100,24,1000,540,no,75,1250
2025-05-22T15:02:24.941519,KXBTCD-25MAY2219-T111249.99,DELTA,22,100,24,1000,541,yes,18,250
2025-05-22T15:02:24.941697,KXBTCD-25MAY2219-T111249.99,DELTA,22,100,24,1000,542,no,75,2000
2025-05-22T15:02:24.941958,KXBTCD-25MAY2219-T111249.99,DELTA,22,100,23,100,543,no,77,100
2025-05-22T15:02:24.962605,KXBTCD-25MAY2219-T111249.99,DELTA,22,100,23,100,544,no,76,-1000
2025-05-22T15:02:24.983197,KXBTCD-25MAY2219-T111249.99,DELTA,22,100,23,100,545,no,75,-1250
2025-05-22T15:02:25.002496,KXBTCD-25MAY2219-T111249.99,DELTA,22,100,23,100,546,no,70,-100
2025-05-22T15:02:25.002649,KXBTCD-25MAY2219-T111249.99,DELTA,22,100,23,100,547,no,75,-2000
2025-05-22T15:02:25.043138,KXBTCD-25MAY2219-T111249.99,DELTA,22,100,23,1100,548,no,77,1000
2025-05-22T15:02:25.043350,KXBTCD-25MAY2219-T111249.99,DELTA,22,100,23,1100,549,no,41,2000
2025-05-22T15:02:25.082302,KXBTCD-25MAY2219-T111249.99,DELTA,22,100,23,1000,550,no,77,-100
2025-05-22T15:02:25.103515,KXBTCD-25MAY2219-T111249.99,DELTA,22,100,23,1000,551,yes,17,-1000
2025-05-22T15:02:25.182255,KXBTCD-25MAY2219-T111249.99,DELTA,22,100,26,14,552,no,77,-1000
2025-05-22T15:02:25.182411,KXBTCD-25MAY2219-T111249.99,DELTA,22,100,26,14,553,yes,18,1000
2025-05-22T15:02:25.222536,KXBTCD-25MAY2219-T111249.99,DELTA,22,100,26,1014,554,no,74,1000
2025-05-22T15:02:25.262439,KXBTCD-25MAY2219-T111249.99,DELTA,22,100,26,1014,555,yes,18,-250
2025-05-22T15:02:25.342553,KXBTCD-25MAY2219-T111249.99,DELTA,22,100,26,1014,556,yes,20,50
2025-05-22T15:02:25.342785,KXBTCD-25MAY2219-T111249.99,DELTA,22,100,25,250,557,no,75,250
2025-05-22T15:02:25.362369,KXBTCD-25MAY2219-T111249.99,DELTA,22,100,25,250,558,yes,18,-1000
2025-05-22T15:02:25.401672,KXBTCD-25MAY2219-T111249.99,DELTA,22,100,25,250,559,no,74,-1000
2025-05-22T15:02:25.422820,KXBTCD-25MAY2219-T111249.99,DELTA,22,100,25,250,560,yes,17,1000
2025-05-22T15:02:25.481421,KXBTCD-25MAY2219-T111249.99,DELTA,22,100,24,1000,561,no,76,1000
2025-05-22T15:02:25.544411,KXBTCD-25MAY2219-T111249.99,DELTA,22,100,24,1000,562,no,50,9
2025-05-22T15:02:25.562551,KXBTCD-25MAY2219-T111249.99,DELTA,22,100,24,1000,563,yes,18,9
2025-05-22T15:02:25.563193,KXBTCD-25MAY2219-T111249.99,DELTA,22,100,24,1000,564,yes,1,-32400
2025-05-22T15:02:25.623839,KXBTCD-25MAY2219-T111249.99,DELTA,22,100,24,1000,565,no,6,-5400
2025-05-22T15:02:25.624605,KXBTCD-25MAY2219-T111249.99,DELTA,22,100,24,1000,566,no,8,4050
2025-05-22T15:02:25.624991,KXBTCD-25MAY2219-T111249.99,DELTA,22,100,24,1000,567,yes,2,-20000
2025-05-22T15:02:25.625298,KXBTCD-25MAY2219-T111249.99,DELTA,22,100,24,1000,568,yes,2,-2000
2025-05-22T15:02:25.641753,KXBTCD-25MAY2219-T111249.99,DELTA,22,100,24,1000,569,yes,2,-1250
2025-05-22T15:02:25.662893,KXBTCD-25MAY2219-T111249.99,DELTA,20,50,24,1000,570,yes,22,-100
2025-05-22T15:02:25.701735,KXBTCD-25MAY2219-T111249.99,DELTA,20,50,24,1000,571,no,7,-20000
2025-05-22T15:02:25.742826,KXBTCD-25MAY2219-T111249.99,DELTA,20,50,24,1000,572,no,9,20000
2025-05-22T15:02:26.019720,KXBTCD-25MAY2219-T111249.99,DELTA,18,9,24,1000,573,yes,20,-50
2025-05-22T15:02:26.021350,KXBTCD-25MAY2219-T111249.99,DELTA,19,400,24,1000,574,yes,19,400
2025-05-22T15:02:26.242436,KXBTCD-25MAY2219-T111249.99,DELTA,18,9,24,1000,575,yes,19,-400
2025-05-22T15:02:26.261923,KXBTCD-25MAY2219-T111249.99,DELTA,18,9,24,1000,576,no,75,-250
2025-05-22T15:02:26.343180,KXBTCD-25MAY2219-T111249.99,DELTA,21,150,24,1000,577,yes,21,150
2025-05-22T15:02:26.343342,KXBTCD-25MAY2219-T111249.99,DELTA,21,150,26,14,578,no,76,-1000
2025-05-22T15:02:26.343426,KXBTCD-25MAY2219-T111249.99,DELTA,21,150,26,164,579,no,74,150
2025-05-22T15:02:26.361417,KXBTCD-25MAY2219-T111249.99,DELTA,21,150,26,164,580,no,50,-9
2025-05-22T15:02:26.361550,KXBTCD-25MAY2219-T111249.99,DELTA,21,150,26,164,581,yes,18,-9
2025-05-22T15:02:26.402230,KXBTCD-25MAY2219-T111249.99,DELTA,21,150,26,1164,582,no,74,1000
2025-05-22T15:02:26.422801,KXBTCD-25MAY2219-T111249.99,DELTA,17,1014,26,1164,583,yes,21,-150
2025-05-22T15:02:26.442363,KXBTCD-25MAY2219-T111249.99,DELTA,17,1014,26,1014,584,no,74,-150
2025-05-22T15:02:26.482264,KXBTCD-25MAY2219-T111249.99,DELTA,17,1014,26,14,585,no,74,-1000
2025-05-22T15:02:26.482434,KXBTCD-25MAY2219-T111249.99,DELTA,21,350,26,14,586,yes,21,350
2025-05-22T15:02:26.501738,KXBTCD-25MAY2219-T111249.99,DELTA,21,350,26,14,587,no,73,300
2025-05-22T15:02:26.562066,KXBTCD-25MAY2219-T111249.99,DELTA,21,350,26,1014,588,no,74,1000
2025-05-22T15:02:26.601693,KXBTCD-25MAY2219-T111249.99,DELTA,21,350,26,1014,589,yes,17,-1000
2025-05-22T15:02:26.663244,KXBTCD-25MAY2219-T111249.99,DELTA,21,1350,26,1014,590,yes,21,1000
2025-05-22T15:02:26.904920,KXBTCD-25MAY2219-T111249.99,DELTA,21,1350,26,1014,591,no,8,-4050
2025-05-22T15:02:26.906991,KXBTCD-25MAY2219-T111249.99,DELTA,21,1350,26,1014,592,no,10,3240
2025-05-22T15:02:26.963447,KXBTCD-25MAY2219-T111249.99,DELTA,21,1350,26,1014,593,no,9,-20000
2025-05-22T15:02:27.004570,KXBTCD-25MAY2219-T111249.99,DELTA,21,1350,26,1014,594,no,11,20000
2025-05-22T15:02:27.122148,KXBTCD-25MAY2219-T111249.99,DELTA,21,1350,26,1014,595,yes,18,30
2025-05-22T15:02:27.141762,KXBTCD-25MAY2219-T111249.99,DELTA,21,1350,26,1014,596,no,71,100
2025-05-22T15:02:27.141892,KXBTCD-25MAY2219-T111249.99,DELTA,21,1350,26,1014,597,yes,16,-30
2025-05-22T15:02:27.141974,KXBTCD-25MAY2219-T111249.99,DELTA,21,1350,26,1014,598,no,71,30
2025-05-22T15:02:27.142044,KXBTCD-25MAY2219-T111249.99,DELTA,21,1350,26,1014,599,no,73,-30
2025-05-22T15:02:27.445493,KXBTCD-25MAY2219-T111249.99,DELTA,21,1350,26,1014,600,yes,17,-14
2025-05-22T15:02:27.446274,KXBTCD-25MAY2219-T111249.99,DELTA,21,1350,26,1014,601,yes,19,14
2025-05-22T15:02:27.446510,KXBTCD-25MAY2219-T111249.99,DELTA,21,1350,26,1000,602,no,74,-14
2025-05-22T15:02:27.446802,KXBTCD-25MAY2219-T111249.99,DELTA,21,1350,26,1000,603,no,72,14
2025-05-22T15:02:28.124075,KXBTCD-25MAY2219-T111249.99,DELTA,21,1350,26,1000,604,no,10,-3240
2025-05-22T15:02:28.124702,KXBTCD-25MAY2219-T111249.99,DELTA,21,1350,26,1000,605,no,12,2700
2025-05-22T15:02:28.203294,KXBTCD-25MAY2219-T111249.99,DELTA,21,1350,26,1000,606,no,11,-20000
2025-05-22T15:02:28.262684,KXBTCD-25MAY2219-T111249.99,DELTA,21,1350,26,1000,607,no,5,20000
2025-05-22T15:02:28.303434,KXBTCD-25MAY2219-T111249.99,DELTA,21,350,26,1000,608,yes,21,-1000
2025-05-22T15:02:28.324018,KXBTCD-25MAY2219-T111249.99,DELTA,21,350,27,300,609,no,74,-1000
2025-05-22T15:02:28.363552,KXBTCD-25MAY2219-T111249.99,DELTA,22,1000,27,300,610,yes,22,1000
2025-05-22T15:02:28.382730,KXBTCD-25MAY2219-T111249.99,DELTA,22,1000,27,1300,611,no,73,1000
2025-05-22T15:02:28.542992,KXBTCD-25MAY2219-T111249.99,DELTA,22,1000,27,1300,612,yes,21,100
2025-05-22T15:02:28.563130,KXBTCD-25MAY2219-T111249.99,DELTA,21,450,27,1300,613,yes,22,-1000
2025-05-22T15:02:28.582959,KXBTCD-25MAY2219-T111249.99,DELTA,21,450,27,300,614,no,73,-1000
2025-05-22T15:02:28.622015,KXBTCD-25MAY2219-T111249.99,DELTA,21,450,26,1000,615,no,74,1000
2025-05-22T15:02:28.622230,KXBTCD-25MAY2219-T111249.99,DELTA,21,1450,26,1000,616,yes,21,1000
2025-05-22T15:02:29.202406,KXBTCD-25MAY2219-T111249.99,DELTA,21,450,26,1000,617,yes,21,-1000
2025-05-22T15:02:29.261906,KXBTCD-25MAY2219-T111249.99,DELTA,21,450,26,1000,618,yes,19,1000
2025-05-22T15:02:29.281998,KXBTCD-25MAY2219-T111249.99,DELTA,21,100,26,1000,619,yes,21,-350
2025-05-22T15:02:29.322301,KXBTCD-25MAY2219-T111249.99,DELTA,21,100,26,1000,620,yes,4,9
2025-05-22T15:02:29.342552,KXBTCD-25MAY2219-T111249.99,DELTA,21,100,26,1000,621,no,12,-2700
2025-05-22T15:02:29.343302,KXBTCD-25MAY2219-T111249.99,DELTA,21,100,26,1000,622,no,6,5400
2025-05-22T15:02:29.362934,KXBTCD-25MAY2219-T111249.99,DELTA,21,100,26,1000,623,yes,20,350
2025-05-22T15:02:29.402212,KXBTCD-25MAY2219-T111249.99,DELTA,21,100,26,1000,624,no,5,-20000
2025-05-22T15:02:29.423086,KXBTCD-25MAY2219-T111249.99,DELTA,21,100,26,1000,625,yes,19,-1000
2025-05-22T15:02:29.443169,KXBTCD-25MAY2219-T111249.99,DELTA,21,100,26,1000,626,no,7,20000
2025-05-22T15:02:29.464460,KXBTCD-25MAY2219-T111249.99,DELTA,21,100,26,1000,627,yes,20,1000
2025-05-22T15:02:30.364759,KXBTCD-25MAY2219-T111249.99,DELTA,21,100,26,1000,628,yes,20,-1000
2025-05-22T15:02:30.402703,KXBTCD-25MAY2219-T111249.99,DELTA,21,1100,26,1000,629,yes,21,1000
2025-05-22T15:02:32.063704,KXBTCD-25MAY2219-T111249.99,DELTA,21,1100,26,1000,630,yes,20,-350
2025-05-22T15:02:32.123432,KXBTCD-25MAY2219-T111249.99,DELTA,22,100,26,1000,631,yes,22,100
2025-05-22T15:02:32.161470,KXBTCD-25MAY2219-T111249.99,DELTA,22,100,26,1000,632,yes,4,-9
2025-05-22T15:02:32.965550,KXBTCD-25MAY2219-T111249.99,DELTA,22,100,26,1000,633,yes,21,-1000
2025-05-22T15:02:32.984911,KXBTCD-25MAY2219-T111249.99,DELTA,22,100,27,300,634,no,74,-1000
2025-05-22T15:02:33.030850,KXBTCD-25MAY2219-T111249.99,DELTA,22,100,27,300,635,yes,19,30
2025-05-22T15:02:33.053021,KXBTCD-25MAY2219-T111249.99,DELTA,22,100,27,300,636,yes,18,-30
2025-05-22T15:02:33.053564,KXBTCD-25MAY2219-T111249.99,DELTA,22,100,27,300,637,no,70,30
2025-05-22T15:02:33.054785,KXBTCD-25MAY2219-T111249.99,DELTA,21,100,27,300,638,yes,22,-100
2025-05-22T15:02:33.055422,KXBTCD-25MAY2219-T111249.99,DELTA,21,100,27,300,639,no,71,-30
2025-05-22T15:02:33.056418,KXBTCD-25MAY2219-T111249.99,DELTA,21,100,28,14,640,no,73,-300
2025-05-22T15:02:33.056881,KXBTCD-25MAY2219-T111249.99,DELTA,21,100,27,1000,641,no,73,1000
2025-05-22T15:02:33.061880,KXBTCD-25MAY2219-T111249.99,DELTA,22,1000,27,1000,642,yes,22,1000
2025-05-22T15:02:33.089707,KXBTCD-25MAY2219-T111249.99,DELTA,22,1000,27,1000,643,yes,4,9
2025-05-22T15:02:33.104095,KXBTCD-25MAY2219-T111249.99,DELTA,22,1000,28,14,644,no,73,-1000
2025-05-22T15:02:33.172603,KXBTCD-25MAY2219-T111249.99,DELTA,22,1000,28,14,645,no,71,1000
2025-05-22T15:02:33.182972,KXBTCD-25MAY2219-T111249.99,DELTA,22,1000,28,14,646,yes,21,14
2025-05-22T15:02:33.184139,KXBTCD-25MAY2219-T111249.99,DELTA,22,1000,28,14,647,no,70,14
2025-05-22T15:02:33.209137,KXBTCD-25MAY2219-T111249.99,DELTA,22,1000,28,14,648,yes,19,-14
2025-05-22T15:02:33.209890,KXBTCD-25MAY2219-T111249.99,DELTA,22,1000,28,14,649,no,6,-5400
2025-05-22T15:02:33.210292,KXBTCD-25MAY2219-T111249.99,DELTA,22,1000,28,14,650,no,8,4050
2025-05-22T15:02:33.210503,KXBTCD-25MAY2219-T111249.99,DELTA,22,1000,29,1100,651,no,72,-14
2025-05-22T15:02:33.222899,KXBTCD-25MAY2219-T111249.99,DELTA,24,100,29,1100,652,yes,24,100
2025-05-22T15:02:33.223264,KXBTCD-25MAY2219-T111249.99,DELTA,24,100,29,1300,653,no,71,200
2025-05-22T15:02:33.302733,KXBTCD-25MAY2219-T111249.99,DELTA,24,100,29,1300,654,no,7,-20000
2025-05-22T15:02:33.363106,KXBTCD-25MAY2219-T111249.99,DELTA,24,100,29,1300,655,yes,19,-30
2025-05-22T15:02:33.363740,KXBTCD-25MAY2219-T111249.99,DELTA,24,100,29,1300,656,no,9,20000
2025-05-22T15:02:33.381870,KXBTCD-25MAY2219-T111249.99,DELTA,24,100,29,1300,657,no,70,-30
2025-05-22T15:02:33.382205,KXBTCD-25MAY2219-T111249.99,DELTA,24,100,29,1300,658,yes,21,30
2025-05-22T15:02:33.382443,KXBTCD-25MAY2219-T111249.99,DELTA,24,100,29,1300,659,no,68,30
2025-05-22T15:02:34.143392,KXBTCD-25MAY2219-T111249.99,DELTA,24,100,29,300,660,no,71,-1000
2025-05-22T15:02:34.183378,KXBTCD-25MAY2219-T111249.99,DELTA,24,100,28,1000,661,no,72,1000
2025-05-22T15:02:34.202607,KXBTCD-25MAY2219-T111249.99,DELTA,22,1000,28,1000,662,yes,24,-100
2025-05-22T15:02:34.243409,KXBTCD-25MAY2219-T111249.99,DELTA,22,1000,28,1000,663,no,71,-100
2025-05-22T15:02:34.262994,KXBTCD-25MAY2219-T111249.99,DELTA,22,1000,28,1000,664,yes,4,-9
2025-05-22T15:02:34.263691,KXBTCD-25MAY2219-T111249.99,DELTA,22,1000,28,1000,665,yes,21,-100
2025-05-22T15:02:34.264246,KXBTCD-25MAY2219-T111249.99,DELTA,22,1000,28,1000,666,no,50,9
2025-05-22T15:02:34.282655,KXBTCD-25MAY2219-T111249.99,DELTA,21,44,28,1000,667,yes,22,-1000
2025-05-22T15:02:34.304312,KXBTCD-25MAY2219-T111249.99,DELTA,21,44,28,1000,668,no,41,-2000
2025-05-22T15:02:34.305564,KXBTCD-25MAY2219-T111249.99,DELTA,23,150,28,1000,669,yes,23,150
2025-05-22T15:02:34.363804,KXBTCD-25MAY2219-T111249.99,DELTA,23,150,28,1000,670,no,71,2000
2025-05-22T15:02:34.364763,KXBTCD-25MAY2219-T111249.99,DELTA,23,150,28,1000,671,yes,21,1000
2025-05-22T15:02:34.365643,KXBTCD-25MAY2219-T111249.99,DELTA,21,1044,28,1000,672,yes,23,-150
2025-05-22T15:02:34.404715,KXBTCD-25MAY2219-T111249.99,DELTA,22,350,28,1000,673,yes,22,350
2025-05-22T15:02:34.442755,KXBTCD-25MAY2219-T111249.99,DELTA,22,350,28,1000,674,yes,21,-1000
2025-05-22T15:02:34.462723,KXBTCD-25MAY2219-T111249.99,DELTA,22,350,28,1000,675,no,71,-2000
2025-05-22T15:02:34.502717,KXBTCD-25MAY2219-T111249.99,DELTA,22,350,28,1000,676,no,71,2000
2025-05-22T15:02:34.502907,KXBTCD-25MAY2219-T111249.99,DELTA,22,350,28,1000,677,yes,21,1000
2025-05-22T15:02:34.534626,KXBTCD-25MAY2219-T111249.99,DELTA,22,350,28,1000,678,no,71,-200
2025-05-22T15:02:34.563335,KXBTCD-25MAY2219-T111249.99,DELTA,21,1044,28,1000,679,yes,22,-350
2025-05-22T15:02:34.582429,KXBTCD-25MAY2219-T111249.99,DELTA,21,1044,28,1000,680,no,71,-2000
2025-05-22T15:02:34.601729,KXBTCD-25MAY2219-T111249.99,DELTA,21,1044,30,14,681,no,72,-1000
2025-05-22T15:02:34.626247,KXBTCD-25MAY2219-T111249.99,DELTA,22,50,30,14,682,yes,22,50
2025-05-22T15:02:34.643423,KXBTCD-25MAY2219-T111249.99,DELTA,22,50,27,200,683,no,73,200
2025-05-22T15:02:34.644983,KXBTCD-25MAY2219-T111249.99,DELTA,22,50,27,200,684,no,69,1000
2025-05-22T15:02:34.645961,KXBTCD-25MAY2219-T111249.99,DELTA,22,50,27,200,685,no,41,2000
2025-05-22T15:02:34.702044,KXBTCD-25MAY2219-T111249.99,DELTA,22,50,27,200,686,no,69,-1000
2025-05-22T15:02:34.762234,KXBTCD-25MAY2219-T111249.99,DELTA,22,50,26,1000,687,no,74,1000
2025-05-22T15:02:34.821713,KXBTCD-25MAY2219-T111249.99,DELTA,21,1044,26,1000,688,yes,22,-50
2025-05-22T15:02:34.861323,KXBTCD-25MAY2219-T111249.99,DELTA,21,1344,26,1000,689,yes,21,300
2025-05-22T15:02:35.202892,KXBTCD-25MAY2219-T111249.99,DELTA,21,1344,26,1000,690,yes,19,30
2025-05-22T15:02:35.203047,KXBTCD-25MAY2219-T111249.99,DELTA,21,344,26,1000,691,yes,21,-1000
2025-05-22T15:02:35.203129,KXBTCD-25MAY2219-T111249.99,DELTA,21,314,26,1000,692,yes,21,-30
2025-05-22T15:02:35.203320,KXBTCD-25MAY2219-T111249.99,DELTA,21,314,26,1000,693,no,70,30
2025-05-22T15:02:35.203431,KXBTCD-25MAY2219-T111249.99,DELTA,21,314,26,1000,694,no,68,-30
2025-05-22T15:02:35.282057,KXBTCD-25MAY2219-T111249.99,DELTA,21,314,26,1000,695,yes,20,1000
2025-05-22T15:02:35.321312,KXBTCD-25MAY2219-T111249.99,DELTA,21,314,26,1000,696,no,50,-9
2025-05-22T15:02:35.341794,KXBTCD-25MAY2219-T111249.99,DELTA,21,314,26,1000,697,yes,4,9
2025-05-22T15:02:35.341898,KXBTCD-25MAY2219-T111249.99,DELTA,21,314,26,1000,698,yes,20,-1000
2025-05-22T15:02:35.341977,KXBTCD-25MAY2219-T111249.99,DELTA,21,314,26,1000,699,no,41,-2000
2025-05-22T15:02:35.401535,KXBTCD-25MAY2219-T111249.99,DELTA,21,314,26,1000,700,yes,19,1000
2025-05-22T15:02:35.401676,KXBTCD-25MAY2219-T111249.99,DELTA,21,314,26,1000,701,no,73,2000
2025-05-22T15:02:35.501802,KXBTCD-25MAY2219-T111249.99,DELTA,21,314,26,1000,702,yes,2,16200
2025-05-22T15:02:35.563615,KXBTCD-25MAY2219-T111249.99,DELTA,21,314,26,1000,703,no,8,-4050
2025-05-22T15:02:35.563950,KXBTCD-25MAY2219-T111249.99,DELTA,21,314,26,1000,704,no,26,1246
2025-05-22T15:02:35.564402,KXBTCD-25MAY2219-T111249.99,DELTA,21,314,26,1000,705,yes,3,20000
2025-05-22T15:02:35.564536,KXBTCD-25MAY2219-T111249.99,DELTA,21,314,26,1000,706,yes,3,1250
2025-05-22T15:02:35.582801,KXBTCD-25MAY2219-T111249.99,DELTA,21,314,26,1000,707,yes,3,2000
2025-05-22T15:02:35.621479,KXBTCD-25MAY2219-T111249.99,DELTA,21,314,26,1000,708,no,9,-20000
2025-05-22T15:02:35.682011,KXBTCD-25MAY2219-T111249.99,DELTA,21,314,26,1000,709,no,5,20000
2025-05-22T15:02:35.942757,KXBTCD-25MAY2219-T111249.99,DELTA,21,300,26,1000,710,yes,21,-14
2025-05-22T15:02:35.942907,KXBTCD-25MAY2219-T111249.99,DELTA,21,300,26,1000,711,yes,19,14
2025-05-22T15:02:35.962879,KXBTCD-25MAY2219-T111249.99,DELTA,21,300,26,1000,712,no,72,14
2025-05-22T15:02:35.963140,KXBTCD-25MAY2219-T111249.99,DELTA,21,300,26,1000,713,no,70,-14
2025-05-22T15:02:36.063169,KXBTCD-25MAY2219-T111249.99,DELTA,21,300,26,1000,714,yes,4,-9
2025-05-22T15:02:36.482939,KXBTCD-25MAY2219-T111249.99,DELTA,21,300,26,1000,715,yes,18,30
2025-05-22T15:02:36.483347,KXBTCD-25MAY2219-T111249.99,DELTA,21,300,26,1000,716,yes,19,-30
2025-05-22T15:02:36.483917,KXBTCD-25MAY2219-T111249.99,DELTA,21,300,26,1000,717,no,70,-30
2025-05-22T15:02:36.484098,KXBTCD-25MAY2219-T111249.99,DELTA,21,300,26,1000,718,no,71,30
2025-05-22T15:02:36.983570,KXBTCD-25MAY2219-T111249.99,DELTA,21,300,26,1000,719,no,72,100
2025-05-22T15:02:37.001989,KXBTCD-25MAY2219-T111249.99,DELTA,21,300,26,1000,720,no,73,-2000
2025-05-22T15:02:37.002213,KXBTCD-25MAY2219-T111249.99,DELTA,21,300,26,1000,721,yes,20,100
2025-05-22T15:02:37.043042,KXBTCD-25MAY2219-T111249.99,DELTA,21,300,26,1000,722,no,41,2000
2025-05-22T15:02:37.064346,KXBTCD-25MAY2219-T111249.99,DELTA,21,300,26,1000,723,yes,19,-1000
2025-05-22T15:02:37.123207,KXBTCD-25MAY2219-T111249.99,DELTA,21,300,26,1000,724,yes,20,1000
2025-05-22T15:02:37.262296,KXBTCD-25MAY2219-T111249.99,DELTA,21,300,26,1000,725,yes,18,-30
2025-05-22T15:02:37.262453,KXBTCD-25MAY2219-T111249.99,DELTA,24,30,26,1000,726,yes,24,30
2025-05-22T15:02:37.262559,KXBTCD-25MAY2219-T111249.99,DELTA,24,30,26,1000,727,no,71,-30
2025-05-22T15:02:37.262663,KXBTCD-25MAY2219-T111249.99,DELTA,24,30,26,1000,728,no,65,30
2025-05-22T15:02:37.443446,KXBTCD-25MAY2219-T111249.99,DELTA,24,30,26,1000,729,yes,20,-1000
2025-05-22T15:02:37.443715,KXBTCD-25MAY2219-T111249.99,DELTA,24,30,26,1000,730,yes,3,-1250
2025-05-22T15:02:37.482590,KXBTCD-25MAY2219-T111249.99,DELTA,24,30,26,1000,731,yes,19,-14
2025-05-22T15:02:37.482806,KXBTCD-25MAY2219-T111249.99,DELTA,25,14,26,1000,732,yes,25,14
2025-05-22T15:02:37.483124,KXBTCD-25MAY2219-T111249.99,DELTA,25,14,26,1000,733,no,72,-14
2025-05-22T15:02:37.502083,KXBTCD-25MAY2219-T111249.99,DELTA,25,14,26,1000,734,no,66,14
2025-05-22T15:02:37.502269,KXBTCD-25MAY2219-T111249.99,DELTA,25,14,26,1000,735,yes,21,1000
2025-05-22T15:02:37.962567,KXBTCD-25MAY2219-T111249.99,DELTA,25,14,26,1000,736,yes,21,-1000
2025-05-22T15:02:37.962724,KXBTCD-25MAY2219-T111249.99,DELTA,25,14,26,1000,737,yes,3,1250
2025-05-22T15:02:38.023488,KXBTCD-25MAY2219-T111249.99,DELTA,25,14,26,1000,738,yes,20,1000
2025-05-22T15:02:38.083546,KXBTCD-25MAY2219-T111249.99,DELTA,25,14,26,1000,739,yes,4,9
2025-05-22T15:02:38.083728,KXBTCD-25MAY2219-T111249.99,DELTA,25,14,26,1000,740,yes,20,-100
2025-05-22T15:02:38.142183,KXBTCD-25MAY2219-T111249.99,DELTA,25,14,26,1000,741,yes,20,-1000
2025-05-22T15:02:38.182375,KXBTCD-25MAY2219-T111249.99,DELTA,25,14,26,1000,742,yes,3,1000
2025-05-22T15:02:39.702130,KXBTCD-25MAY2219-T111249.99,DELTA,25,14,26,1000,743,yes,20,100
2025-05-22T15:02:39.763464,KXBTCD-25MAY2219-T111249.99,DELTA,25,14,26,1000,744,yes,3,-1000
2025-05-22T15:02:39.803939,KXBTCD-25MAY2219-T111249.99,DELTA,25,14,26,1000,745,yes,20,1000
2025-05-22T15:02:40.182763,KXBTCD-25MAY2219-T111249.99,DELTA,25,14,26,1000,746,yes,20,-1000
2025-05-22T15:02:40.183453,KXBTCD-25MAY2219-T111249.99,DELTA,25,14,26,1000,747,yes,3,-1250
2025-05-22T15:02:40.222835,KXBTCD-25MAY2219-T111249.99,DELTA,25,14,26,1000,748,yes,21,1000
2025-05-22T15:02:41.301089,KXBTCD-25MAY2219-T111249.99,DELTA,25,14,26,1000,749,yes,20,-100
2025-05-22T15:02:41.341159,KXBTCD-25MAY2219-T111249.99,DELTA,25,14,26,1000,750,yes,4,-9
2025-05-22T15:02:41.443881,KXBTCD-25MAY2219-T111249.99,DELTA,25,14,26,1000,751,yes,21,-1000
2025-05-22T15:02:41.444456,KXBTCD-25MAY2219-T111249.99,DELTA,25,14,26,1000,752,yes,3,1250
2025-05-22T15:02:41.502907,KXBTCD-25MAY2219-T111249.99,DELTA,25,14,26,1000,753,yes,3,1000
2025-05-22T15:02:42.362941,KXBTCD-25MAY2219-T111249.99,DELTA,25,14,26,1000,754,yes,3,-1000
2025-05-22T15:02:42.363743,KXBTCD-25MAY2219-T111249.99,DELTA,25,14,26,1000,755,yes,3,-1250
2025-05-22T15:02:42.401858,KXBTCD-25MAY2219-T111249.99,DELTA,25,14,26,1000,756,yes,21,1000
2025-05-22T15:02:42.463695,KXBTCD-25MAY2219-T111249.99,DELTA,25,14,26,1000,757,yes,4,9
2025-05-22T15:02:42.902362,KXBTCD-25MAY2219-T111249.99,DELTA,25,14,26,1000,758,yes,21,100
2025-05-22T15:02:43.104052,KXBTCD-25MAY2219-T111249.99,DELTA,25,14,26,1000,759,no,72,-100
2025-05-22T15:02:43.963087,KXBTCD-25MAY2219-T111249.99,DELTA,25,14,26,1000,760,yes,21,-100
2025-05-22T15:02:44.083638,KXBTCD-25MAY2219-T111249.99,DELTA,25,14,26,1000,761,yes,4,-9
2025-05-22T15:02:44.502175,KXBTCD-25MAY2219-T111249.99,DELTA,25,14,26,1000,762,no,71,100
2025-05-22T15:02:45.863280,KXBTCD-25MAY2219-T111249.99,DELTA,25,14,26,1000,763,yes,21,100
2025-05-22T15:02:45.964604,KXBTCD-25MAY2219-T111249.99,DELTA,25,14,26,1000,764,yes,21,-1000
2025-05-22T15:02:45.982354,KXBTCD-25MAY2219-T111249.99,DELTA,25,14,27,200,765,no,74,-1000
2025-05-22T15:02:46.023648,KXBTCD-25MAY2219-T111249.99,DELTA,25,14,27,1200,766,no,73,1000
2025-05-22T15:02:46.063222,KXBTCD-25MAY2219-T111249.99,DELTA,25,14,27,1200,767,yes,21,-300
2025-05-22T15:02:46.063596,KXBTCD-25MAY2219-T111249.99,DELTA,25,14,27,1000,768,no,73,-200
2025-05-22T15:02:46.083774,KXBTCD-25MAY2219-T111249.99,DELTA,25,14,27,986,769,no,73,-14
2025-05-22T15:02:46.084186,KXBTCD-25MAY2219-T111249.99,DELTA,26,30,27,986,770,yes,26,30
2025-05-22T15:02:46.084578,KXBTCD-25MAY2219-T111249.99,DELTA,26,30,27,986,771,yes,25,-14
2025-05-22T15:02:46.084862,KXBTCD-25MAY2219-T111249.99,DELTA,26,30,27,986,772,yes,24,-30
2025-05-22T15:02:46.085070,KXBTCD-25MAY2219-T111249.99,DELTA,26,30,27,986,773,yes,22,1000
2025-05-22T15:02:46.085197,KXBTCD-25MAY2219-T111249.99,DELTA,26,30,27,986,774,no,64,14
2025-05-22T15:02:46.085311,KXBTCD-25MAY2219-T111249.99,DELTA,26,30,27,986,775,no,63,30
2025-05-22T15:02:46.085427,KXBTCD-25MAY2219-T111249.99,DELTA,26,30,27,986,776,no,66,-14
2025-05-22T15:02:46.085530,KXBTCD-25MAY2219-T111249.99,DELTA,26,30,27,986,777,no,65,-30
2025-05-22T15:02:46.123705,KXBTCD-25MAY2219-T111249.99,DELTA,26,30,29,100,778,no,73,-986
2025-05-22T15:02:46.144370,KXBTCD-25MAY2219-T111249.99,DELTA,26,30,29,100,779,yes,23,14
2025-05-22T15:02:46.145461,KXBTCD-25MAY2219-T111249.99,DELTA,26,30,29,100,780,no,64,-14
2025-05-22T15:02:46.163208,KXBTCD-25MAY2219-T111249.99,DELTA,26,30,29,100,781,yes,23,100
2025-05-22T15:02:46.163738,KXBTCD-25MAY2219-T111249.99,DELTA,26,30,29,100,782,no,67,14
2025-05-22T15:02:46.163925,KXBTCD-25MAY2219-T111249.99,DELTA,26,30,28,150,783,no,72,150
2025-05-22T15:02:46.164170,KXBTCD-25MAY2219-T111249.99,DELTA,26,30,28,1150,784,no,72,1000
2025-05-22T15:02:46.223318,KXBTCD-25MAY2219-T111249.99,DELTA,26,30,28,150,785,no,72,-1000
2025-05-22T15:02:46.265800,KXBTCD-25MAY2219-T111249.99,DELTA,26,30,28,150,786,yes,21,-100
2025-05-22T15:02:46.266051,KXBTCD-25MAY2219-T111249.99,DELTA,26,30,27,1000,787,no,73,1000
2025-05-22T15:02:46.323324,KXBTCD-25MAY2219-T111249.99,DELTA,26,30,27,1000,788,yes,22,-1000
2025-05-22T15:02:46.362306,KXBTCD-25MAY2219-T111249.99,DELTA,26,30,27,1000,789,yes,3,1000
2025-05-22T15:02:47.203159,KXBTCD-25MAY2219-T111249.99,DELTA,26,30,27,1000,790,yes,23,-100
2025-05-22T15:02:47.203349,KXBTCD-25MAY2219-T111249.99,DELTA,26,30,27,1000,791,no,72,-150
2025-05-22T15:02:47.262749,KXBTCD-25MAY2219-T111249.99,DELTA,26,30,27,1000,792,yes,3,-1000
2025-05-22T15:02:47.263203,KXBTCD-25MAY2219-T111249.99,DELTA,26,30,29,100,793,no,73,-1000
2025-05-22T15:02:47.263398,KXBTCD-25MAY2219-T111249.99,DELTA,26,30,29,100,794,yes,23,350
2025-05-22T15:02:47.283068,KXBTCD-25MAY2219-T111249.99,DELTA,26,30,29,350,795,no,71,250
2025-05-22T15:02:47.324226,KXBTCD-25MAY2219-T111249.99,DELTA,26,30,29,350,796,yes,4,9
2025-05-22T15:02:47.324688,KXBTCD-25MAY2219-T111249.99,DELTA,26,30,29,350,797,yes,3,1000
2025-05-22T15:02:47.324940,KXBTCD-25MAY2219-T111249.99,DELTA,26,30,28,1000,798,no,72,1000
2025-05-22T15:02:47.382594,KXBTCD-25MAY2219-T111249.99,DELTA,26,30,28,1000,799,yes,3,-1000
2025-05-22T15:02:47.473193,KXBTCD-25MAY2219-T111249.99,DELTA,26,30,28,1000,800,yes,23,1000
2025-05-22T15:02:48.323473,KXBTCD-25MAY2219-T111249.99,DELTA,26,30,28,1000,801,no,71,-100
2025-05-22T15:02:48.384736,KXBTCD-25MAY2219-T111249.99,DELTA,26,30,28,1000,802,yes,23,100
2025-05-22T15:02:48.441817,KXBTCD-25MAY2219-T111249.99,DELTA,26,30,28,1000,803,yes,4,-9
2025-05-22T15:02:50.422729,KXBTCD-25MAY2219-T111249.99,DELTA,26,30,28,1000,804,yes,23,-1000
2025-05-22T15:02:50.423109,KXBTCD-25MAY2219-T111249.99,DELTA,26,30,29,250,805,no,72,-1000
2025-05-22T15:02:50.483281,KXBTCD-25MAY2219-T111249.99,DELTA,26,30,29,250,806,yes,24,1000
2025-05-22T15:02:50.484058,KXBTCD-25MAY2219-T111249.99,DELTA,26,30,29,1250,807,no,71,1000
2025-05-22T15:02:50.522593,KXBTCD-25MAY2219-T111249.99,DELTA,26,30,29,1250,808,yes,4,9
2025-05-22T15:02:51.241144,KXBTCD-25MAY2219-T111249.99,DELTA,26,30,29,1250,809,no,69,100
2025-05-22T15:02:51.343458,KXBTCD-25MAY2219-T111249.99,DELTA,26,30,29,1250,810,yes,4,-9
2025-05-22T15:02:52.222493,KXBTCD-25MAY2219-T111249.99,DELTA,26,30,29,1250,811,yes,23,-100
2025-05-22T15:02:52.834251,KXBTCD-25MAY2219-T111249.99,DELTA,26,30,29,250,812,no,71,-1000
2025-05-22T15:02:52.842421,KXBTCD-25MAY2219-T111249.99,DELTA,26,30,29,250,813,no,70,1000
2025-05-22T15:02:52.883728,KXBTCD-25MAY2219-T111249.99,DELTA,26,30,29,250,814,yes,23,-350
2025-05-22T15:02:52.884333,KXBTCD-25MAY2219-T111249.99,DELTA,26,30,30,1000,815,no,71,-250
2025-05-22T15:02:52.943293,KXBTCD-25MAY2219-T111249.99,DELTA,26,30,30,1000,816,yes,25,14
2025-05-22T15:02:52.944446,KXBTCD-25MAY2219-T111249.99,DELTA,26,30,30,1000,817,yes,23,-14
2025-05-22T15:02:52.944854,KXBTCD-25MAY2219-T111249.99,DELTA,26,30,30,1000,818,yes,3,-2000
2025-05-22T15:02:52.945200,KXBTCD-25MAY2219-T111249.99,DELTA,28,30,30,1000,819,yes,28,30
2025-05-22T15:02:52.945454,KXBTCD-25MAY2219-T111249.99,DELTA,28,30,30,1000,820,yes,26,-30
2025-05-22T15:02:52.945663,KXBTCD-25MAY2219-T111249.99,DELTA,28,30,30,1000,821,no,61,30
2025-05-22T15:02:52.945833,KXBTCD-25MAY2219-T111249.99,DELTA,28,30,30,1000,822,yes,24,-1000
2025-05-22T15:02:52.945998,KXBTCD-25MAY2219-T111249.99,DELTA,28,30,30,1000,823,no,67,-14
2025-05-22T15:02:52.946178,KXBTCD-25MAY2219-T111249.99,DELTA,28,30,30,1000,824,no,65,14
2025-05-22T15:02:52.961581,KXBTCD-25MAY2219-T111249.99,DELTA,28,30,31,100,825,no,70,-1000
2025-05-22T15:02:52.962045,KXBTCD-25MAY2219-T111249.99,DELTA,28,30,31,100,826,no,63,-30
2025-05-22T15:02:52.983290,KXBTCD-25MAY2219-T111249.99,DELTA,28,30,31,100,827,yes,25,100
2025-05-22T15:02:52.983802,KXBTCD-25MAY2219-T111249.99,DELTA,28,30,30,150,828,no,70,150
2025-05-22T15:02:53.022440,KXBTCD-25MAY2219-T111249.99,DELTA,28,30,30,150,829,yes,26,1000
2025-05-22T15:02:53.023046,KXBTCD-25MAY2219-T111249.99,DELTA,28,30,30,150,830,yes,3,2000
2025-05-22T15:02:53.023809,KXBTCD-25MAY2219-T111249.99,DELTA,28,30,30,150,831,no,69,1000
2025-05-22T15:02:53.082967,KXBTCD-25MAY2219-T111249.99,DELTA,28,30,31,1100,832,no,70,-150
2025-05-22T15:02:53.103676,KXBTCD-25MAY2219-T111249.99,DELTA,28,30,31,1100,833,no,62,9
2025-05-22T15:02:53.103946,KXBTCD-25MAY2219-T111249.99,DELTA,28,30,31,1100,834,yes,4,9
2025-05-22T15:02:53.162914,KXBTCD-25MAY2219-T111249.99,DELTA,28,30,31,1250,835,no,69,150
2025-05-22T15:02:53.801163,KXBTCD-25MAY2219-T111249.99,DELTA,28,30,31,1150,836,no,69,-100
2025-05-22T15:02:53.923413,KXBTCD-25MAY2219-T111249.99,DELTA,28,30,31,1150,837,yes,4,-9
2025-05-22T15:02:53.924211,KXBTCD-25MAY2219-T111249.99,DELTA,28,30,31,1150,838,no,62,-9
2025-05-22T15:02:54.342939,KXBTCD-25MAY2219-T111249.99,DELTA,28,30,31,1150,839,yes,25,100
2025-05-22T15:02:54.522125,KXBTCD-25MAY2219-T111249.99,DELTA,28,30,31,150,840,no,69,-1000
2025-05-22T15:02:54.620763,KXBTCD-25MAY2219-T111249.99,DELTA,28,30,31,150,841,no,62,1000
2025-05-22T15:02:54.683869,KXBTCD-25MAY2219-T111249.99,DELTA,28,30,31,150,842,no,63,9
2025-05-22T15:02:54.882809,KXBTCD-25MAY2219-T111249.99,DELTA,28,30,31,150,843,yes,25,-100
2025-05-22T15:02:54.883903,KXBTCD-25MAY2219-T111249.99,DELTA,28,30,35,14,844,no,69,-150
2025-05-22T15:02:54.964758,KXBTCD-25MAY2219-T111249.99,DELTA,28,30,35,14,845,yes,26,250
2025-05-22T15:02:54.982869,KXBTCD-25MAY2219-T111249.99,DELTA,28,30,32,250,846,no,68,250
2025-05-22T15:02:55.099100,KXBTCD-25MAY2219-T111249.99,DELTA,28,30,32,250,847,yes,26,-1000
2025-05-22T15:02:55.100509,KXBTCD-25MAY2219-T111249.99,DELTA,28,30,32,250,848,no,62,-1000
2025-05-22T15:02:55.101285,KXBTCD-25MAY2219-T111249.99,DELTA,28,30,32,250,849,yes,27,1000
2025-05-22T15:02:55.122462,KXBTCD-25MAY2219-T111249.99,DELTA,28,30,32,1250,850,no,68,1000
2025-05-22T15:02:55.562659,KXBTCD-25MAY2219-T111249.99,DELTA,28,30,32,1250,851,yes,25,-100
2025-05-22T15:02:55.583663,KXBTCD-25MAY2219-T111249.99,DELTA,28,30,32,1250,852,no,66,100
2025-05-22T15:02:55.663029,KXBTCD-25MAY2219-T111249.99,DELTA,28,30,32,1250,853,no,63,-9
2025-05-22T15:02:56.543734,KXBTCD-25MAY2219-T111249.99,DELTA,28,30,32,1250,854,no,66,-100
2025-05-22T15:02:57.223727,KXBTCD-25MAY2219-T111249.99,DELTA,29,30,32,1250,855,yes,29,30
2025-05-22T15:02:57.224083,KXBTCD-25MAY2219-T111249.99,DELTA,29,30,32,1250,856,yes,25,-14
2025-05-22T15:02:57.224491,KXBTCD-25MAY2219-T111249.99,DELTA,29,30,32,1250,857,yes,26,14
2025-05-22T15:02:57.224570,KXBTCD-25MAY2219-T111249.99,DELTA,29,30,32,1250,858,yes,28,-30
2025-05-22T15:02:57.224640,KXBTCD-25MAY2219-T111249.99,DELTA,29,30,32,1250,859,no,65,-14
2025-05-22T15:02:57.224704,KXBTCD-25MAY2219-T111249.99,DELTA,29,30,32,1250,860,no,60,30
2025-05-22T15:02:57.224763,KXBTCD-25MAY2219-T111249.99,DELTA,29,30,32,1250,861,no,61,-30
2025-05-22T15:02:57.224819,KXBTCD-25MAY2219-T111249.99,DELTA,29,30,32,1250,862,no,64,14
2025-05-22T15:02:57.308819,KXBTCD-25MAY2219-T111249.99,DELTA,29,30,32,1250,863,yes,26,100
2025-05-22T15:02:58.103557,KXBTCD-25MAY2219-T111249.99,DELTA,29,30,32,1250,864,no,66,100
2025-05-22T15:02:59.663493,KXBTCD-25MAY2219-T111249.99,DELTA,29,30,32,1250,865,no,66,-100
2025-05-22T15:03:00.965203,KXBTCD-25MAY2219-T111249.99,DELTA,29,30,32,1250,866,no,66,100
2025-05-22T15:03:03.305164,KXBTCD-25MAY2219-T111249.99,DELTA,29,30,32,250,867,no,68,-1000
2025-05-22T15:03:03.364577,KXBTCD-25MAY2219-T111249.99,DELTA,29,30,32,250,868,no,67,1000
2025-05-22T15:03:03.424212,KXBTCD-25MAY2219-T111249.99,DELTA,29,30,32,250,869,no,50,9
2025-05-22T15:03:03.564257,KXBTCD-25MAY2219-T111249.99,DELTA,29,30,33,1000,870,no,68,-250
2025-05-22T15:03:03.623988,KXBTCD-25MAY2219-T111249.99,DELTA,29,30,33,1300,871,no,67,300
2025-05-22T15:03:04.004780,KXBTCD-25MAY2219-T111249.99,DELTA,29,30,33,1300,872,yes,26,-250
2025-05-22T15:03:04.005663,KXBTCD-25MAY2219-T111249.99,DELTA,29,30,33,300,873,no,67,-1000
2025-05-22T15:03:04.025324,KXBTCD-25MAY2219-T111249.99,DELTA,29,30,33,300,874,no,25,-8000
2025-05-22T15:03:04.026115,KXBTCD-25MAY2219-T111249.99,DELTA,29,30,33,300,875,yes,3,-2000
2025-05-22T15:03:04.045182,KXBTCD-25MAY2219-T111249.99,DELTA,29,30,33,300,876,yes,27,-1000
2025-05-22T15:03:04.045632,KXBTCD-25MAY2219-T111249.99,DELTA,29,30,33,300,877,yes,28,150
2025-05-22T15:03:04.045990,KXBTCD-25MAY2219-T111249.99,DELTA,29,30,33,300,878,yes,26,1250
2025-05-22T15:03:04.088423,KXBTCD-25MAY2219-T111249.99,DELTA,29,30,33,300,879,yes,26,-1250
2025-05-22T15:03:04.089048,KXBTCD-25MAY2219-T111249.99,DELTA,29,30,33,300,880,no,41,-2000
2025-05-22T15:03:04.090276,KXBTCD-25MAY2219-T111249.99,DELTA,29,30,33,300,881,yes,3,-20000
2025-05-22T15:03:04.091208,KXBTCD-25MAY2219-T111249.99,DELTA,29,30,33,300,882,no,5,-20000
2025-05-22T15:03:04.091771,KXBTCD-25MAY2219-T111249.99,DELTA,29,30,33,300,883,no,8,8000
2025-05-22T15:03:04.092343,KXBTCD-25MAY2219-T111249.99,DELTA,29,30,34,100,884,no,67,-300
2025-05-22T15:03:04.143735,KXBTCD-25MAY2219-T111249.99,DELTA,29,30,34,200,885,no,66,100
2025-05-22T15:03:04.164973,KXBTCD-25MAY2219-T111249.99,DELTA,29,30,34,200,886,yes,26,-14
2025-05-22T15:03:04.187362,KXBTCD-25MAY2219-T111249.99,DELTA,31,30,34,200,887,yes,31,30
2025-05-22T15:03:04.188340,KXBTCD-25MAY2219-T111249.99,DELTA,31,30,34,200,888,yes,28,14
2025-05-22T15:03:04.188930,KXBTCD-25MAY2219-T111249.99,DELTA,31,30,34,200,889,no,64,-14
2025-05-22T15:03:04.190001,KXBTCD-25MAY2219-T111249.99,DELTA,31,30,34,200,890,yes,29,-30
2025-05-22T15:03:04.190460,KXBTCD-25MAY2219-T111249.99,DELTA,31,30,34,200,891,yes,2,-3000
2025-05-22T15:03:04.190812,KXBTCD-25MAY2219-T111249.99,DELTA,31,30,34,200,892,no,58,30
2025-05-22T15:03:04.191112,KXBTCD-25MAY2219-T111249.99,DELTA,31,30,34,200,893,no,60,-30
2025-05-22T15:03:04.191525,KXBTCD-25MAY2219-T111249.99,DELTA,31,30,34,200,894,no,62,14
2025-05-22T15:03:04.203452,KXBTCD-25MAY2219-T111249.99,DELTA,31,30,34,200,895,no,49,-3000
2025-05-22T15:03:04.204288,KXBTCD-25MAY2219-T111249.99,DELTA,31,30,34,200,896,yes,4,9
2025-05-22T15:03:04.264336,KXBTCD-25MAY2219-T111249.99,DELTA,31,30,34,200,897,yes,28,-150
2025-05-22T15:03:04.282664,KXBTCD-25MAY2219-T111249.99,DELTA,31,30,34,100,898,no,66,-100
2025-05-22T15:03:04.444107,KXBTCD-25MAY2219-T111249.99,DELTA,31,30,34,100,899,yes,10,3000
2025-05-22T15:03:04.444360,KXBTCD-25MAY2219-T111249.99,DELTA,31,30,34,100,900,yes,3,2000
2025-05-22T15:03:04.444433,KXBTCD-25MAY2219-T111249.99,DELTA,31,30,34,100,901,no,59,1000
2025-05-22T15:03:04.444494,KXBTCD-25MAY2219-T111249.99,DELTA,31,30,34,100,902,no,42,3000
2025-05-22T15:03:04.444552,KXBTCD-25MAY2219-T111249.99,DELTA,31,1030,34,100,903,yes,31,1000
2025-05-22T15:03:04.444890,KXBTCD-25MAY2219-T111249.99,DELTA,31,1280,34,100,904,yes,31,250
2025-05-22T15:03:04.463042,KXBTCD-25MAY2219-T111249.99,DELTA,31,1280,34,100,905,no,63,250
2025-05-22T15:03:04.804835,KXBTCD-25MAY2219-T111249.99,DELTA,31,1280,34,100,906,no,59,-1000
2025-05-22T15:03:04.806031,KXBTCD-25MAY2219-T111249.99,DELTA,31,1280,34,100,907,yes,26,-100
2025-05-22T15:03:04.806650,KXBTCD-25MAY2219-T111249.99,DELTA,31,1280,34,100,908,no,63,1000
2025-05-22T15:03:04.950890,KXBTCD-25MAY2219-T111249.99,DELTA,31,1280,34,100,909,yes,3,-2000
2025-05-22T15:03:04.951666,KXBTCD-25MAY2219-T111249.99,DELTA,31,280,34,100,910,yes,31,-1000
2025-05-22T15:03:04.963759,KXBTCD-25MAY2219-T111249.99,DELTA,31,280,34,100,911,no,63,-1000
2025-05-22T15:03:05.005396,KXBTCD-25MAY2219-T111249.99,DELTA,32,1000,34,100,912,yes,32,1000
2025-05-22T15:03:05.006058,KXBTCD-25MAY2219-T111249.99,DELTA,32,1000,34,100,913,yes,31,2000
2025-05-22T15:03:05.006612,KXBTCD-25MAY2219-T111249.99,DELTA,32,1000,34,100,914,no,59,1000
2025-05-22T15:03:05.065472,KXBTCD-25MAY2219-T111249.99,DELTA,32,1000,34,100,915,yes,4,-9
2025-05-22T15:03:05.085423,KXBTCD-25MAY2219-T111249.99,DELTA,32,1000,34,100,916,no,50,-9
2025-05-22T15:03:05.445127,KXBTCD-25MAY2219-T111249.99,DELTA,32,1000,34,100,917,yes,2,-16200
2025-05-22T15:03:05.445978,KXBTCD-25MAY2219-T111249.99,DELTA,32,1000,34,100,918,yes,1,32400
2025-05-22T15:03:05.504034,KXBTCD-25MAY2219-T111249.99,DELTA,32,1000,34,100,919,no,26,-1246
2025-05-22T15:03:05.504819,KXBTCD-25MAY2219-T111249.99,DELTA,32,1000,34,100,920,no,9,3600
2025-05-22T15:03:05.644034,KXBTCD-25MAY2219-T111249.99,DELTA,32,1000,34,100,921,yes,2,20000
2025-05-22T15:03:05.704699,KXBTCD-25MAY2219-T111249.99,DELTA,32,1000,37,250,922,no,66,-100
2025-05-22T15:03:05.823870,KXBTCD-25MAY2219-T111249.99,DELTA,32,1000,37,250,923,no,10,20000
2025-05-22T15:03:06.604714,KXBTCD-25MAY2219-T111249.99,DELTA,32,1000,37,250,924,yes,1,-32400
2025-05-22T15:03:06.665572,KXBTCD-25MAY2219-T111249.99,DELTA,32,1000,37,250,925,no,9,-3600
2025-05-22T15:03:06.665862,KXBTCD-25MAY2219-T111249.99,DELTA,32,1000,37,250,926,no,11,2945
2025-05-22T15:03:06.665979,KXBTCD-25MAY2219-T111249.99,DELTA,32,1000,37,250,927,yes,2,-20000
2025-05-22T15:03:06.723671,KXBTCD-25MAY2219-T111249.99,DELTA,32,1000,37,250,928,no,10,-20000
2025-05-22T15:03:06.765549,KXBTCD-25MAY2219-T111249.99,DELTA,32,1000,38,14,929,no,63,-250
2025-05-22T15:03:06.803598,KXBTCD-25MAY2219-T111249.99,DELTA,32,1000,38,14,930,yes,31,-2000
2025-05-22T15:03:06.803858,KXBTCD-25MAY2219-T111249.99,DELTA,32,1000,38,14,931,no,5,20000
2025-05-22T15:03:06.804221,KXBTCD-25MAY2219-T111249.99,DELTA,32,1000,38,14,932,no,40,-200
2025-05-22T15:03:06.804360,KXBTCD-25MAY2219-T111249.99,DELTA,32,1000,38,14,933,no,30,200
2025-05-22T15:03:06.823786,KXBTCD-25MAY2219-T111249.99,DELTA,32,1000,38,14,934,yes,31,-250
2025-05-22T15:03:06.844708,KXBTCD-25MAY2219-T111249.99,DELTA,32,1000,38,14,935,yes,31,2000
2025-05-22T15:03:06.863615,KXBTCD-25MAY2219-T111249.99,DELTA,32,1000,38,14,936,yes,30,100
2025-05-22T15:03:06.863957,KXBTCD-25MAY2219-T111249.99,DELTA,32,1200,38,14,937,yes,32,200
2025-05-22T15:03:06.883505,KXBTCD-25MAY2219-T111249.99,DELTA,32,1200,38,314,938,no,62,300
2025-05-22T15:03:06.943330,KXBTCD-25MAY2219-T111249.99,DELTA,32,1200,38,314,939,yes,31,-2000
2025-05-22T15:03:06.964939,KXBTCD-25MAY2219-T111249.99,DELTA,32,1000,38,314,940,yes,32,-200
2025-05-22T15:03:06.965142,KXBTCD-25MAY2219-T111249.99,DELTA,32,1000,38,14,941,no,62,-300
2025-05-22T15:03:06.984542,KXBTCD-25MAY2219-T111249.99,DELTA,32,1000,38,14,942,no,59,-1000
2025-05-22T15:03:07.025027,KXBTCD-25MAY2219-T111249.99,DELTA,31,30,38,14,943,yes,32,-1000
2025-05-22T15:03:07.064435,KXBTCD-25MAY2219-T111249.99,DELTA,32,200,38,14,944,yes,32,200
2025-05-22T15:03:07.064642,KXBTCD-25MAY2219-T111249.99,DELTA,32,200,37,50,945,no,63,50
2025-05-22T15:03:07.105048,KXBTCD-25MAY2219-T111249.99,DELTA,32,1200,37,50,946,yes,32,1000
2025-05-22T15:03:07.144790,KXBTCD-25MAY2219-T111249.99,DELTA,32,200,37,50,947,yes,32,-1000
2025-05-22T15:03:07.204718,KXBTCD-25MAY2219-T111249.99,DELTA,33,1000,37,50,948,yes,33,1000
2025-05-22T15:03:07.264496,KXBTCD-25MAY2219-T111249.99,DELTA,33,1000,37,50,949,no,31,2000
2025-05-22T15:03:07.264650,KXBTCD-25MAY2219-T111249.99,DELTA,33,1000,37,50,950,yes,30,-100
2025-05-22T15:03:07.264748,KXBTCD-25MAY2219-T111249.99,DELTA,33,1000,37,50,951,no,59,1000
2025-05-22T15:03:07.343102,KXBTCD-25MAY2219-T111249.99,DELTA,33,1000,37,50,952,yes,32,-200
2025-05-22T15:03:07.364709,KXBTCD-25MAY2219-T111249.99,DELTA,33,1000,38,14,953,no,63,-50
2025-05-22T15:03:07.404258,KXBTCD-25MAY2219-T111249.99,DELTA,31,30,38,14,954,yes,33,-1000
2025-05-22T15:03:07.424509,KXBTCD-25MAY2219-T111249.99,DELTA,31,230,38,14,955,yes,31,200
2025-05-22T15:03:07.424875,KXBTCD-25MAY2219-T111249.99,DELTA,31,230,36,50,956,no,64,50
2025-05-22T15:03:07.543808,KXBTCD-25MAY2219-T111249.99,DELTA,32,1000,36,50,957,yes,32,1000
2025-05-22T15:03:07.543921,KXBTCD-25MAY2219-T111249.99,DELTA,32,1000,38,14,958,no,64,-50
2025-05-22T15:03:07.564121,KXBTCD-25MAY2219-T111249.99,DELTA,32,1000,37,250,959,no,63,250
2025-05-22T15:03:07.871014,KXBTCD-25MAY2219-T111249.99,DELTA,32,1000,37,250,960,no,61,100
2025-05-22T15:03:07.925031,KXBTCD-25MAY2219-T111249.99,DELTA,32,1000,37,250,961,no,59,-1000
2025-05-22T15:03:07.984483,KXBTCD-25MAY2219-T111249.99,DELTA,32,1000,37,250,962,no,62,1000
2025-05-22T15:03:08.084336,KXBTCD-25MAY2219-T111249.99,DELTA,32,1000,37,250,963,no,11,-2945
2025-05-22T15:03:08.084655,KXBTCD-25MAY2219-T111249.99,DELTA,32,1000,37,250,964,no,9,3600
2025-05-22T15:03:08.145256,KXBTCD-25MAY2219-T111249.99,DELTA,32,1000,37,250,965,no,5,-20000
2025-05-22T15:03:08.183997,KXBTCD-25MAY2219-T111249.99,DELTA,32,1000,37,250,966,no,10,20000
2025-05-22T15:03:08.504896,KXBTCD-25MAY2219-T111249.99,DELTA,32,1000,37,250,967,no,61,-100
2025-05-22T15:03:08.563945,KXBTCD-25MAY2219-T111249.99,DELTA,32,1000,37,250,968,no,62,-1000
2025-05-22T15:03:08.624665,KXBTCD-25MAY2219-T111249.99,DELTA,32,1000,37,250,969,no,59,1000
2025-05-22T15:03:09.224884,KXBTCD-25MAY2219-T111249.99,DELTA,32,1000,37,250,970,yes,31,100
2025-05-22T15:03:09.286108,KXBTCD-25MAY2219-T111249.99,DELTA,32,1000,37,250,971,no,9,-3600
2025-05-22T15:03:09.287122,KXBTCD-25MAY2219-T111249.99,DELTA,32,1000,37,250,972,no,11,2945
2025-05-22T15:03:09.287837,KXBTCD-25MAY2219-T111249.99,DELTA,32,1000,37,250,973,yes,31,2000
2025-05-22T15:03:09.344426,KXBTCD-25MAY2219-T111249.99,DELTA,32,1000,37,250,974,no,10,-20000
2025-05-22T15:03:09.404867,KXBTCD-25MAY2219-T111249.99,DELTA,32,1000,37,250,975,no,5,20000
2025-05-22T15:03:10.127125,KXBTCD-25MAY2219-T111249.99,DELTA,32,1000,37,250,976,yes,31,-2000
2025-05-22T15:03:10.367712,KXBTCD-25MAY2219-T111249.99,DELTA,32,1000,37,250,977,yes,31,2000
2025-05-22T15:03:10.489693,KXBTCD-25MAY2219-T111249.99,DELTA,32,1000,37,250,978,no,61,100
2025-05-22T15:03:10.504830,KXBTCD-25MAY2219-T111249.99,DELTA,32,1000,37,250,979,no,11,-2945
2025-05-22T15:03:10.505563,KXBTCD-25MAY2219-T111249.99,DELTA,32,1000,37,250,980,no,9,3600
2025-05-22T15:03:10.555566,KXBTCD-25MAY2219-T111249.99,DELTA,32,1000,37,250,981,no,59,-1000
2025-05-22T15:03:10.605962,KXBTCD-25MAY2219-T111249.99,DELTA,32,1000,37,250,982,no,5,-20000
2025-05-22T15:03:10.606846,KXBTCD-25MAY2219-T111249.99,DELTA,32,1000,37,250,983,no,61,1000
2025-05-22T15:03:10.646114,KXBTCD-25MAY2219-T111249.99,DELTA,32,1000,37,250,984,no,10,20000
2025-05-22T15:03:10.905206,KXBTCD-25MAY2219-T111249.99,DELTA,32,1000,37,250,985,no,61,-100
2025-05-22T15:03:10.984509,KXBTCD-25MAY2219-T111249.99,DELTA,32,1000,37,250,986,no,61,-1000
2025-05-22T15:03:11.025088,KXBTCD-25MAY2219-T111249.99,DELTA,32,1000,37,250,987,no,59,1000
2025-05-22T15:03:11.065220,KXBTCD-25MAY2219-T111249.99,DELTA,32,1000,37,250,988,no,9,-3600
2025-05-22T15:03:11.144723,KXBTCD-25MAY2219-T111249.99,DELTA,32,1000,37,250,989,no,10,-20000
2025-05-22T15:03:11.185654,KXBTCD-25MAY2219-T111249.99,DELTA,32,1000,37,250,990,no,5,20000
2025-05-22T15:03:12.705518,KXBTCD-25MAY2219-T111249.99,DELTA,32,1000,37,250,991,yes,31,-100
2025-05-22T15:03:12.806472,KXBTCD-25MAY2219-T111249.99,DELTA,32,1000,37,250,992,no,60,100
2025-05-22T15:03:12.904868,KXBTCD-25MAY2219-T111249.99,DELTA,32,1000,37,250,993,no,59,-1000
2025-05-22T15:03:13.085263,KXBTCD-25MAY2219-T111249.99,DELTA,32,1000,37,250,994,no,61,1000
2025-05-22T15:03:13.286099,KXBTCD-25MAY2219-T111249.99,DELTA,32,1000,37,250,995,no,61,-1000
2025-05-22T15:03:13.489883,KXBTCD-25MAY2219-T111249.99,DELTA,32,1000,37,250,996,no,61,1000
2025-05-22T15:03:13.784730,KXBTCD-25MAY2219-T111249.99,DELTA,32,1000,37,250,997,no,60,-100
2025-05-22T15:03:13.985384,KXBTCD-25MAY2219-T111249.99,DELTA,32,1000,37,250,998,no,61,-1000
2025-05-22T15:03:14.084987,KXBTCD-25MAY2219-T111249.99,DELTA,32,1000,37,250,999,no,59,1000
2025-05-22T15:03:15.090047,KXBTCD-25MAY2219-T111249.99,DELTA,32,1000,37,250,1000,yes,31,100
2025-05-22T15:03:16.504633,KXBTCD-25MAY2219-T111249.99,DELTA,32,1000,37,250,1001,yes,31,-2000
2025-05-22T15:03:16.585763,KXBTCD-25MAY2219-T111249.99,DELTA,32,3000,37,250,1002,yes,32,2000
2025-05-22T15:03:16.585889,KXBTCD-25MAY2219-T111249.99,DELTA,32,3000,37,250,1003,yes,31,-200
2025-05-22T15:03:16.686381,KXBTCD-25MAY2219-T111249.99,DELTA,32,3000,37,250,1004,no,61,100
2025-05-22T15:03:16.686579,KXBTCD-25MAY2219-T111249.99,DELTA,32,3000,38,14,1005,no,63,-250
2025-05-22T15:03:16.686840,KXBTCD-25MAY2219-T111249.99,DELTA,32,1000,38,14,1006,yes,32,-2000
2025-05-22T15:03:16.844944,KXBTCD-25MAY2219-T111249.99,DELTA,32,1300,38,14,1007,yes,32,300
2025-05-22T15:03:16.845260,KXBTCD-25MAY2219-T111249.99,DELTA,32,1300,38,214,1008,no,62,200
2025-05-22T15:03:16.925137,KXBTCD-25MAY2219-T111249.99,DELTA,32,300,38,214,1009,yes,32,-1000
2025-05-22T15:03:16.925334,KXBTCD-25MAY2219-T111249.99,DELTA,32,2300,38,214,1010,yes,32,2000
2025-05-22T15:03:16.964930,KXBTCD-25MAY2219-T111249.99,DELTA,33,1000,38,214,1011,yes,33,1000
2025-05-22T15:03:17.464631,KXBTCD-25MAY2219-T111249.99,DELTA,33,1000,38,214,1012,yes,31,-100
2025-05-22T15:03:18.445541,KXBTCD-25MAY2219-T111249.99,DELTA,33,1000,38,214,1013,yes,32,-2000
2025-05-22T15:03:18.606179,KXBTCD-25MAY2219-T111249.99,DELTA,33,1000,38,214,1014,yes,32,2000
2025-05-22T15:03:18.946841,KXBTCD-25MAY2219-T111249.99,DELTA,33,1000,38,214,1015,yes,32,-2000
2025-05-22T15:03:19.145746,KXBTCD-25MAY2219-T111249.99,DELTA,33,1000,38,214,1016,yes,32,100
2025-05-22T15:03:19.406776,KXBTCD-25MAY2219-T111249.99,DELTA,33,1000,38,214,1017,no,9,3600
2025-05-22T15:03:19.464679,KXBTCD-25MAY2219-T111249.99,DELTA,33,1000,38,214,1018,no,5,-20000
2025-05-22T15:03:19.525094,KXBTCD-25MAY2219-T111249.99,DELTA,33,1000,38,214,1019,no,10,20000
2025-05-22T15:03:20.108858,KXBTCD-25MAY2219-T111249.99,DELTA,33,1000,38,214,1020,no,59,-1000
2025-05-22T15:03:20.146333,KXBTCD-25MAY2219-T111249.99,DELTA,33,1000,38,214,1021,no,61,1000
2025-05-22T15:03:20.146501,KXBTCD-25MAY2219-T111249.99,DELTA,33,1000,38,214,1022,yes,32,-300
2025-05-22T15:03:20.185836,KXBTCD-25MAY2219-T111249.99,DELTA,33,1000,38,214,1023,yes,31,250
2025-05-22T15:03:20.245472,KXBTCD-25MAY2219-T111249.99,DELTA,33,1000,38,214,1024,yes,31,2000
2025-05-22T15:03:20.286886,KXBTCD-25MAY2219-T111249.99,DELTA,32,100,38,214,1025,yes,33,-1000
2025-05-22T15:03:20.307913,KXBTCD-25MAY2219-T111249.99,DELTA,32,100,38,214,1026,no,61,-1000
2025-05-22T15:03:20.326215,KXBTCD-25MAY2219-T111249.99,DELTA,32,100,38,214,1027,no,30,-200
2025-05-22T15:03:20.326344,KXBTCD-25MAY2219-T111249.99,DELTA,32,100,38,214,1028,no,40,200
2025-05-22T15:03:20.345667,KXBTCD-25MAY2219-T111249.99,DELTA,32,100,38,214,1029,yes,31,-2000
2025-05-22T15:03:20.405252,KXBTCD-25MAY2219-T111249.99,DELTA,32,100,38,214,1030,yes,31,-250
2025-05-22T15:03:20.406293,KXBTCD-25MAY2219-T111249.99,DELTA,32,100,38,214,1031,yes,31,1000
2025-05-22T15:03:20.406363,KXBTCD-25MAY2219-T111249.99,DELTA,32,100,38,14,1032,no,62,-200
2025-05-22T15:03:20.406432,KXBTCD-25MAY2219-T111249.99,DELTA,32,100,37,1000,1033,no,63,1000
2025-05-22T15:03:20.426271,KXBTCD-25MAY2219-T111249.99,DELTA,32,100,37,1000,1034,yes,29,30
2025-05-22T15:03:20.426350,KXBTCD-25MAY2219-T111249.99,DELTA,32,100,37,1000,1035,yes,31,-30
2025-05-22T15:03:20.444105,KXBTCD-25MAY2219-T111249.99,DELTA,32,100,37,1000,1036,yes,26,14
2025-05-22T15:03:20.444227,KXBTCD-25MAY2219-T111249.99,DELTA,32,100,37,1000,1037,no,60,30
2025-05-22T15:03:20.444593,KXBTCD-25MAY2219-T111249.99,DELTA,32,100,37,1000,1038,no,58,-30
2025-05-22T15:03:20.444662,KXBTCD-25MAY2219-T111249.99,DELTA,32,100,36,14,1039,no,64,14
2025-05-22T15:03:20.444726,KXBTCD-25MAY2219-T111249.99,DELTA,32,100,36,14,1040,yes,28,-14
2025-05-22T15:03:20.465145,KXBTCD-25MAY2219-T111249.99,DELTA,32,100,36,14,1041,no,62,-14
2025-05-22T15:03:20.485432,KXBTCD-25MAY2219-T111249.99,DELTA,32,100,36,14,1042,no,31,-2000
2025-05-22T15:03:20.505757,KXBTCD-25MAY2219-T111249.99,DELTA,32,100,36,14,1043,no,63,-1000
2025-05-22T15:03:20.505839,KXBTCD-25MAY2219-T111249.99,DELTA,32,100,36,14,1044,yes,31,-1000
2025-05-22T15:03:20.526190,KXBTCD-25MAY2219-T111249.99,DELTA,32,100,36,14,1045,no,41,2000
2025-05-22T15:03:20.544516,KXBTCD-25MAY2219-T111249.99,DELTA,32,100,36,14,1046,yes,30,100
2025-05-22T15:03:20.544637,KXBTCD-25MAY2219-T111249.99,DELTA,32,100,35,100,1047,no,65,100
2025-05-22T15:03:20.586219,KXBTCD-25MAY2219-T111249.99,DELTA,32,100,35,100,1048,yes,30,1000
2025-05-22T15:03:20.586315,KXBTCD-25MAY2219-T111249.99,DELTA,32,100,35,100,1049,no,62,1000
2025-05-22T15:03:20.625637,KXBTCD-25MAY2219-T111249.99,DELTA,32,100,35,100,1050,yes,30,-1000
2025-05-22T15:03:20.665506,KXBTCD-25MAY2219-T111249.99,DELTA,32,100,35,100,1051,yes,30,-100
2025-05-22T15:03:20.665635,KXBTCD-25MAY2219-T111249.99,DELTA,32,100,36,14,1052,no,65,-100
2025-05-22T15:03:20.685732,KXBTCD-25MAY2219-T111249.99,DELTA,32,100,36,14,1053,no,62,-1000
2025-05-22T15:03:20.705338,KXBTCD-25MAY2219-T111249.99,DELTA,32,100,36,14,1054,yes,29,1000
2025-05-22T15:03:20.725123,KXBTCD-25MAY2219-T111249.99,DELTA,32,100,36,14,1055,yes,29,250
2025-05-22T15:03:20.725235,KXBTCD-25MAY2219-T111249.99,DELTA,32,100,36,14,1056,no,62,1000
2025-05-22T15:03:20.744850,KXBTCD-25MAY2219-T111249.99,DELTA,32,100,35,250,1057,no,65,250
2025-05-22T15:03:20.825440,KXBTCD-25MAY2219-T111249.99,DELTA,32,100,35,250,1058,no,62,-1000
2025-05-22T15:03:20.864908,KXBTCD-25MAY2219-T111249.99,DELTA,32,100,35,1250,1059,no,65,1000
2025-05-22T15:03:21.105507,KXBTCD-25MAY2219-T111249.99,DELTA,32,100,35,1250,1060,no,61,-100
2025-05-22T15:03:21.125767,KXBTCD-25MAY2219-T111249.99,DELTA,29,1280,35,1250,1061,yes,32,-100
2025-05-22T15:03:21.444902,KXBTCD-25MAY2219-T111249.99,DELTA,29,1280,35,1250,1062,no,9,-3600
2025-05-22T15:03:21.445057,KXBTCD-25MAY2219-T111249.99,DELTA,29,1280,35,1250,1063,no,11,2945
2025-05-22T15:03:21.505092,KXBTCD-25MAY2219-T111249.99,DELTA,29,1280,35,1250,1064,no,10,-20000
2025-05-22T15:03:21.545692,KXBTCD-25MAY2219-T111249.99,DELTA,29,1280,35,1250,1065,no,5,20000
2025-05-22T15:03:21.604778,KXBTCD-25MAY2219-T111249.99,DELTA,29,280,35,1250,1066,yes,29,-1000
2025-05-22T15:03:21.604874,KXBTCD-25MAY2219-T111249.99,DELTA,29,280,35,250,1067,no,65,-1000
2025-05-22T15:03:21.666208,KXBTCD-25MAY2219-T111249.99,DELTA,29,280,35,250,1068,no,61,1000
2025-05-22T15:03:21.666297,KXBTCD-25MAY2219-T111249.99,DELTA,30,1000,35,250,1069,yes,30,1000
2025-05-22T15:03:21.764901,KXBTCD-25MAY2219-T111249.99,DELTA,30,1000,35,250,1070,no,61,-1000
2025-05-22T15:03:21.804863,KXBTCD-25MAY2219-T111249.99,DELTA,30,1000,35,1250,1071,no,65,1000
2025-05-22T15:03:22.724530,KXBTCD-25MAY2219-T111249.99,DELTA,30,1000,35,1250,1072,no,11,-2945
2025-05-22T15:03:22.724678,KXBTCD-25MAY2219-T111249.99,DELTA,30,1000,35,1250,1073,no,9,3600
2025-05-22T15:03:22.805006,KXBTCD-25MAY2219-T111249.99,DELTA,30,1000,35,1250,1074,no,5,-20000
2025-05-22T15:03:22.846199,KXBTCD-25MAY2219-T111249.99,DELTA,30,1000,35,1250,1075,no,10,20000
2025-05-22T15:03:22.905381,KXBTCD-25MAY2219-T111249.99,DELTA,30,1000,35,1250,1076,no,63,100
2025-05-22T15:03:22.905561,KXBTCD-25MAY2219-T111249.99,DELTA,30,1000,35,1250,1077,yes,29,100
2025-05-22T15:03:23.506018,KXBTCD-25MAY2219-T111249.99,DELTA,30,1000,35,1250,1078,yes,29,-100
2025-05-22T15:03:23.966040,KXBTCD-25MAY2219-T111249.99,DELTA,30,1000,35,250,1079,no,65,-1000
2025-05-22T15:03:24.005057,KXBTCD-25MAY2219-T111249.99,DELTA,30,1000,35,250,1080,no,64,1000
2025-05-22T15:03:24.046365,KXBTCD-25MAY2219-T111249.99,DELTA,30,1000,35,250,1081,no,9,-3600
2025-05-22T15:03:24.046478,KXBTCD-25MAY2219-T111249.99,DELTA,30,1000,35,250,1082,no,11,2945
2025-05-22T15:03:24.105791,KXBTCD-25MAY2219-T111249.99,DELTA,30,1000,35,250,1083,no,10,-20000
2025-05-22T15:03:24.148000,KXBTCD-25MAY2219-T111249.99,DELTA,30,1000,36,1014,1084,no,65,-250
2025-05-22T15:03:24.166884,KXBTCD-25MAY2219-T111249.99,DELTA,30,1000,36,1014,1085,no,5,20000
2025-05-22T15:03:24.187088,KXBTCD-25MAY2219-T111249.99,DELTA,30,1000,36,1264,1086,no,64,250
2025-05-22T15:03:24.929458,KXBTCD-25MAY2219-T111249.99,DELTA,30,1000,36,264,1087,no,64,-1000
2025-05-22T15:03:24.929643,KXBTCD-25MAY2219-T111249.99,DELTA,30,1000,36,264,1088,yes,29,2000
