timestamp,market_ticker,type,yes_bid_price_cents,yes_bid_qty,yes_ask_price_cents,yes_ask_qty_on_no_side,sequence_num,delta_side,delta_price_cents,delta_quantity
2025-05-21T19:00:51.595662,KXBTCD-25MAY2123-T110499.99,SNAPSHOT,13,1000,19,100,1,,,
2025-05-21T19:00:52.040853,KXBTCD-25MAY2123-T110499.99,DELTA,13,1000,19,100,2,yes,4,24
2025-05-21T19:00:52.059739,KXBTCD-25MAY2123-T110499.99,DELTA,13,1000,19,100,3,no,78,24
2025-05-21T19:00:53.158959,KXBTCD-25MAY2123-T110499.99,DELTA,13,1000,19,100,4,no,1,-32400
2025-05-21T19:00:53.159417,KXBTCD-25MAY2123-T110499.99,DELTA,13,1000,19,100,5,no,24,1350
2025-05-21T19:00:53.238782,KXBTCD-25MAY2123-T110499.99,DELTA,13,1000,19,100,6,no,2,-20000
2025-05-21T19:00:55.729767,KXBTCD-25MAY2123-T110499.99,DELTA,13,1000,19,100,7,yes,12,-100
2025-05-21T19:00:55.755428,KXBTCD-25MAY2123-T110499.99,DELTA,4,24,19,100,8,yes,13,-1000
2025-05-21T19:00:56.078513,KXBTCD-25MAY2123-T110499.99,DELTA,4,24,22,24,9,no,81,-100
2025-05-21T19:00:57.139106,KXBTCD-25MAY2123-T110499.99,DELTA,11,100,22,24,10,yes,11,100
2025-05-21T19:00:57.139516,KXBTCD-25MAY2123-T110499.99,DELTA,11,100,19,100,11,no,81,100
2025-05-21T19:00:57.200575,KXBTCD-25MAY2123-T110499.99,DELTA,12,1000,19,100,12,yes,12,1000
2025-05-21T19:00:57.239128,KXBTCD-25MAY2123-T110499.99,DELTA,12,1000,19,100,13,yes,5,9
2025-05-21T19:01:06.019902,KXBTCD-25MAY2123-T110499.99,DELTA,12,1000,22,24,14,no,81,-100
2025-05-21T19:01:06.139552,KXBTCD-25MAY2123-T110499.99,DELTA,12,1000,22,24,15,no,61,9
2025-05-21T19:01:06.140629,KXBTCD-25MAY2123-T110499.99,DELTA,12,1000,22,24,16,yes,5,-9
2025-05-21T19:01:06.158853,KXBTCD-25MAY2123-T110499.99,DELTA,13,9,22,24,17,yes,13,9
2025-05-21T19:01:06.994326,KXBTCD-25MAY2123-T110499.99,DELTA,13,9,19,100,18,no,81,100
2025-05-21T19:01:07.019003,KXBTCD-25MAY2123-T110499.99,DELTA,12,1000,19,100,19,yes,13,-9
2025-05-21T19:01:07.085177,KXBTCD-25MAY2123-T110499.99,DELTA,12,1000,19,100,20,no,61,-9
2025-05-21T19:01:07.178529,KXBTCD-25MAY2123-T110499.99,DELTA,12,1000,22,24,21,no,81,-100
2025-05-21T19:01:08.019683,KXBTCD-25MAY2123-T110499.99,DELTA,12,1000,18,100,22,no,82,100
2025-05-21T19:01:08.438571,KXBTCD-25MAY2123-T110499.99,DELTA,12,1000,18,100,23,yes,4,-24
2025-05-21T19:01:08.438830,KXBTCD-25MAY2123-T110499.99,DELTA,12,1000,18,100,24,yes,3,24
2025-05-21T19:01:08.439166,KXBTCD-25MAY2123-T110499.99,DELTA,12,1000,18,100,25,no,80,24
2025-05-21T19:01:08.439693,KXBTCD-25MAY2123-T110499.99,DELTA,12,1000,18,100,26,no,78,-24
2025-05-21T19:01:09.058978,KXBTCD-25MAY2123-T110499.99,DELTA,12,1000,20,24,27,no,82,-100
2025-05-21T19:01:09.059502,KXBTCD-25MAY2123-T110499.99,DELTA,12,1000,20,24,28,yes,11,-100
2025-05-21T19:01:09.119206,KXBTCD-25MAY2123-T110499.99,DELTA,3,80024,20,24,29,yes,12,-1000
2025-05-21T19:01:10.278742,KXBTCD-25MAY2123-T110499.99,DELTA,9,100,20,24,30,yes,9,100
2025-05-21T19:01:10.280247,KXBTCD-25MAY2123-T110499.99,DELTA,9,100,18,100,31,no,82,100
2025-05-21T19:01:10.347305,KXBTCD-25MAY2123-T110499.99,DELTA,10,1000,18,100,32,yes,10,1000
2025-05-21T19:01:10.399826,KXBTCD-25MAY2123-T110499.99,DELTA,10,1000,18,100,33,yes,4,9
2025-05-21T19:01:10.558022,KXBTCD-25MAY2123-T110499.99,DELTA,10,1000,18,100,34,yes,9,-100
2025-05-21T19:01:10.617878,KXBTCD-25MAY2123-T110499.99,DELTA,4,9,18,100,35,yes,10,-1000
2025-05-21T19:01:11.678429,KXBTCD-25MAY2123-T110499.99,DELTA,4,9,20,24,36,no,82,-100
2025-05-21T19:01:11.778779,KXBTCD-25MAY2123-T110499.99,DELTA,3,80024,20,24,37,yes,4,-9
2025-05-21T19:01:12.858727,KXBTCD-25MAY2123-T110499.99,DELTA,9,100,20,24,38,yes,9,100
2025-05-21T19:01:12.858968,KXBTCD-25MAY2123-T110499.99,DELTA,9,100,17,100,39,no,83,100
2025-05-21T19:01:12.919085,KXBTCD-25MAY2123-T110499.99,DELTA,10,1000,17,100,40,yes,10,1000
2025-05-21T19:01:12.979811,KXBTCD-25MAY2123-T110499.99,DELTA,10,1000,17,100,41,yes,4,9
2025-05-21T19:01:13.081674,KXBTCD-25MAY2123-T110499.99,DELTA,10,1000,20,24,42,no,83,-100
2025-05-21T19:01:14.258895,KXBTCD-25MAY2123-T110499.99,DELTA,10,1000,16,100,43,no,84,100
2025-05-21T19:01:14.379970,KXBTCD-25MAY2123-T110499.99,DELTA,10,1000,16,100,44,yes,4,-9
2025-05-21T19:01:14.558570,KXBTCD-25MAY2123-T110499.99,DELTA,10,1000,16,100,45,yes,9,-100
2025-05-21T19:01:14.578076,KXBTCD-25MAY2123-T110499.99,DELTA,10,1000,20,24,46,no,84,-100
2025-05-21T19:01:14.618715,KXBTCD-25MAY2123-T110499.99,DELTA,3,80024,20,24,47,yes,10,-1000
2025-05-21T19:01:15.638886,KXBTCD-25MAY2123-T110499.99,DELTA,10,100,20,24,48,yes,10,100
2025-05-21T19:01:15.657772,KXBTCD-25MAY2123-T110499.99,DELTA,10,100,18,100,49,no,82,100
2025-05-21T19:01:15.780164,KXBTCD-25MAY2123-T110499.99,DELTA,11,1000,18,100,50,yes,11,1000
2025-05-21T19:01:15.782205,KXBTCD-25MAY2123-T110499.99,DELTA,11,1000,18,100,51,yes,4,9
2025-05-21T19:01:15.782818,KXBTCD-25MAY2123-T110499.99,DELTA,11,1000,18,100,52,no,61,9
2025-05-21T19:01:15.783389,KXBTCD-25MAY2123-T110499.99,DELTA,11,1009,18,100,53,yes,11,9
2025-05-21T19:01:16.419982,KXBTCD-25MAY2123-T110499.99,DELTA,11,1009,20,24,54,no,82,-100
2025-05-21T19:01:16.520357,KXBTCD-25MAY2123-T110499.99,DELTA,11,1009,20,24,55,no,61,-9
2025-05-21T19:01:16.538924,KXBTCD-25MAY2123-T110499.99,DELTA,11,1000,20,24,56,yes,11,-9
2025-05-21T19:01:16.539695,KXBTCD-25MAY2123-T110499.99,DELTA,11,1000,20,24,57,yes,4,-9
2025-05-21T19:01:17.859279,KXBTCD-25MAY2123-T110499.99,DELTA,11,1000,18,100,58,no,82,100
2025-05-21T19:01:18.532608,KXBTCD-25MAY2123-T110499.99,DELTA,11,1000,18,100,59,yes,10,-100
2025-05-21T19:01:18.644095,KXBTCD-25MAY2123-T110499.99,DELTA,3,80024,18,100,60,yes,11,-1000
2025-05-21T19:01:19.543886,KXBTCD-25MAY2123-T110499.99,DELTA,10,100,18,100,61,yes,10,100
2025-05-21T19:01:19.617865,KXBTCD-25MAY2123-T110499.99,DELTA,11,1000,18,100,62,yes,11,1000
2025-05-21T19:01:19.639388,KXBTCD-25MAY2123-T110499.99,DELTA,11,1000,18,100,63,yes,4,9
2025-05-21T19:01:20.539339,KXBTCD-25MAY2123-T110499.99,DELTA,11,1000,18,100,64,yes,3,-24
2025-05-21T19:01:20.540980,KXBTCD-25MAY2123-T110499.99,DELTA,11,1000,18,100,65,no,80,-24
2025-05-21T19:01:20.558515,KXBTCD-25MAY2123-T110499.99,DELTA,11,1000,18,100,66,yes,5,24
2025-05-21T19:01:20.578472,KXBTCD-25MAY2123-T110499.99,DELTA,11,1000,18,100,67,no,78,24
2025-05-21T19:01:20.639407,KXBTCD-25MAY2123-T110499.99,DELTA,11,1000,18,100,68,yes,4,-9
2025-05-21T19:01:20.741232,KXBTCD-25MAY2123-T110499.99,DELTA,11,1000,18,100,69,yes,10,-100
2025-05-21T19:01:20.798816,KXBTCD-25MAY2123-T110499.99,DELTA,5,24,18,100,70,yes,11,-1000
2025-05-21T19:01:20.959193,KXBTCD-25MAY2123-T110499.99,DELTA,5,24,22,24,71,no,82,-100
2025-05-21T19:01:22.316556,KXBTCD-25MAY2123-T110499.99,DELTA,5,24,20,100,72,no,80,100
2025-05-21T19:01:22.318109,KXBTCD-25MAY2123-T110499.99,DELTA,12,100,20,100,73,yes,12,100
2025-05-21T19:01:22.357797,KXBTCD-25MAY2123-T110499.99,DELTA,13,1000,20,100,74,yes,13,1000
2025-05-21T19:01:24.099004,KXBTCD-25MAY2123-T110499.99,DELTA,13,1000,20,100,75,yes,3,24
2025-05-21T19:01:24.100002,KXBTCD-25MAY2123-T110499.99,DELTA,13,1000,20,100,76,yes,5,-24
2025-05-21T19:01:24.100575,KXBTCD-25MAY2123-T110499.99,DELTA,13,1000,20,100,77,no,78,-24
2025-05-21T19:01:24.101121,KXBTCD-25MAY2123-T110499.99,DELTA,13,1000,20,124,78,no,80,24
2025-05-21T19:01:24.379814,KXBTCD-25MAY2123-T110499.99,DELTA,13,1000,20,24,79,no,80,-100
2025-05-21T19:01:24.620090,KXBTCD-25MAY2123-T110499.99,DELTA,13,1000,20,24,80,yes,12,-100
2025-05-21T19:01:24.699579,KXBTCD-25MAY2123-T110499.99,DELTA,3,80024,20,24,81,yes,13,-1000
2025-05-21T19:01:25.660821,KXBTCD-25MAY2123-T110499.99,DELTA,3,80024,17,100,82,no,83,100
2025-05-21T19:01:25.678037,KXBTCD-25MAY2123-T110499.99,DELTA,9,100,17,100,83,yes,9,100
2025-05-21T19:01:25.758404,KXBTCD-25MAY2123-T110499.99,DELTA,10,1000,17,100,84,yes,10,1000
2025-05-21T19:01:29.518622,KXBTCD-25MAY2123-T110499.99,DELTA,10,1000,17,100,85,yes,9,-100
2025-05-21T19:01:29.597991,KXBTCD-25MAY2123-T110499.99,DELTA,3,80024,17,100,86,yes,10,-1000
2025-05-21T19:01:30.177811,KXBTCD-25MAY2123-T110499.99,DELTA,9,100,17,100,87,yes,9,100
2025-05-21T19:01:30.258453,KXBTCD-25MAY2123-T110499.99,DELTA,10,1000,17,100,88,yes,10,1000
2025-05-21T19:01:30.558779,KXBTCD-25MAY2123-T110499.99,DELTA,10,1000,17,100,89,yes,9,-100
2025-05-21T19:01:30.639724,KXBTCD-25MAY2123-T110499.99,DELTA,3,80024,17,100,90,yes,10,-1000
2025-05-21T19:01:31.758873,KXBTCD-25MAY2123-T110499.99,DELTA,10,100,17,100,91,yes,10,100
2025-05-21T19:01:31.839188,KXBTCD-25MAY2123-T110499.99,DELTA,11,1000,17,100,92,yes,11,1000
2025-05-21T19:01:31.880782,KXBTCD-25MAY2123-T110499.99,DELTA,11,1000,17,100,93,yes,4,9
2025-05-21T19:01:33.152612,KXBTCD-25MAY2123-T110499.99,DELTA,11,1000,20,24,94,no,83,-100
2025-05-21T19:01:33.259182,KXBTCD-25MAY2123-T110499.99,DELTA,11,1000,20,24,95,yes,4,-9
2025-05-21T19:01:33.582636,KXBTCD-25MAY2123-T110499.99,DELTA,11,1000,20,24,96,yes,10,-100
2025-05-21T19:01:33.640187,KXBTCD-25MAY2123-T110499.99,DELTA,3,80024,20,24,97,yes,11,-1000
2025-05-21T19:01:34.518551,KXBTCD-25MAY2123-T110499.99,DELTA,10,100,20,24,98,yes,10,100
2025-05-21T19:01:34.538121,KXBTCD-25MAY2123-T110499.99,DELTA,10,100,19,100,99,no,81,100
2025-05-21T19:01:34.577503,KXBTCD-25MAY2123-T110499.99,DELTA,11,1000,19,100,100,yes,11,1000
2025-05-21T19:01:34.658733,KXBTCD-25MAY2123-T110499.99,DELTA,11,1000,19,100,101,no,61,9
2025-05-21T19:01:34.678848,KXBTCD-25MAY2123-T110499.99,DELTA,11,1000,19,100,102,yes,4,9
2025-05-21T19:01:34.679544,KXBTCD-25MAY2123-T110499.99,DELTA,11,1009,19,100,103,yes,11,9
2025-05-21T19:01:35.299053,KXBTCD-25MAY2123-T110499.99,DELTA,11,1009,20,24,104,no,81,-100
2025-05-21T19:01:35.399221,KXBTCD-25MAY2123-T110499.99,DELTA,11,1009,20,24,105,yes,4,-9
2025-05-21T19:01:35.418922,KXBTCD-25MAY2123-T110499.99,DELTA,11,1009,20,24,106,no,61,-9
2025-05-21T19:01:35.419671,KXBTCD-25MAY2123-T110499.99,DELTA,11,1000,20,24,107,yes,11,-9
2025-05-21T19:01:36.500087,KXBTCD-25MAY2123-T110499.99,DELTA,11,1000,18,100,108,no,82,100
2025-05-21T19:01:39.018327,KXBTCD-25MAY2123-T110499.99,DELTA,11,1000,20,24,109,no,82,-100
2025-05-21T19:01:40.418971,KXBTCD-25MAY2123-T110499.99,DELTA,11,1000,18,100,110,no,82,100
2025-05-21T19:01:51.578686,KXBTCD-25MAY2123-T110499.99,DELTA,11,1000,18,100,111,yes,10,-100
2025-05-21T19:01:51.639039,KXBTCD-25MAY2123-T110499.99,DELTA,3,80024,18,100,112,yes,11,-1000
2025-05-21T19:01:53.079585,KXBTCD-25MAY2123-T110499.99,DELTA,10,100,18,100,113,yes,10,100
2025-05-21T19:01:53.139057,KXBTCD-25MAY2123-T110499.99,DELTA,11,1000,18,100,114,yes,11,1000
2025-05-21T19:01:53.239362,KXBTCD-25MAY2123-T110499.99,DELTA,11,1000,18,100,115,yes,4,9
2025-05-21T19:02:02.478371,KXBTCD-25MAY2123-T110499.99,DELTA,11,1000,20,24,116,no,82,-100
2025-05-21T19:02:02.620578,KXBTCD-25MAY2123-T110499.99,DELTA,11,1000,20,24,117,yes,4,-9
2025-05-21T19:02:03.598256,KXBTCD-25MAY2123-T110499.99,DELTA,11,1000,17,100,118,no,83,100
2025-05-21T19:02:14.100343,KXBTCD-25MAY2123-T110499.99,DELTA,11,1000,20,24,119,no,83,-100
2025-05-21T19:02:14.100743,KXBTCD-25MAY2123-T110499.99,DELTA,11,1000,20,24,120,yes,10,-100
2025-05-21T19:02:14.168160,KXBTCD-25MAY2123-T110499.99,DELTA,3,80024,20,24,121,yes,11,-1000
2025-05-21T19:02:14.879271,KXBTCD-25MAY2123-T110499.99,DELTA,3,80024,20,24,122,yes,2,-3000
2025-05-21T19:02:14.899043,KXBTCD-25MAY2123-T110499.99,DELTA,3,80024,20,24,123,no,23,-8000
2025-05-21T19:02:14.957473,KXBTCD-25MAY2123-T110499.99,DELTA,3,80024,20,24,124,no,36,8000
2025-05-21T19:02:14.957900,KXBTCD-25MAY2123-T110499.99,DELTA,3,80024,20,24,125,yes,1,3000
2025-05-21T19:02:15.379801,KXBTCD-25MAY2123-T110499.99,DELTA,7,100,20,24,126,yes,7,100
2025-05-21T19:02:15.380771,KXBTCD-25MAY2123-T110499.99,DELTA,7,100,15,100,127,no,85,100
2025-05-21T19:02:15.418997,KXBTCD-25MAY2123-T110499.99,DELTA,7,100,15,100,128,no,24,-1350
2025-05-21T19:02:15.419687,KXBTCD-25MAY2123-T110499.99,DELTA,7,100,15,100,129,no,37,875
2025-05-21T19:02:15.438755,KXBTCD-25MAY2123-T110499.99,DELTA,8,1000,15,100,130,yes,8,1000
2025-05-21T19:02:15.661552,KXBTCD-25MAY2123-T110499.99,DELTA,8,1000,15,100,131,yes,7,-100
2025-05-21T19:02:15.719241,KXBTCD-25MAY2123-T110499.99,DELTA,3,80024,15,100,132,yes,8,-1000
2025-05-21T19:02:15.760308,KXBTCD-25MAY2123-T110499.99,DELTA,3,80024,15,100,133,no,61,-9
2025-05-21T19:02:15.781873,KXBTCD-25MAY2123-T110499.99,DELTA,3,80024,15,100,134,no,81,9
2025-05-21T19:02:16.182170,KXBTCD-25MAY2123-T110499.99,DELTA,3,80024,15,100,135,yes,1,24
2025-05-21T19:02:16.198013,KXBTCD-25MAY2123-T110499.99,DELTA,3,80024,15,100,136,no,81,24
2025-05-21T19:02:16.198555,KXBTCD-25MAY2123-T110499.99,DELTA,3,80000,15,100,137,yes,3,-24
2025-05-21T19:02:16.218952,KXBTCD-25MAY2123-T110499.99,DELTA,3,80000,15,100,138,no,80,-24
2025-05-21T19:02:16.259442,KXBTCD-25MAY2123-T110499.99,DELTA,3,80000,15,100,139,no,51,-1000
2025-05-21T19:02:16.298881,KXBTCD-25MAY2123-T110499.99,DELTA,3,80000,15,100,140,no,81,1000
2025-05-21T19:02:16.999011,KXBTCD-25MAY2123-T110499.99,DELTA,7,100,15,100,141,yes,7,100
2025-05-21T19:02:17.058393,KXBTCD-25MAY2123-T110499.99,DELTA,8,1000,15,100,142,yes,8,1000
2025-05-21T19:02:17.124377,KXBTCD-25MAY2123-T110499.99,DELTA,8,1000,15,100,143,no,81,-9
2025-05-21T19:02:17.182160,KXBTCD-25MAY2123-T110499.99,DELTA,8,1000,15,100,144,no,81,-1000
2025-05-21T19:02:17.220405,KXBTCD-25MAY2123-T110499.99,DELTA,8,1000,15,100,145,no,51,1000
2025-05-21T19:02:17.318418,KXBTCD-25MAY2123-T110499.99,DELTA,8,1000,15,100,146,yes,7,-100
2025-05-21T19:02:17.378575,KXBTCD-25MAY2123-T110499.99,DELTA,3,80000,15,100,147,yes,8,-1000
2025-05-21T19:02:18.478169,KXBTCD-25MAY2123-T110499.99,DELTA,8,100,15,100,148,yes,8,100
2025-05-21T19:02:18.539646,KXBTCD-25MAY2123-T110499.99,DELTA,9,1000,15,100,149,yes,9,1000
2025-05-21T19:02:18.599996,KXBTCD-25MAY2123-T110499.99,DELTA,9,1000,15,100,150,yes,4,9
2025-05-21T19:02:18.600508,KXBTCD-25MAY2123-T110499.99,DELTA,9,1000,15,100,151,no,61,9
2025-05-21T19:02:33.195395,KXBTCD-25MAY2123-T110499.99,DELTA,9,1000,15,100,152,yes,8,-100
2025-05-21T19:02:33.201912,KXBTCD-25MAY2123-T110499.99,DELTA,9,1000,19,24,153,no,85,-100
2025-05-21T19:02:33.238226,KXBTCD-25MAY2123-T110499.99,DELTA,4,9,19,24,154,yes,9,-1000
2025-05-21T19:02:33.299243,KXBTCD-25MAY2123-T110499.99,DELTA,3,80000,19,24,155,yes,4,-9
2025-05-21T19:02:34.078139,KXBTCD-25MAY2123-T110499.99,DELTA,9,100,19,24,156,yes,9,100
2025-05-21T19:02:34.078409,KXBTCD-25MAY2123-T110499.99,DELTA,9,100,17,100,157,no,83,100
2025-05-21T19:02:34.158079,KXBTCD-25MAY2123-T110499.99,DELTA,10,1000,17,100,158,yes,10,1000
2025-05-21T19:02:34.219311,KXBTCD-25MAY2123-T110499.99,DELTA,10,1000,17,100,159,no,61,9
2025-05-21T19:02:34.220175,KXBTCD-25MAY2123-T110499.99,DELTA,10,1000,17,100,160,yes,4,9
2025-05-21T19:02:34.298393,KXBTCD-25MAY2123-T110499.99,DELTA,10,1009,17,100,161,yes,10,9
2025-05-21T19:02:34.459574,KXBTCD-25MAY2123-T110499.99,DELTA,10,1009,17,100,162,yes,1,-24
2025-05-21T19:02:34.460770,KXBTCD-25MAY2123-T110499.99,DELTA,10,1009,17,100,163,yes,3,24
2025-05-21T19:02:34.461875,KXBTCD-25MAY2123-T110499.99,DELTA,10,1009,17,100,164,no,80,24
2025-05-21T19:02:34.462407,KXBTCD-25MAY2123-T110499.99,DELTA,10,1009,17,100,165,no,81,-24
2025-05-21T19:02:34.480129,KXBTCD-25MAY2123-T110499.99,DELTA,10,1009,17,100,166,yes,9,-100
2025-05-21T19:02:34.537257,KXBTCD-25MAY2123-T110499.99,DELTA,10,9,17,100,167,yes,10,-1000
2025-05-21T19:02:34.638388,KXBTCD-25MAY2123-T110499.99,DELTA,4,9,17,100,168,yes,10,-9
2025-05-21T19:02:34.638636,KXBTCD-25MAY2123-T110499.99,DELTA,4,9,17,100,169,no,61,-9
2025-05-21T19:02:35.318340,KXBTCD-25MAY2123-T110499.99,DELTA,10,100,17,100,170,yes,10,100
2025-05-21T19:02:35.378259,KXBTCD-25MAY2123-T110499.99,DELTA,11,1000,17,100,171,yes,11,1000
2025-05-21T19:02:37.439067,KXBTCD-25MAY2123-T110499.99,DELTA,11,1000,17,100,172,yes,10,-100
2025-05-21T19:02:37.440312,KXBTCD-25MAY2123-T110499.99,DELTA,11,1000,20,24,173,no,83,-100
2025-05-21T19:02:37.539390,KXBTCD-25MAY2123-T110499.99,DELTA,4,9,20,24,174,yes,11,-1000
2025-05-21T19:02:37.558808,KXBTCD-25MAY2123-T110499.99,DELTA,3,80024,20,24,175,yes,4,-9
2025-05-21T19:02:38.139475,KXBTCD-25MAY2123-T110499.99,DELTA,11,100,20,24,176,yes,11,100
2025-05-21T19:02:38.159077,KXBTCD-25MAY2123-T110499.99,DELTA,11,100,19,100,177,no,81,100
2025-05-21T19:02:38.199123,KXBTCD-25MAY2123-T110499.99,DELTA,12,1000,19,100,178,yes,12,1000
2025-05-21T19:02:39.463143,KXBTCD-25MAY2123-T110499.99,DELTA,12,1000,19,100,179,yes,11,-100
2025-05-21T19:02:39.519272,KXBTCD-25MAY2123-T110499.99,DELTA,3,80024,19,100,180,yes,12,-1000
2025-05-21T19:02:39.864946,KXBTCD-25MAY2123-T110499.99,DELTA,4,24,19,100,181,yes,4,24
2025-05-21T19:02:39.865778,KXBTCD-25MAY2123-T110499.99,DELTA,4,24,19,100,182,yes,3,-24
2025-05-21T19:02:39.866201,KXBTCD-25MAY2123-T110499.99,DELTA,4,24,19,100,183,no,80,-24
2025-05-21T19:02:39.866608,KXBTCD-25MAY2123-T110499.99,DELTA,4,24,19,100,184,no,78,24
2025-05-21T19:02:40.297911,KXBTCD-25MAY2123-T110499.99,DELTA,4,24,22,24,185,no,81,-100
2025-05-21T19:02:40.899228,KXBTCD-25MAY2123-T110499.99,DELTA,6,24,22,24,186,yes,6,24
2025-05-21T19:02:40.900477,KXBTCD-25MAY2123-T110499.99,DELTA,6,24,22,24,187,yes,4,-24
2025-05-21T19:02:40.920781,KXBTCD-25MAY2123-T110499.99,DELTA,6,24,22,24,188,no,76,24
2025-05-21T19:02:40.921401,KXBTCD-25MAY2123-T110499.99,DELTA,6,24,24,24,189,no,78,-24
2025-05-21T19:02:41.062064,KXBTCD-25MAY2123-T110499.99,DELTA,13,100,24,24,190,yes,13,100
2025-05-21T19:02:41.140899,KXBTCD-25MAY2123-T110499.99,DELTA,14,1000,24,24,191,yes,14,1000
2025-05-21T19:02:41.179507,KXBTCD-25MAY2123-T110499.99,DELTA,14,1000,24,24,192,yes,7,9
2025-05-21T19:02:41.798265,KXBTCD-25MAY2123-T110499.99,DELTA,14,1000,21,100,193,no,79,100
2025-05-21T19:02:43.518422,KXBTCD-25MAY2123-T110499.99,DELTA,14,1000,24,24,194,no,79,-100
2025-05-21T19:02:43.639699,KXBTCD-25MAY2123-T110499.99,DELTA,14,1000,24,24,195,yes,7,-9
2025-05-21T19:02:43.808072,KXBTCD-25MAY2123-T110499.99,DELTA,14,1000,24,24,196,no,61,9
2025-05-21T19:02:43.808756,KXBTCD-25MAY2123-T110499.99,DELTA,15,9,24,24,197,yes,15,9
2025-05-21T19:02:44.677845,KXBTCD-25MAY2123-T110499.99,DELTA,15,9,20,100,198,no,80,100
2025-05-21T19:02:44.798891,KXBTCD-25MAY2123-T110499.99,DELTA,14,1000,20,100,199,yes,15,-9
2025-05-21T19:02:44.799883,KXBTCD-25MAY2123-T110499.99,DELTA,14,1000,20,100,200,no,61,-9
2025-05-21T19:02:49.533038,KXBTCD-25MAY2123-T110499.99,DELTA,14,1000,24,24,201,no,80,-100
2025-05-21T19:02:49.533453,KXBTCD-25MAY2123-T110499.99,DELTA,14,1000,24,24,202,yes,13,-100
2025-05-21T19:02:49.538809,KXBTCD-25MAY2123-T110499.99,DELTA,6,24,24,24,203,yes,14,-1000
2025-05-21T19:02:49.639710,KXBTCD-25MAY2123-T110499.99,DELTA,6,24,24,24,204,no,61,9
2025-05-21T19:02:49.639963,KXBTCD-25MAY2123-T110499.99,DELTA,15,9,24,24,205,yes,15,9
2025-05-21T19:02:51.018372,KXBTCD-25MAY2123-T110499.99,DELTA,15,9,24,24,206,yes,12,100
2025-05-21T19:02:51.038917,KXBTCD-25MAY2123-T110499.99,DELTA,15,9,20,100,207,no,80,100
2025-05-21T19:02:51.082024,KXBTCD-25MAY2123-T110499.99,DELTA,15,9,20,100,208,yes,13,1000
2025-05-21T19:02:51.157664,KXBTCD-25MAY2123-T110499.99,DELTA,13,1000,20,100,209,yes,15,-9
2025-05-21T19:02:51.158451,KXBTCD-25MAY2123-T110499.99,DELTA,13,1009,20,100,210,yes,13,9
2025-05-21T19:02:51.159157,KXBTCD-25MAY2123-T110499.99,DELTA,13,1009,20,100,211,yes,7,9
2025-05-21T19:02:51.578167,KXBTCD-25MAY2123-T110499.99,DELTA,13,1009,24,24,212,no,80,-100
2025-05-21T19:02:51.704423,KXBTCD-25MAY2123-T110499.99,DELTA,13,1000,24,24,213,yes,13,-9
2025-05-21T19:02:51.704992,KXBTCD-25MAY2123-T110499.99,DELTA,14,9,24,24,214,yes,14,9
2025-05-21T19:02:53.079362,KXBTCD-25MAY2123-T110499.99,DELTA,14,9,20,100,215,no,80,100
2025-05-21T19:02:53.198678,KXBTCD-25MAY2123-T110499.99,DELTA,14,9,20,100,216,yes,7,-9
2025-05-21T19:02:53.199678,KXBTCD-25MAY2123-T110499.99,DELTA,14,9,20,100,217,no,61,-9
2025-05-21T19:02:53.217890,KXBTCD-25MAY2123-T110499.99,DELTA,13,1000,20,100,218,yes,14,-9
2025-05-21T19:02:54.959364,KXBTCD-25MAY2123-T110499.99,DELTA,13,1000,20,100,219,yes,12,-100
2025-05-21T19:02:55.039507,KXBTCD-25MAY2123-T110499.99,DELTA,6,24,20,100,220,yes,13,-1000
2025-05-21T19:02:55.898498,KXBTCD-25MAY2123-T110499.99,DELTA,13,100,20,100,221,yes,13,100
2025-05-21T19:02:55.958579,KXBTCD-25MAY2123-T110499.99,DELTA,14,1000,20,100,222,yes,14,1000
2025-05-21T19:02:56.020430,KXBTCD-25MAY2123-T110499.99,DELTA,14,1000,20,100,223,yes,7,9
2025-05-21T19:02:57.378260,KXBTCD-25MAY2123-T110499.99,DELTA,14,1000,20,100,224,yes,13,-100
2025-05-21T19:02:57.378783,KXBTCD-25MAY2123-T110499.99,DELTA,14,1000,24,24,225,no,80,-100
2025-05-21T19:02:57.458243,KXBTCD-25MAY2123-T110499.99,DELTA,7,9,24,24,226,yes,14,-1000
2025-05-21T19:02:57.499436,KXBTCD-25MAY2123-T110499.99,DELTA,6,24,24,24,227,yes,7,-9
2025-05-21T19:02:57.500874,KXBTCD-25MAY2123-T110499.99,DELTA,6,24,24,24,228,no,61,9
2025-05-21T19:02:57.501722,KXBTCD-25MAY2123-T110499.99,DELTA,15,9,24,24,229,yes,15,9
2025-05-21T19:02:57.658036,KXBTCD-25MAY2123-T110499.99,DELTA,15,9,24,24,230,yes,8,24
2025-05-21T19:02:57.658812,KXBTCD-25MAY2123-T110499.99,DELTA,15,9,24,24,231,no,75,24
2025-05-21T19:02:57.698514,KXBTCD-25MAY2123-T110499.99,DELTA,15,9,24,24,232,yes,6,-24
2025-05-21T19:02:57.699645,KXBTCD-25MAY2123-T110499.99,DELTA,15,9,25,24,233,no,76,-24
2025-05-21T19:02:58.660073,KXBTCD-25MAY2123-T110499.99,DELTA,15,9,22,100,234,no,78,100
2025-05-21T19:02:58.678323,KXBTCD-25MAY2123-T110499.99,DELTA,15,9,22,100,235,yes,14,100
2025-05-21T19:02:58.718148,KXBTCD-25MAY2123-T110499.99,DELTA,15,9,22,100,236,no,51,-1000
2025-05-21T19:02:58.740598,KXBTCD-25MAY2123-T110499.99,DELTA,15,1009,22,100,237,yes,15,1000
2025-05-21T19:02:58.758498,KXBTCD-25MAY2123-T110499.99,DELTA,15,1009,22,1100,238,no,78,1000
2025-05-21T19:02:58.778611,KXBTCD-25MAY2123-T110499.99,DELTA,15,1009,22,1100,239,yes,4,9
2025-05-21T19:02:58.798622,KXBTCD-25MAY2123-T110499.99,DELTA,15,1009,22,1100,240,no,61,-9
2025-05-21T19:02:58.799435,KXBTCD-25MAY2123-T110499.99,DELTA,15,1000,22,1100,241,yes,15,-9
2025-05-21T19:02:58.799958,KXBTCD-25MAY2123-T110499.99,DELTA,15,1000,22,100,242,no,78,-1000
2025-05-21T19:02:58.837846,KXBTCD-25MAY2123-T110499.99,DELTA,15,1000,22,100,243,no,51,1000
2025-05-21T19:02:58.977756,KXBTCD-25MAY2123-T110499.99,DELTA,15,1000,22,100,244,yes,14,-100
2025-05-21T19:02:59.038628,KXBTCD-25MAY2123-T110499.99,DELTA,8,24,22,100,245,yes,15,-1000
2025-05-21T19:03:00.298413,KXBTCD-25MAY2123-T110499.99,DELTA,15,100,22,100,246,yes,15,100
2025-05-21T19:03:00.337021,KXBTCD-25MAY2123-T110499.99,DELTA,15,100,25,24,247,no,78,-100
2025-05-21T19:03:00.398587,KXBTCD-25MAY2123-T110499.99,DELTA,16,1000,25,24,248,yes,16,1000
2025-05-21T19:03:00.438594,KXBTCD-25MAY2123-T110499.99,DELTA,16,1000,25,24,249,yes,4,-9
2025-05-21T19:03:00.457488,KXBTCD-25MAY2123-T110499.99,DELTA,16,1000,25,24,250,yes,9,9
2025-05-21T19:03:01.081099,KXBTCD-25MAY2123-T110499.99,DELTA,16,1000,25,24,251,yes,15,-100
2025-05-21T19:03:01.138762,KXBTCD-25MAY2123-T110499.99,DELTA,9,9,25,24,252,yes,16,-1000
2025-05-21T19:03:01.198421,KXBTCD-25MAY2123-T110499.99,DELTA,8,24,25,24,253,yes,9,-9
2025-05-21T19:03:01.597592,KXBTCD-25MAY2123-T110499.99,DELTA,8,24,23,100,254,no,77,100
2025-05-21T19:03:01.658632,KXBTCD-25MAY2123-T110499.99,DELTA,8,24,23,100,255,no,51,-1000
2025-05-21T19:03:01.697520,KXBTCD-25MAY2123-T110499.99,DELTA,8,24,23,1100,256,no,77,1000
2025-05-21T19:03:02.282928,KXBTCD-25MAY2123-T110499.99,DELTA,16,100,23,1100,257,yes,16,100
2025-05-21T19:03:02.338593,KXBTCD-25MAY2123-T110499.99,DELTA,17,1000,23,1100,258,yes,17,1000
2025-05-21T19:03:02.399213,KXBTCD-25MAY2123-T110499.99,DELTA,17,1000,23,1100,259,yes,9,9
2025-05-21T19:03:02.399772,KXBTCD-25MAY2123-T110499.99,DELTA,17,1000,23,1100,260,no,61,-9
2025-05-21T19:03:03.618328,KXBTCD-25MAY2123-T110499.99,DELTA,17,1000,23,100,261,no,77,-1000
2025-05-21T19:03:03.680075,KXBTCD-25MAY2123-T110499.99,DELTA,17,1000,22,1000,262,no,78,1000
2025-05-21T19:03:03.740446,KXBTCD-25MAY2123-T110499.99,DELTA,17,1000,22,1000,263,yes,9,-9
2025-05-21T19:03:03.777261,KXBTCD-25MAY2123-T110499.99,DELTA,17,1000,22,1000,264,no,61,9
2025-05-21T19:03:04.318511,KXBTCD-25MAY2123-T110499.99,DELTA,17,1000,22,1000,265,yes,16,-100
2025-05-21T19:03:04.400685,KXBTCD-25MAY2123-T110499.99,DELTA,8,24,22,1000,266,yes,17,-1000
2025-05-21T19:03:04.518282,KXBTCD-25MAY2123-T110499.99,DELTA,8,24,22,1000,267,no,61,-9
2025-05-21T19:03:04.518949,KXBTCD-25MAY2123-T110499.99,DELTA,8,24,22,1000,268,yes,4,9
2025-05-21T19:03:04.561403,KXBTCD-25MAY2123-T110499.99,DELTA,8,24,22,1000,269,no,77,-100
2025-05-21T19:03:04.579124,KXBTCD-25MAY2123-T110499.99,DELTA,4,9,22,1000,270,yes,8,-24
2025-05-21T19:03:04.599417,KXBTCD-25MAY2123-T110499.99,DELTA,4,9,22,1000,271,no,75,-24
2025-05-21T19:03:04.599548,KXBTCD-25MAY2123-T110499.99,DELTA,6,24,22,1000,272,yes,6,24
2025-05-21T19:03:04.599670,KXBTCD-25MAY2123-T110499.99,DELTA,6,24,22,1000,273,no,77,24
2025-05-21T19:03:04.658262,KXBTCD-25MAY2123-T110499.99,DELTA,6,24,23,24,274,no,78,-1000
2025-05-21T19:03:04.718465,KXBTCD-25MAY2123-T110499.99,DELTA,6,24,23,24,275,no,51,1000
2025-05-21T19:03:05.939180,KXBTCD-25MAY2123-T110499.99,DELTA,13,100,23,24,276,yes,13,100
2025-05-21T19:03:05.940231,KXBTCD-25MAY2123-T110499.99,DELTA,13,100,21,100,277,no,79,100
2025-05-21T19:03:05.999982,KXBTCD-25MAY2123-T110499.99,DELTA,13,100,21,100,278,no,51,-1000
2025-05-21T19:03:06.001177,KXBTCD-25MAY2123-T110499.99,DELTA,14,1000,21,100,279,yes,14,1000
2025-05-21T19:03:06.038374,KXBTCD-25MAY2123-T110499.99,DELTA,14,1000,21,1100,280,no,79,1000
2025-05-21T19:03:06.080765,KXBTCD-25MAY2123-T110499.99,DELTA,14,1000,21,1100,281,yes,4,-9
2025-05-21T19:03:06.081726,KXBTCD-25MAY2123-T110499.99,DELTA,14,1000,21,1100,282,yes,7,9
2025-05-21T19:03:06.082377,KXBTCD-25MAY2123-T110499.99,DELTA,14,1000,21,1100,283,no,61,9
2025-05-21T19:03:12.191217,KXBTCD-25MAY2123-T110499.99,DELTA,14,1000,21,1100,284,no,37,-875
2025-05-21T19:03:12.377844,KXBTCD-25MAY2123-T110499.99,DELTA,14,1000,21,1100,285,no,61,-9
2025-05-21T19:03:12.384933,KXBTCD-25MAY2123-T110499.99,DELTA,14,1000,21,1100,286,yes,7,-9
2025-05-21T19:03:18.659902,KXBTCD-25MAY2123-T110499.99,DELTA,14,1000,21,1100,287,no,37,875
2025-05-21T19:03:20.563182,KXBTCD-25MAY2123-T110499.99,DELTA,14,1000,21,1000,288,no,79,-100
2025-05-21T19:03:20.564787,KXBTCD-25MAY2123-T110499.99,DELTA,14,1000,23,24,289,no,79,-1000
2025-05-21T19:03:20.565296,KXBTCD-25MAY2123-T110499.99,DELTA,14,1000,23,24,290,no,51,1000
2025-05-21T19:03:22.113881,KXBTCD-25MAY2123-T110499.99,DELTA,14,1000,20,100,291,no,80,100
2025-05-21T19:03:22.228526,KXBTCD-25MAY2123-T110499.99,DELTA,14,1000,20,100,292,no,61,9
2025-05-21T19:03:46.098920,KXBTCD-25MAY2123-T110499.99,DELTA,14,1000,23,24,293,no,80,-100
2025-05-21T19:03:46.299030,KXBTCD-25MAY2123-T110499.99,DELTA,14,1000,23,24,294,yes,13,-100
2025-05-21T19:03:46.359322,KXBTCD-25MAY2123-T110499.99,DELTA,6,24,23,24,295,yes,14,-1000
2025-05-21T19:03:46.818724,KXBTCD-25MAY2123-T110499.99,DELTA,6,24,22,100,296,no,78,100
2025-05-21T19:03:46.898371,KXBTCD-25MAY2123-T110499.99,DELTA,6,24,22,100,297,no,51,-1000
2025-05-21T19:03:46.959355,KXBTCD-25MAY2123-T110499.99,DELTA,6,24,22,1100,298,no,78,1000
2025-05-21T19:03:47.418986,KXBTCD-25MAY2123-T110499.99,DELTA,6,24,22,1000,299,no,78,-100
2025-05-21T19:03:47.478816,KXBTCD-25MAY2123-T110499.99,DELTA,6,24,23,24,300,no,78,-1000
2025-05-21T19:03:47.518349,KXBTCD-25MAY2123-T110499.99,DELTA,6,24,23,24,301,no,51,1000
2025-05-21T19:03:47.519736,KXBTCD-25MAY2123-T110499.99,DELTA,13,100,23,24,302,yes,13,100
2025-05-21T19:03:47.579086,KXBTCD-25MAY2123-T110499.99,DELTA,14,1000,23,24,303,yes,14,1000
2025-05-21T19:03:48.038395,KXBTCD-25MAY2123-T110499.99,DELTA,14,1000,23,24,304,yes,13,-100
2025-05-21T19:03:48.119570,KXBTCD-25MAY2123-T110499.99,DELTA,6,24,23,24,305,yes,14,-1000
2025-05-21T19:03:48.319250,KXBTCD-25MAY2123-T110499.99,DELTA,8,24,23,24,306,yes,8,24
2025-05-21T19:03:48.320982,KXBTCD-25MAY2123-T110499.99,DELTA,8,24,23,24,307,yes,6,-24
2025-05-21T19:03:48.321612,KXBTCD-25MAY2123-T110499.99,DELTA,8,24,23,24,308,no,75,24
2025-05-21T19:03:48.340531,KXBTCD-25MAY2123-T110499.99,DELTA,8,24,25,24,309,no,77,-24
2025-05-21T19:03:48.538447,KXBTCD-25MAY2123-T110499.99,DELTA,8,24,21,100,310,no,79,100
2025-05-21T19:03:49.099427,KXBTCD-25MAY2123-T110499.99,DELTA,14,100,21,100,311,yes,14,100
2025-05-21T19:03:49.197922,KXBTCD-25MAY2123-T110499.99,DELTA,15,1000,21,100,312,yes,15,1000
2025-05-21T19:03:49.238681,KXBTCD-25MAY2123-T110499.99,DELTA,15,1000,21,100,313,yes,9,9
2025-05-21T19:03:52.458166,KXBTCD-25MAY2123-T110499.99,DELTA,15,1000,21,100,314,yes,14,-100
2025-05-21T19:03:52.477701,KXBTCD-25MAY2123-T110499.99,DELTA,15,1000,25,24,315,no,79,-100
2025-05-21T19:03:52.520148,KXBTCD-25MAY2123-T110499.99,DELTA,9,9,25,24,316,yes,15,-1000
2025-05-21T19:03:52.559754,KXBTCD-25MAY2123-T110499.99,DELTA,8,24,25,24,317,yes,9,-9
2025-05-21T19:03:53.738544,KXBTCD-25MAY2123-T110499.99,DELTA,13,100,25,24,318,yes,13,100
2025-05-21T19:03:53.761292,KXBTCD-25MAY2123-T110499.99,DELTA,13,100,21,100,319,no,79,100
2025-05-21T19:03:53.798275,KXBTCD-25MAY2123-T110499.99,DELTA,14,1000,21,100,320,yes,14,1000
2025-05-21T19:03:53.859019,KXBTCD-25MAY2123-T110499.99,DELTA,14,1000,21,100,321,no,61,9
2025-05-21T19:03:53.860268,KXBTCD-25MAY2123-T110499.99,DELTA,14,1000,21,100,322,yes,9,9
2025-05-21T19:03:53.860943,KXBTCD-25MAY2123-T110499.99,DELTA,14,1009,21,100,323,yes,14,9
2025-05-21T19:04:00.437862,KXBTCD-25MAY2123-T110499.99,DELTA,14,1009,25,24,324,no,79,-100
2025-05-21T19:04:00.560510,KXBTCD-25MAY2123-T110499.99,DELTA,14,1009,25,24,325,yes,9,-9
2025-05-21T19:04:00.561806,KXBTCD-25MAY2123-T110499.99,DELTA,14,1000,25,24,326,yes,14,-9
2025-05-21T19:04:00.562500,KXBTCD-25MAY2123-T110499.99,DELTA,15,9,25,24,327,yes,15,9
2025-05-21T19:04:01.827297,KXBTCD-25MAY2123-T110499.99,DELTA,15,9,20,100,328,no,80,100
2025-05-21T19:04:01.924057,KXBTCD-25MAY2123-T110499.99,DELTA,15,9,20,100,329,no,61,-9
2025-05-21T19:04:01.937737,KXBTCD-25MAY2123-T110499.99,DELTA,15,9,20,100,330,no,61,-9
2025-05-21T19:04:01.938384,KXBTCD-25MAY2123-T110499.99,DELTA,15,9,20,100,331,no,76,9
2025-05-21T19:04:02.015236,KXBTCD-25MAY2123-T110499.99,DELTA,14,1000,20,100,332,yes,15,-9
2025-05-21T19:04:23.818417,KXBTCD-25MAY2123-T110499.99,DELTA,14,1000,20,100,333,yes,8,-24
2025-05-21T19:04:23.819338,KXBTCD-25MAY2123-T110499.99,DELTA,14,1000,20,100,334,yes,6,24
2025-05-21T19:04:23.819870,KXBTCD-25MAY2123-T110499.99,DELTA,14,1000,20,100,335,no,77,24
2025-05-21T19:04:23.820197,KXBTCD-25MAY2123-T110499.99,DELTA,14,1000,20,100,336,no,75,-24
2025-05-21T19:04:30.478355,KXBTCD-25MAY2123-T110499.99,DELTA,14,1000,23,24,337,no,80,-100
2025-05-21T19:04:30.498464,KXBTCD-25MAY2123-T110499.99,DELTA,14,1000,23,24,338,yes,13,-100
2025-05-21T19:04:30.567195,KXBTCD-25MAY2123-T110499.99,DELTA,6,24,23,24,339,yes,14,-1000
2025-05-21T19:04:30.617776,KXBTCD-25MAY2123-T110499.99,DELTA,6,24,23,24,340,no,76,-9
2025-05-21T19:04:30.618623,KXBTCD-25MAY2123-T110499.99,DELTA,6,24,23,24,341,no,61,9
2025-05-21T19:04:32.197823,KXBTCD-25MAY2123-T110499.99,DELTA,11,100,23,24,342,yes,11,100
2025-05-21T19:04:32.298244,KXBTCD-25MAY2123-T110499.99,DELTA,11,100,19,100,343,no,81,100
2025-05-21T19:04:32.382030,KXBTCD-25MAY2123-T110499.99,DELTA,12,1000,19,100,344,yes,12,1000
2025-05-21T19:04:32.914979,KXBTCD-25MAY2123-T110499.99,DELTA,12,1000,19,100,345,yes,7,9
2025-05-21T19:04:32.915634,KXBTCD-25MAY2123-T110499.99,DELTA,12,1000,19,100,346,no,61,9
2025-05-21T19:04:32.916066,KXBTCD-25MAY2123-T110499.99,DELTA,12,1009,19,100,347,yes,12,9
2025-05-21T19:04:33.573029,KXBTCD-25MAY2123-T110499.99,DELTA,12,1009,19,100,348,no,61,-9
2025-05-21T19:04:33.574192,KXBTCD-25MAY2123-T110499.99,DELTA,12,1000,19,100,349,yes,12,-9
2025-05-21T19:04:33.575125,KXBTCD-25MAY2123-T110499.99,DELTA,12,1000,19,100,350,yes,11,-100
2025-05-21T19:04:33.880794,KXBTCD-25MAY2123-T110499.99,DELTA,7,9,19,100,351,yes,12,-1000
2025-05-21T19:04:34.300716,KXBTCD-25MAY2123-T110499.99,DELTA,6,24,19,100,352,yes,7,-9
2025-05-21T19:04:35.178744,KXBTCD-25MAY2123-T110499.99,DELTA,12,100,19,100,353,yes,12,100
2025-05-21T19:04:35.268794,KXBTCD-25MAY2123-T110499.99,DELTA,13,1000,19,100,354,yes,13,1000
2025-05-21T19:04:35.278596,KXBTCD-25MAY2123-T110499.99,DELTA,13,1000,19,100,355,yes,7,9
2025-05-21T19:04:40.620512,KXBTCD-25MAY2123-T110499.99,DELTA,13,1000,19,100,356,yes,12,-100
2025-05-21T19:04:40.638303,KXBTCD-25MAY2123-T110499.99,DELTA,13,1000,23,24,357,no,81,-100
2025-05-21T19:04:40.681825,KXBTCD-25MAY2123-T110499.99,DELTA,7,9,23,24,358,yes,13,-1000
2025-05-21T19:04:40.717855,KXBTCD-25MAY2123-T110499.99,DELTA,6,24,23,24,359,yes,7,-9
2025-05-21T19:04:41.694043,KXBTCD-25MAY2123-T110499.99,DELTA,12,100,23,24,360,yes,12,100
2025-05-21T19:04:41.695155,KXBTCD-25MAY2123-T110499.99,DELTA,12,100,20,100,361,no,80,100
2025-05-21T19:04:41.755250,KXBTCD-25MAY2123-T110499.99,DELTA,13,1000,20,100,362,yes,13,1000
2025-05-21T19:04:41.767322,KXBTCD-25MAY2123-T110499.99,DELTA,13,1000,20,100,363,yes,7,9
2025-05-21T19:04:42.531964,KXBTCD-25MAY2123-T110499.99,DELTA,13,1000,20,100,364,yes,12,-100
2025-05-21T19:04:42.605485,KXBTCD-25MAY2123-T110499.99,DELTA,7,9,20,100,365,yes,13,-1000
2025-05-21T19:04:42.669162,KXBTCD-25MAY2123-T110499.99,DELTA,6,24,20,100,366,yes,7,-9
2025-05-21T19:04:43.478107,KXBTCD-25MAY2123-T110499.99,DELTA,12,100,20,100,367,yes,12,100
2025-05-21T19:04:43.538582,KXBTCD-25MAY2123-T110499.99,DELTA,13,1000,20,100,368,yes,13,1000
2025-05-21T19:04:43.619563,KXBTCD-25MAY2123-T110499.99,DELTA,13,1000,20,100,369,yes,7,9
2025-05-21T19:04:45.618283,KXBTCD-25MAY2123-T110499.99,DELTA,13,1000,20,100,370,yes,12,-100
2025-05-21T19:04:45.678925,KXBTCD-25MAY2123-T110499.99,DELTA,7,9,20,100,371,yes,13,-1000
2025-05-21T19:04:45.739118,KXBTCD-25MAY2123-T110499.99,DELTA,6,24,20,100,372,yes,7,-9
2025-05-21T19:04:46.577588,KXBTCD-25MAY2123-T110499.99,DELTA,13,100,20,100,373,yes,13,100
2025-05-21T19:04:46.638142,KXBTCD-25MAY2123-T110499.99,DELTA,14,1000,20,100,374,yes,14,1000
2025-05-21T19:04:46.699072,KXBTCD-25MAY2123-T110499.99,DELTA,14,1000,20,100,375,yes,7,9
2025-05-21T19:04:50.919409,KXBTCD-25MAY2123-T110499.99,DELTA,14,1000,20,100,376,yes,13,-100
2025-05-21T19:04:50.920344,KXBTCD-25MAY2123-T110499.99,DELTA,14,1000,23,24,377,no,80,-100
2025-05-21T19:04:50.940158,KXBTCD-25MAY2123-T110499.99,DELTA,14,1000,23,24,378,yes,8,24
2025-05-21T19:04:50.940739,KXBTCD-25MAY2123-T110499.99,DELTA,14,1000,23,24,379,yes,6,-24
2025-05-21T19:04:50.941165,KXBTCD-25MAY2123-T110499.99,DELTA,14,1000,23,24,380,no,75,24
2025-05-21T19:04:50.958373,KXBTCD-25MAY2123-T110499.99,DELTA,14,1000,25,24,381,no,77,-24
2025-05-21T19:04:50.977362,KXBTCD-25MAY2123-T110499.99,DELTA,8,24,25,24,382,yes,14,-1000
2025-05-21T19:04:51.017814,KXBTCD-25MAY2123-T110499.99,DELTA,8,24,25,24,383,yes,7,-9
2025-05-21T19:04:52.017892,KXBTCD-25MAY2123-T110499.99,DELTA,14,100,25,24,384,yes,14,100
2025-05-21T19:04:52.018071,KXBTCD-25MAY2123-T110499.99,DELTA,14,100,23,100,385,no,77,100
2025-05-21T19:04:52.058074,KXBTCD-25MAY2123-T110499.99,DELTA,15,1000,23,100,386,yes,15,1000
2025-05-21T19:04:52.077993,KXBTCD-25MAY2123-T110499.99,DELTA,15,1000,23,100,387,no,51,-1000
2025-05-21T19:04:52.117967,KXBTCD-25MAY2123-T110499.99,DELTA,15,1009,23,100,388,yes,15,9
2025-05-21T19:04:52.119735,KXBTCD-25MAY2123-T110499.99,DELTA,15,1009,23,100,389,yes,9,9
2025-05-21T19:04:52.119841,KXBTCD-25MAY2123-T110499.99,DELTA,15,1009,23,100,390,no,61,9
2025-05-21T19:04:52.119930,KXBTCD-25MAY2123-T110499.99,DELTA,15,1009,23,1100,391,no,77,1000
2025-05-21T19:04:52.475355,KXBTCD-25MAY2123-T110499.99,DELTA,15,1009,23,1000,392,no,77,-100
2025-05-21T19:04:52.550072,KXBTCD-25MAY2123-T110499.99,DELTA,15,1009,25,24,393,no,77,-1000
2025-05-21T19:04:52.578693,KXBTCD-25MAY2123-T110499.99,DELTA,15,1009,25,24,394,no,51,1000
2025-05-21T19:04:52.624272,KXBTCD-25MAY2123-T110499.99,DELTA,15,1009,25,24,395,no,61,-9
2025-05-21T19:04:52.625064,KXBTCD-25MAY2123-T110499.99,DELTA,15,1000,25,24,396,yes,15,-9
2025-05-21T19:04:53.239369,KXBTCD-25MAY2123-T110499.99,DELTA,15,1000,22,100,397,no,78,100
2025-05-21T19:04:53.357851,KXBTCD-25MAY2123-T110499.99,DELTA,15,1000,22,100,398,yes,9,-9
2025-05-21T19:04:53.697329,KXBTCD-25MAY2123-T110499.99,DELTA,15,1000,22,100,399,no,51,-1000
2025-05-21T19:04:53.736894,KXBTCD-25MAY2123-T110499.99,DELTA,15,1000,22,1100,400,no,78,1000
2025-05-21T19:04:54.617932,KXBTCD-25MAY2123-T110499.99,DELTA,15,1000,22,1000,401,no,78,-100
2025-05-21T19:04:54.697569,KXBTCD-25MAY2123-T110499.99,DELTA,15,1000,25,24,402,no,78,-1000
2025-05-21T19:04:54.738602,KXBTCD-25MAY2123-T110499.99,DELTA,15,1000,25,24,403,no,51,1000
2025-05-21T19:04:54.739200,KXBTCD-25MAY2123-T110499.99,DELTA,15,1000,25,24,404,no,61,-9
2025-05-21T19:04:55.458099,KXBTCD-25MAY2123-T110499.99,DELTA,15,1000,21,100,405,no,79,100
2025-05-21T19:04:55.581979,KXBTCD-25MAY2123-T110499.99,DELTA,15,1000,21,100,406,no,61,9
2025-05-21T19:04:57.338480,KXBTCD-25MAY2123-T110499.99,DELTA,15,1000,21,100,407,yes,6,24
2025-05-21T19:04:57.339358,KXBTCD-25MAY2123-T110499.99,DELTA,15,1000,21,100,408,yes,8,-24
2025-05-21T19:04:57.357613,KXBTCD-25MAY2123-T110499.99,DELTA,15,1000,21,100,409,no,75,-24
2025-05-21T19:04:57.358402,KXBTCD-25MAY2123-T110499.99,DELTA,15,1000,21,100,410,no,77,24
2025-05-21T19:04:57.717536,KXBTCD-25MAY2123-T110499.99,DELTA,15,1000,23,24,411,no,79,-100
2025-05-21T19:04:57.738561,KXBTCD-25MAY2123-T110499.99,DELTA,15,1000,23,24,412,yes,14,-100
2025-05-21T19:04:57.797473,KXBTCD-25MAY2123-T110499.99,DELTA,6,24,23,24,413,yes,15,-1000
2025-05-21T19:04:58.498135,KXBTCD-25MAY2123-T110499.99,DELTA,12,100,23,24,414,yes,12,100
2025-05-21T19:04:58.499050,KXBTCD-25MAY2123-T110499.99,DELTA,12,100,20,100,415,no,80,100
2025-05-21T19:04:58.558195,KXBTCD-25MAY2123-T110499.99,DELTA,13,1000,20,100,416,yes,13,1000
2025-05-21T19:04:58.617962,KXBTCD-25MAY2123-T110499.99,DELTA,13,1000,20,100,417,yes,7,9
2025-05-21T19:05:01.324400,KXBTCD-25MAY2123-T110499.99,DELTA,13,1000,20,100,418,yes,12,-100
2025-05-21T19:05:01.418077,KXBTCD-25MAY2123-T110499.99,DELTA,7,9,20,100,419,yes,13,-1000
2025-05-21T19:05:01.438463,KXBTCD-25MAY2123-T110499.99,DELTA,6,24,20,100,420,yes,7,-9
2025-05-21T19:05:01.478169,KXBTCD-25MAY2123-T110499.99,DELTA,8,250,20,100,421,yes,8,250
2025-05-21T19:05:01.478870,KXBTCD-25MAY2123-T110499.99,DELTA,8,250,20,100,422,yes,4,250
2025-05-21T19:05:01.497030,KXBTCD-25MAY2123-T110499.99,DELTA,8,250,20,100,423,no,74,250
2025-05-21T19:05:01.497715,KXBTCD-25MAY2123-T110499.99,DELTA,8,250,20,100,424,no,70,250
2025-05-21T19:05:01.519481,KXBTCD-25MAY2123-T110499.99,DELTA,8,250,20,100,425,no,66,250
2025-05-21T19:05:01.520094,KXBTCD-25MAY2123-T110499.99,DELTA,8,250,20,100,426,no,72,250
2025-05-21T19:05:01.538970,KXBTCD-25MAY2123-T110499.99,DELTA,8,250,20,100,427,no,68,250
2025-05-21T19:05:01.539837,KXBTCD-25MAY2123-T110499.99,DELTA,8,250,20,100,428,yes,2,250
2025-05-21T19:05:01.562050,KXBTCD-25MAY2123-T110499.99,DELTA,8,250,20,100,429,yes,6,250
2025-05-21T19:05:01.580955,KXBTCD-25MAY2123-T110499.99,DELTA,8,250,20,100,430,no,51,-2000
2025-05-21T19:05:01.581638,KXBTCD-25MAY2123-T110499.99,DELTA,8,250,20,100,431,no,51,-1000
2025-05-21T19:05:01.582165,KXBTCD-25MAY2123-T110499.99,DELTA,9,1000,20,100,432,yes,9,1000
2025-05-21T19:05:01.639228,KXBTCD-25MAY2123-T110499.99,DELTA,10,250,20,100,433,yes,10,250
2025-05-21T19:05:01.759373,KXBTCD-25MAY2123-T110499.99,DELTA,10,250,20,100,434,yes,9,2000
2025-05-21T19:05:01.760371,KXBTCD-25MAY2123-T110499.99,DELTA,10,250,20,100,435,yes,9,1250
2025-05-21T19:05:01.818657,KXBTCD-25MAY2123-T110499.99,DELTA,10,250,20,100,436,no,75,1250
2025-05-21T19:05:01.839081,KXBTCD-25MAY2123-T110499.99,DELTA,10,250,20,100,437,no,75,2000
2025-05-21T19:05:01.862216,KXBTCD-25MAY2123-T110499.99,DELTA,10,250,20,100,438,yes,9,-2000
2025-05-21T19:05:01.863450,KXBTCD-25MAY2123-T110499.99,DELTA,10,250,20,100,439,yes,9,-1000
2025-05-21T19:05:01.878833,KXBTCD-25MAY2123-T110499.99,DELTA,10,250,20,100,440,yes,9,-1250
2025-05-21T19:05:01.939335,KXBTCD-25MAY2123-T110499.99,DELTA,11,1250,20,100,441,yes,11,1250
2025-05-21T19:05:01.960539,KXBTCD-25MAY2123-T110499.99,DELTA,11,2250,20,100,442,yes,11,1000
2025-05-21T19:05:02.019122,KXBTCD-25MAY2123-T110499.99,DELTA,11,2250,20,100,443,no,76,250
2025-05-21T19:05:02.020118,KXBTCD-25MAY2123-T110499.99,DELTA,11,2250,20,100,444,no,66,-250
2025-05-21T19:05:02.038841,KXBTCD-25MAY2123-T110499.99,DELTA,11,4250,20,100,445,yes,11,2000
2025-05-21T19:05:02.218629,KXBTCD-25MAY2123-T110499.99,DELTA,11,4250,20,100,446,no,75,1000
2025-05-21T19:05:02.298089,KXBTCD-25MAY2123-T110499.99,DELTA,11,4250,20,100,447,no,75,-1000
2025-05-21T19:05:02.359085,KXBTCD-25MAY2123-T110499.99,DELTA,11,4250,20,100,448,no,61,-9
2025-05-21T19:05:02.504597,KXBTCD-25MAY2123-T110499.99,DELTA,13,100,20,100,449,yes,13,100
2025-05-21T19:05:02.567088,KXBTCD-25MAY2123-T110499.99,DELTA,13,100,20,100,450,no,77,1000
2025-05-21T19:05:02.651702,KXBTCD-25MAY2123-T110499.99,DELTA,13,100,20,100,451,yes,11,-1000
2025-05-21T19:05:02.663374,KXBTCD-25MAY2123-T110499.99,DELTA,14,1000,20,100,452,yes,14,1000
2025-05-21T19:05:03.106355,KXBTCD-25MAY2123-T110499.99,DELTA,14,1000,20,100,453,no,75,-2000
2025-05-21T19:05:03.118250,KXBTCD-25MAY2123-T110499.99,DELTA,14,1000,20,100,454,no,75,-1250
2025-05-21T19:05:03.160053,KXBTCD-25MAY2123-T110499.99,DELTA,14,1000,20,100,455,no,74,2000
2025-05-21T19:05:03.217250,KXBTCD-25MAY2123-T110499.99,DELTA,14,1000,20,100,456,no,74,1250
2025-05-21T19:05:03.299539,KXBTCD-25MAY2123-T110499.99,DELTA,14,1000,20,100,457,yes,2,-250
2025-05-21T19:05:03.300417,KXBTCD-25MAY2123-T110499.99,DELTA,14,1000,20,100,458,yes,12,250
2025-05-21T19:05:03.322041,KXBTCD-25MAY2123-T110499.99,DELTA,14,1000,20,100,459,no,76,-250
2025-05-21T19:05:03.322968,KXBTCD-25MAY2123-T110499.99,DELTA,14,1000,20,100,460,no,66,250
2025-05-21T19:05:03.358365,KXBTCD-25MAY2123-T110499.99,DELTA,14,1000,20,100,461,yes,11,-2000
2025-05-21T19:05:03.378572,KXBTCD-25MAY2123-T110499.99,DELTA,14,1000,20,100,462,yes,11,-1250
2025-05-21T19:05:03.439337,KXBTCD-25MAY2123-T110499.99,DELTA,14,1000,20,100,463,yes,13,2000
2025-05-21T19:05:03.558790,KXBTCD-25MAY2123-T110499.99,DELTA,14,1000,20,100,464,yes,13,1250
2025-05-21T19:05:03.919590,KXBTCD-25MAY2123-T110499.99,DELTA,14,1000,20,100,465,no,77,-1000
2025-05-21T19:05:03.978741,KXBTCD-25MAY2123-T110499.99,DELTA,14,1000,20,100,466,no,74,-2000
2025-05-21T19:05:03.979503,KXBTCD-25MAY2123-T110499.99,DELTA,14,1000,20,100,467,no,74,-1250
2025-05-21T19:05:04.037838,KXBTCD-25MAY2123-T110499.99,DELTA,14,1000,20,100,468,no,75,9
2025-05-21T19:05:04.058887,KXBTCD-25MAY2123-T110499.99,DELTA,14,1000,20,100,469,no,75,2000
2025-05-21T19:05:04.480737,KXBTCD-25MAY2123-T110499.99,DELTA,14,1000,20,100,470,no,75,1250
2025-05-21T19:05:04.657210,KXBTCD-25MAY2123-T110499.99,DELTA,14,1000,20,100,471,no,75,1000
2025-05-21T19:05:04.942642,KXBTCD-25MAY2123-T110499.99,DELTA,14,1000,20,100,472,yes,9,24
2025-05-21T19:05:04.942867,KXBTCD-25MAY2123-T110499.99,DELTA,14,1000,20,100,473,yes,6,-24
2025-05-21T19:05:04.942992,KXBTCD-25MAY2123-T110499.99,DELTA,14,1000,20,100,474,no,77,-24
2025-05-21T19:05:04.943105,KXBTCD-25MAY2123-T110499.99,DELTA,14,1000,20,100,475,no,74,24
2025-05-21T19:05:05.060161,KXBTCD-25MAY2123-T110499.99,DELTA,14,1000,20,100,476,no,75,-9
2025-05-21T19:05:05.218504,KXBTCD-25MAY2123-T110499.99,DELTA,14,1000,20,100,477,no,76,9
2025-05-21T19:05:05.537616,KXBTCD-25MAY2123-T110499.99,DELTA,14,1000,24,9,478,no,80,-100
2025-05-21T19:05:05.840923,KXBTCD-25MAY2123-T110499.99,DELTA,14,1000,25,4250,479,no,76,-9
2025-05-21T19:05:06.577759,KXBTCD-25MAY2123-T110499.99,DELTA,14,1000,25,4250,480,yes,13,-100
2025-05-21T19:05:06.798618,KXBTCD-25MAY2123-T110499.99,DELTA,14,1000,21,100,481,no,79,100
2025-05-21T19:05:07.119488,KXBTCD-25MAY2123-T110499.99,DELTA,13,3250,21,100,482,yes,14,-1000
2025-05-21T19:05:07.198982,KXBTCD-25MAY2123-T110499.99,DELTA,13,4250,21,100,483,yes,13,1000
2025-05-21T19:05:07.358501,KXBTCD-25MAY2123-T110499.99,DELTA,13,4350,21,100,484,yes,13,100
2025-05-21T19:05:08.499734,KXBTCD-25MAY2123-T110499.99,DELTA,13,4250,21,100,485,yes,13,-100
2025-05-21T19:05:08.818727,KXBTCD-25MAY2123-T110499.99,DELTA,13,3250,21,100,486,yes,13,-1000
2025-05-21T19:05:08.893405,KXBTCD-25MAY2123-T110499.99,DELTA,13,4250,21,100,487,yes,13,1000
2025-05-21T19:05:09.317852,KXBTCD-25MAY2123-T110499.99,DELTA,13,4350,21,100,488,yes,13,100
2025-05-21T19:05:09.479475,KXBTCD-25MAY2123-T110499.99,DELTA,13,3350,21,100,489,yes,13,-1000
2025-05-21T19:05:09.597927,KXBTCD-25MAY2123-T110499.99,DELTA,14,1000,21,100,490,yes,14,1000
2025-05-21T19:05:09.658708,KXBTCD-25MAY2123-T110499.99,DELTA,14,1000,21,100,491,no,75,-2000
2025-05-21T19:05:09.659276,KXBTCD-25MAY2123-T110499.99,DELTA,14,1000,21,100,492,no,75,-1250
2025-05-21T19:05:09.697890,KXBTCD-25MAY2123-T110499.99,DELTA,14,1000,21,100,493,no,74,2000
2025-05-21T19:05:09.738069,KXBTCD-25MAY2123-T110499.99,DELTA,14,1000,21,100,494,yes,13,-100
2025-05-21T19:05:09.997868,KXBTCD-25MAY2123-T110499.99,DELTA,14,1000,21,100,495,no,74,1250
2025-05-21T19:05:10.444508,KXBTCD-25MAY2123-T110499.99,DELTA,13,3250,21,100,496,yes,14,-1000
2025-05-21T19:05:10.497085,KXBTCD-25MAY2123-T110499.99,DELTA,13,4250,21,100,497,yes,13,1000
2025-05-21T19:05:11.298173,KXBTCD-25MAY2123-T110499.99,DELTA,14,100,21,100,498,yes,14,100
2025-05-21T19:05:11.398981,KXBTCD-25MAY2123-T110499.99,DELTA,14,100,21,100,499,yes,13,-1000
2025-05-21T19:05:11.838744,KXBTCD-25MAY2123-T110499.99,DELTA,15,1000,21,100,500,yes,15,1000
2025-05-21T19:05:14.839574,KXBTCD-25MAY2123-T110499.99,DELTA,15,1000,21,100,501,no,74,-2000
2025-05-21T19:05:14.841458,KXBTCD-25MAY2123-T110499.99,DELTA,15,1000,21,100,502,no,74,-1250
2025-05-21T19:05:14.842001,KXBTCD-25MAY2123-T110499.99,DELTA,15,1000,21,100,503,no,74,1250
2025-05-21T19:05:14.842432,KXBTCD-25MAY2123-T110499.99,DELTA,15,1000,21,100,504,no,74,2000
2025-05-21T19:05:15.938620,KXBTCD-25MAY2123-T110499.99,DELTA,15,1000,21,100,505,no,74,-1250
2025-05-21T19:05:15.978769,KXBTCD-25MAY2123-T110499.99,DELTA,15,1000,21,100,506,no,73,1250
2025-05-21T19:05:17.238331,KXBTCD-25MAY2123-T110499.99,DELTA,15,1000,21,100,507,no,74,-2000
2025-05-21T19:05:17.299620,KXBTCD-25MAY2123-T110499.99,DELTA,15,1000,21,100,508,no,73,2000
2025-05-21T19:05:17.718487,KXBTCD-25MAY2123-T110499.99,DELTA,15,1000,21,100,509,no,73,-1250
2025-05-21T19:05:17.719053,KXBTCD-25MAY2123-T110499.99,DELTA,15,1000,21,100,510,no,73,-2000
2025-05-21T19:05:17.719261,KXBTCD-25MAY2123-T110499.99,DELTA,15,1000,21,100,511,yes,9,-24
2025-05-21T19:05:17.736114,KXBTCD-25MAY2123-T110499.99,DELTA,15,1000,21,100,512,yes,10,24
2025-05-21T19:05:17.736309,KXBTCD-25MAY2123-T110499.99,DELTA,15,1000,21,100,513,no,74,-24
2025-05-21T19:05:17.736638,KXBTCD-25MAY2123-T110499.99,DELTA,15,1000,21,100,514,no,73,24
2025-05-21T19:05:17.817015,KXBTCD-25MAY2123-T110499.99,DELTA,15,1000,21,100,515,no,72,2000
2025-05-21T19:05:17.838386,KXBTCD-25MAY2123-T110499.99,DELTA,15,1000,21,100,516,no,72,1250
2025-05-21T19:05:18.019877,KXBTCD-25MAY2123-T110499.99,DELTA,15,1000,21,100,517,yes,14,-100
2025-05-21T19:05:18.041910,KXBTCD-25MAY2123-T110499.99,DELTA,15,1000,25,1000,518,no,79,-100
2025-05-21T19:05:18.276943,KXBTCD-25MAY2123-T110499.99,DELTA,15,1000,25,1000,519,yes,14,250
2025-05-21T19:05:18.323458,KXBTCD-25MAY2123-T110499.99,DELTA,15,1000,25,1000,520,no,64,250
2025-05-21T19:05:18.324628,KXBTCD-25MAY2123-T110499.99,DELTA,15,1000,25,1000,521,yes,4,-250
2025-05-21T19:05:18.357736,KXBTCD-25MAY2123-T110499.99,DELTA,15,1000,25,1000,522,no,74,-250
2025-05-21T19:05:18.437285,KXBTCD-25MAY2123-T110499.99,DELTA,15,1000,27,24,523,no,75,-1000
2025-05-21T19:05:18.477337,KXBTCD-25MAY2123-T110499.99,DELTA,15,1000,27,1024,524,no,73,1000
2025-05-21T19:05:18.520928,KXBTCD-25MAY2123-T110499.99,DELTA,14,250,27,1024,525,yes,15,-1000
2025-05-21T19:05:18.538137,KXBTCD-25MAY2123-T110499.99,DELTA,14,250,27,1024,526,no,72,-1250
2025-05-21T19:05:18.556848,KXBTCD-25MAY2123-T110499.99,DELTA,14,250,27,1024,527,yes,13,-2000
2025-05-21T19:05:18.579157,KXBTCD-25MAY2123-T110499.99,DELTA,15,1000,27,1024,528,yes,15,1000
2025-05-21T19:05:18.579899,KXBTCD-25MAY2123-T110499.99,DELTA,15,1000,27,1024,529,yes,13,-1250
2025-05-21T19:05:18.617883,KXBTCD-25MAY2123-T110499.99,DELTA,15,1000,27,1024,530,no,71,1250
2025-05-21T19:05:18.638127,KXBTCD-25MAY2123-T110499.99,DELTA,15,1000,27,1024,531,no,72,-2000
2025-05-21T19:05:18.640996,KXBTCD-25MAY2123-T110499.99,DELTA,15,2250,27,1024,532,yes,15,1250
2025-05-21T19:05:18.679229,KXBTCD-25MAY2123-T110499.99,DELTA,15,2250,27,1024,533,no,71,2000
2025-05-21T19:05:18.862985,KXBTCD-25MAY2123-T110499.99,DELTA,15,2250,27,1024,534,yes,10,-24
2025-05-21T19:05:18.863772,KXBTCD-25MAY2123-T110499.99,DELTA,15,2250,27,1024,535,yes,12,24
2025-05-21T19:05:18.865863,KXBTCD-25MAY2123-T110499.99,DELTA,15,2250,27,1000,536,no,73,-24
2025-05-21T19:05:18.866561,KXBTCD-25MAY2123-T110499.99,DELTA,15,2250,27,1000,537,no,71,24
2025-05-21T19:05:19.440132,KXBTCD-25MAY2123-T110499.99,DELTA,16,100,27,1000,538,yes,16,100
2025-05-21T19:05:19.460027,KXBTCD-25MAY2123-T110499.99,DELTA,16,100,24,100,539,no,76,100
2025-05-21T19:05:19.538741,KXBTCD-25MAY2123-T110499.99,DELTA,16,100,24,100,540,yes,15,2000
2025-05-21T19:05:19.577752,KXBTCD-25MAY2123-T110499.99,DELTA,16,100,24,100,541,yes,15,-1000
2025-05-21T19:05:19.617054,KXBTCD-25MAY2123-T110499.99,DELTA,17,1000,24,100,542,yes,17,1000
2025-05-21T19:05:19.697596,KXBTCD-25MAY2123-T110499.99,DELTA,17,1000,24,100,543,no,71,-2000
2025-05-21T19:05:19.862318,KXBTCD-25MAY2123-T110499.99,DELTA,17,1000,24,100,544,no,72,2000
2025-05-21T19:05:20.298189,KXBTCD-25MAY2123-T110499.99,DELTA,17,1000,24,100,545,no,72,-2000
2025-05-21T19:05:20.299408,KXBTCD-25MAY2123-T110499.99,DELTA,17,1000,24,100,546,no,73,-1000
2025-05-21T19:05:20.318342,KXBTCD-25MAY2123-T110499.99,DELTA,17,1000,24,100,547,no,71,-1250
2025-05-21T19:05:20.358903,KXBTCD-25MAY2123-T110499.99,DELTA,17,1000,24,100,548,no,73,2000
2025-05-21T19:05:20.359862,KXBTCD-25MAY2123-T110499.99,DELTA,17,1000,24,1100,549,no,76,1000
2025-05-21T19:05:20.360544,KXBTCD-25MAY2123-T110499.99,DELTA,17,1000,24,1100,550,no,72,1250
2025-05-21T19:05:21.180873,KXBTCD-25MAY2123-T110499.99,DELTA,17,1000,24,1100,551,no,73,-2000
2025-05-21T19:05:21.200052,KXBTCD-25MAY2123-T110499.99,DELTA,17,1000,24,100,552,no,76,-1000
2025-05-21T19:05:21.237201,KXBTCD-25MAY2123-T110499.99,DELTA,17,1000,24,100,553,no,72,2000
2025-05-21T19:05:21.238004,KXBTCD-25MAY2123-T110499.99,DELTA,17,1000,24,100,554,no,73,1000
2025-05-21T19:05:22.217303,KXBTCD-25MAY2123-T110499.99,DELTA,17,1000,24,100,555,yes,16,-100
2025-05-21T19:05:22.779027,KXBTCD-25MAY2123-T110499.99,DELTA,17,1000,24,100,556,yes,14,24
2025-05-21T19:05:22.779404,KXBTCD-25MAY2123-T110499.99,DELTA,17,1000,24,100,557,yes,12,-24
2025-05-21T19:05:22.779712,KXBTCD-25MAY2123-T110499.99,DELTA,17,1000,24,100,558,no,69,24
2025-05-21T19:05:22.801958,KXBTCD-25MAY2123-T110499.99,DELTA,17,1000,24,100,559,no,71,-24
2025-05-21T19:05:23.017895,KXBTCD-25MAY2123-T110499.99,DELTA,17,1000,24,100,560,no,72,-1250
2025-05-21T19:05:23.077671,KXBTCD-25MAY2123-T110499.99,DELTA,17,1000,24,100,561,no,72,-2000
2025-05-21T19:05:23.077875,KXBTCD-25MAY2123-T110499.99,DELTA,17,1000,24,100,562,no,71,1250
2025-05-21T19:05:23.119087,KXBTCD-25MAY2123-T110499.99,DELTA,15,3250,24,100,563,yes,17,-1000
2025-05-21T19:05:23.136499,KXBTCD-25MAY2123-T110499.99,DELTA,15,3250,24,100,564,no,71,2000
2025-05-21T19:05:23.441431,KXBTCD-25MAY2123-T110499.99,DELTA,18,100,24,100,565,yes,18,100
2025-05-21T19:05:23.637867,KXBTCD-25MAY2123-T110499.99,DELTA,18,100,24,100,566,yes,15,1000
2025-05-21T19:05:23.698673,KXBTCD-25MAY2123-T110499.99,DELTA,18,100,24,100,567,yes,15,-1000
2025-05-21T19:05:23.737124,KXBTCD-25MAY2123-T110499.99,DELTA,19,1000,24,100,568,yes,19,1000
2025-05-21T19:05:23.998193,KXBTCD-25MAY2123-T110499.99,DELTA,19,1000,27,1000,569,no,76,-100
2025-05-21T19:05:24.017843,KXBTCD-25MAY2123-T110499.99,DELTA,19,1000,27,1000,570,no,71,-2000
2025-05-21T19:05:24.069517,KXBTCD-25MAY2123-T110499.99,DELTA,19,1000,27,1000,571,no,72,2000
2025-05-21T19:05:24.339512,KXBTCD-25MAY2123-T110499.99,DELTA,19,1000,27,1000,572,no,71,-1250
2025-05-21T19:05:24.617739,KXBTCD-25MAY2123-T110499.99,DELTA,19,1000,27,1000,573,no,72,1250
2025-05-21T19:05:25.118791,KXBTCD-25MAY2123-T110499.99,DELTA,19,1000,26,100,574,no,74,100
2025-05-21T19:05:25.199393,KXBTCD-25MAY2123-T110499.99,DELTA,19,1000,26,100,575,no,73,-1000
2025-05-21T19:05:25.238984,KXBTCD-25MAY2123-T110499.99,DELTA,19,1000,25,1000,576,no,75,1000
2025-05-21T19:05:25.398584,KXBTCD-25MAY2123-T110499.99,DELTA,19,1000,25,1000,577,no,72,-2000
2025-05-21T19:05:25.458388,KXBTCD-25MAY2123-T110499.99,DELTA,19,1000,25,1000,578,no,74,-100
2025-05-21T19:05:25.518340,KXBTCD-25MAY2123-T110499.99,DELTA,19,1000,28,1500,579,no,75,-1000
2025-05-21T19:05:25.637351,KXBTCD-25MAY2123-T110499.99,DELTA,19,1000,27,1000,580,no,73,1000
2025-05-21T19:05:26.000273,KXBTCD-25MAY2123-T110499.99,DELTA,19,1000,27,3000,581,no,73,2000
2025-05-21T19:05:26.056829,KXBTCD-25MAY2123-T110499.99,DELTA,19,1000,27,1000,582,no,73,-2000
2025-05-21T19:05:26.140184,KXBTCD-25MAY2123-T110499.99,DELTA,19,1000,27,1000,583,no,72,2000
2025-05-21T19:05:27.059175,KXBTCD-25MAY2123-T110499.99,DELTA,19,1000,25,100,584,no,75,100
2025-05-21T19:05:27.120788,KXBTCD-25MAY2123-T110499.99,DELTA,19,1000,25,100,585,no,73,-1000
2025-05-21T19:05:27.158322,KXBTCD-25MAY2123-T110499.99,DELTA,19,1000,25,1100,586,no,75,1000
2025-05-21T19:05:31.633855,KXBTCD-25MAY2123-T110499.99,DELTA,19,1000,25,1100,587,no,72,-2000
2025-05-21T19:05:31.639294,KXBTCD-25MAY2123-T110499.99,DELTA,19,1000,25,100,588,no,75,-1000
2025-05-21T19:05:31.759126,KXBTCD-25MAY2123-T110499.99,DELTA,19,1000,25,100,589,no,73,2000
2025-05-21T19:05:31.760641,KXBTCD-25MAY2123-T110499.99,DELTA,19,1000,24,1000,590,no,76,1000
2025-05-21T19:05:31.877776,KXBTCD-25MAY2123-T110499.99,DELTA,19,1000,24,1000,591,no,73,-2000
2025-05-21T19:05:31.898476,KXBTCD-25MAY2123-T110499.99,DELTA,19,1000,25,100,592,no,76,-1000
2025-05-21T19:05:31.937655,KXBTCD-25MAY2123-T110499.99,DELTA,19,1000,25,1100,593,no,75,1000
2025-05-21T19:05:31.958566,KXBTCD-25MAY2123-T110499.99,DELTA,19,1000,25,1100,594,no,72,2000
2025-05-21T19:05:32.140487,KXBTCD-25MAY2123-T110499.99,DELTA,19,1000,25,1100,595,no,72,-2000
2025-05-21T19:05:32.159941,KXBTCD-25MAY2123-T110499.99,DELTA,19,1000,25,100,596,no,75,-1000
2025-05-21T19:05:32.219402,KXBTCD-25MAY2123-T110499.99,DELTA,19,1000,25,100,597,no,73,2000
2025-05-21T19:05:32.220359,KXBTCD-25MAY2123-T110499.99,DELTA,19,1000,24,1000,598,no,76,1000
2025-05-21T19:05:32.338871,KXBTCD-25MAY2123-T110499.99,DELTA,19,1000,24,1000,599,no,72,-1250
2025-05-21T19:05:32.339740,KXBTCD-25MAY2123-T110499.99,DELTA,19,1000,24,1000,600,yes,12,24
2025-05-21T19:05:32.340388,KXBTCD-25MAY2123-T110499.99,DELTA,19,1000,24,1000,601,yes,14,-24
2025-05-21T19:05:32.420396,KXBTCD-25MAY2123-T110499.99,DELTA,19,1000,24,1000,602,no,69,-24
2025-05-21T19:05:32.421130,KXBTCD-25MAY2123-T110499.99,DELTA,19,1000,24,1000,603,no,71,24
2025-05-21T19:05:32.421647,KXBTCD-25MAY2123-T110499.99,DELTA,19,1000,24,1000,604,no,73,1250
2025-05-21T19:05:32.684772,KXBTCD-25MAY2123-T110499.99,DELTA,19,1000,24,1000,605,yes,14,-250
2025-05-21T19:05:32.688108,KXBTCD-25MAY2123-T110499.99,DELTA,19,1000,24,1000,606,no,75,-100
2025-05-21T19:05:32.700098,KXBTCD-25MAY2123-T110499.99,DELTA,19,1000,24,1000,607,yes,18,-100
2025-05-21T19:05:32.700755,KXBTCD-25MAY2123-T110499.99,DELTA,19,1000,24,1000,608,yes,4,250
2025-05-21T19:05:32.758611,KXBTCD-25MAY2123-T110499.99,DELTA,15,3250,24,1000,609,yes,19,-1000
2025-05-21T19:05:32.818234,KXBTCD-25MAY2123-T110499.99,DELTA,15,1250,24,1000,610,yes,15,-2000
2025-05-21T19:05:32.819466,KXBTCD-25MAY2123-T110499.99,DELTA,12,274,24,1000,611,yes,15,-1250
2025-05-21T19:05:32.844546,KXBTCD-25MAY2123-T110499.99,DELTA,12,274,27,3250,612,no,76,-1000
2025-05-21T19:05:32.896377,KXBTCD-25MAY2123-T110499.99,DELTA,13,1000,27,3250,613,yes,13,1000
2025-05-21T19:05:32.897350,KXBTCD-25MAY2123-T110499.99,DELTA,13,1000,27,3250,614,yes,12,-250
2025-05-21T19:05:32.898094,KXBTCD-25MAY2123-T110499.99,DELTA,13,1000,27,3250,615,yes,2,250
2025-05-21T19:05:32.899232,KXBTCD-25MAY2123-T110499.99,DELTA,13,2250,27,3250,616,yes,13,1250
2025-05-21T19:05:32.899665,KXBTCD-25MAY2123-T110499.99,DELTA,13,2250,27,4250,617,no,73,1000
2025-05-21T19:05:32.900113,KXBTCD-25MAY2123-T110499.99,DELTA,13,4250,27,4250,618,yes,13,2000
2025-05-21T19:05:32.938356,KXBTCD-25MAY2123-T110499.99,DELTA,13,4250,27,4250,619,yes,12,250
2025-05-21T19:05:32.939312,KXBTCD-25MAY2123-T110499.99,DELTA,13,4250,27,4250,620,yes,2,-250
2025-05-21T19:05:32.958146,KXBTCD-25MAY2123-T110499.99,DELTA,13,2250,27,4250,621,yes,13,-2000
2025-05-21T19:05:32.958695,KXBTCD-25MAY2123-T110499.99,DELTA,13,1250,27,4250,622,yes,13,-1000
2025-05-21T19:05:32.977615,KXBTCD-25MAY2123-T110499.99,DELTA,12,274,27,4250,623,yes,13,-1250
2025-05-21T19:05:33.019085,KXBTCD-25MAY2123-T110499.99,DELTA,13,1000,27,4250,624,yes,13,1000
2025-05-21T19:05:33.020076,KXBTCD-25MAY2123-T110499.99,DELTA,13,3000,27,4250,625,yes,13,2000
2025-05-21T19:05:33.037987,KXBTCD-25MAY2123-T110499.99,DELTA,13,3000,27,4250,626,yes,2,250
2025-05-21T19:05:33.038410,KXBTCD-25MAY2123-T110499.99,DELTA,13,4250,27,4250,627,yes,13,1250
2025-05-21T19:05:33.057451,KXBTCD-25MAY2123-T110499.99,DELTA,13,4250,27,4250,628,yes,12,-250
2025-05-21T19:05:33.081483,KXBTCD-25MAY2123-T110499.99,DELTA,13,4250,27,4250,629,yes,2,-250
2025-05-21T19:05:33.118204,KXBTCD-25MAY2123-T110499.99,DELTA,13,2250,27,4250,630,yes,13,-2000
2025-05-21T19:05:33.137751,KXBTCD-25MAY2123-T110499.99,DELTA,13,1250,27,4250,631,yes,13,-1000
2025-05-21T19:05:33.137885,KXBTCD-25MAY2123-T110499.99,DELTA,12,24,27,4250,632,yes,13,-1250
2025-05-21T19:05:33.177753,KXBTCD-25MAY2123-T110499.99,DELTA,12,24,27,4250,633,yes,11,1000
2025-05-21T19:05:33.197948,KXBTCD-25MAY2123-T110499.99,DELTA,12,24,27,4250,634,yes,11,1250
2025-05-21T19:05:33.198344,KXBTCD-25MAY2123-T110499.99,DELTA,12,24,27,4250,635,yes,11,2000
2025-05-21T19:05:33.198615,KXBTCD-25MAY2123-T110499.99,DELTA,12,24,27,4250,636,yes,2,250
2025-05-21T19:05:33.298438,KXBTCD-25MAY2123-T110499.99,DELTA,12,24,26,250,637,no,74,250
2025-05-21T19:05:33.299414,KXBTCD-25MAY2123-T110499.99,DELTA,12,274,26,250,638,yes,12,250
2025-05-21T19:05:33.300080,KXBTCD-25MAY2123-T110499.99,DELTA,12,274,26,250,639,no,64,-250
2025-05-21T19:05:33.319276,KXBTCD-25MAY2123-T110499.99,DELTA,12,274,26,250,640,yes,2,-250
2025-05-21T19:05:33.358978,KXBTCD-25MAY2123-T110499.99,DELTA,12,274,26,250,641,yes,11,-2000
2025-05-21T19:05:33.387569,KXBTCD-25MAY2123-T110499.99,DELTA,12,274,26,250,642,yes,11,-1000
2025-05-21T19:05:33.388365,KXBTCD-25MAY2123-T110499.99,DELTA,12,274,26,250,643,yes,11,-1250
2025-05-21T19:05:33.402314,KXBTCD-25MAY2123-T110499.99,DELTA,12,274,26,250,644,no,73,-2000
2025-05-21T19:05:33.403103,KXBTCD-25MAY2123-T110499.99,DELTA,12,274,26,250,645,no,73,-1000
2025-05-21T19:05:33.419879,KXBTCD-25MAY2123-T110499.99,DELTA,12,274,26,250,646,no,73,-1250
2025-05-21T19:05:33.478454,KXBTCD-25MAY2123-T110499.99,DELTA,12,274,26,250,647,yes,10,24
2025-05-21T19:05:33.479778,KXBTCD-25MAY2123-T110499.99,DELTA,12,274,26,250,648,no,73,24
2025-05-21T19:05:33.499693,KXBTCD-25MAY2123-T110499.99,DELTA,13,2000,26,250,649,yes,13,2000
2025-05-21T19:05:33.500338,KXBTCD-25MAY2123-T110499.99,DELTA,13,2000,26,250,650,yes,12,-24
2025-05-21T19:05:33.500837,KXBTCD-25MAY2123-T110499.99,DELTA,13,2000,25,1000,651,no,75,1000
2025-05-21T19:05:33.501768,KXBTCD-25MAY2123-T110499.99,DELTA,13,3000,25,1000,652,yes,13,1000
2025-05-21T19:05:33.502299,KXBTCD-25MAY2123-T110499.99,DELTA,13,4250,25,1000,653,yes,13,1250
2025-05-21T19:05:33.502890,KXBTCD-25MAY2123-T110499.99,DELTA,13,4250,25,1000,654,no,74,1250
2025-05-21T19:05:33.503482,KXBTCD-25MAY2123-T110499.99,DELTA,13,4250,25,1000,655,no,74,2000
2025-05-21T19:05:33.504060,KXBTCD-25MAY2123-T110499.99,DELTA,13,4250,25,1000,656,no,71,-24
2025-05-21T19:05:34.098327,KXBTCD-25MAY2123-T110499.99,DELTA,15,100,25,1000,657,yes,15,100
2025-05-21T19:05:34.161853,KXBTCD-25MAY2123-T110499.99,DELTA,15,100,23,100,658,no,77,100
2025-05-21T19:05:34.177869,KXBTCD-25MAY2123-T110499.99,DELTA,15,100,23,100,659,yes,13,-1000
2025-05-21T19:05:34.217385,KXBTCD-25MAY2123-T110499.99,DELTA,16,1000,23,100,660,yes,16,1000
2025-05-21T19:05:34.217550,KXBTCD-25MAY2123-T110499.99,DELTA,16,1000,23,100,661,no,75,-1000
2025-05-21T19:05:34.258973,KXBTCD-25MAY2123-T110499.99,DELTA,16,1000,23,1100,662,no,77,1000
2025-05-21T19:05:41.220771,KXBTCD-25MAY2123-T110499.99,DELTA,16,1000,23,1100,663,no,74,-2000
2025-05-21T19:05:41.222021,KXBTCD-25MAY2123-T110499.99,DELTA,16,1000,23,100,664,no,77,-1000
2025-05-21T19:05:41.238342,KXBTCD-25MAY2123-T110499.99,DELTA,16,1000,23,100,665,no,74,-1250
2025-05-21T19:05:41.279236,KXBTCD-25MAY2123-T110499.99,DELTA,16,1000,23,100,666,no,75,2000
2025-05-21T19:05:41.280160,KXBTCD-25MAY2123-T110499.99,DELTA,16,1000,22,1000,667,no,78,1000
2025-05-21T19:05:41.642459,KXBTCD-25MAY2123-T110499.99,DELTA,16,1000,22,1000,668,no,75,1250
2025-05-21T19:05:42.563521,KXBTCD-25MAY2123-T110499.99,DELTA,16,1000,22,1000,669,no,75,-2000
2025-05-21T19:05:42.564476,KXBTCD-25MAY2123-T110499.99,DELTA,16,1000,23,100,670,no,78,-1000
2025-05-21T19:05:42.565498,KXBTCD-25MAY2123-T110499.99,DELTA,16,1000,23,100,671,no,75,-1250
2025-05-21T19:05:42.662806,KXBTCD-25MAY2123-T110499.99,DELTA,16,1000,23,100,672,no,74,1250
2025-05-21T19:05:42.663536,KXBTCD-25MAY2123-T110499.99,DELTA,16,1000,23,1100,673,no,77,1000
2025-05-21T19:05:42.664069,KXBTCD-25MAY2123-T110499.99,DELTA,16,1000,23,1100,674,no,74,2000
2025-05-21T19:05:45.144159,KXBTCD-25MAY2123-T110499.99,DELTA,16,1000,23,1100,675,no,74,-1250
2025-05-21T19:05:45.157339,KXBTCD-25MAY2123-T110499.99,DELTA,16,1000,23,1100,676,no,74,-2000
2025-05-21T19:05:45.178136,KXBTCD-25MAY2123-T110499.99,DELTA,16,1000,23,100,677,no,77,-1000
2025-05-21T19:05:45.196193,KXBTCD-25MAY2123-T110499.99,DELTA,16,1000,23,100,678,no,73,1250
2025-05-21T19:05:45.236317,KXBTCD-25MAY2123-T110499.99,DELTA,16,1000,23,100,679,no,73,2000
2025-05-21T19:05:45.418046,KXBTCD-25MAY2123-T110499.99,DELTA,16,1000,23,100,680,no,75,1000
2025-05-21T19:05:46.879937,KXBTCD-25MAY2123-T110499.99,DELTA,16,1000,23,100,681,yes,15,-100
2025-05-21T19:05:47.000044,KXBTCD-25MAY2123-T110499.99,DELTA,13,3250,23,100,682,yes,16,-1000
2025-05-21T19:05:47.298216,KXBTCD-25MAY2123-T110499.99,DELTA,13,4250,23,100,683,yes,13,1000
2025-05-21T19:05:48.699084,KXBTCD-25MAY2123-T110499.99,DELTA,13,4250,23,100,684,no,73,-2000
2025-05-21T19:05:48.699581,KXBTCD-25MAY2123-T110499.99,DELTA,13,4250,23,100,685,no,75,-1000
2025-05-21T19:05:48.799989,KXBTCD-25MAY2123-T110499.99,DELTA,13,4250,23,100,686,no,73,-1250
2025-05-21T19:05:48.979803,KXBTCD-25MAY2123-T110499.99,DELTA,13,4250,23,100,687,no,74,1250
2025-05-21T19:05:48.980604,KXBTCD-25MAY2123-T110499.99,DELTA,13,4250,23,1100,688,no,77,1000
2025-05-21T19:05:48.981157,KXBTCD-25MAY2123-T110499.99,DELTA,13,4250,23,1100,689,no,74,2000
2025-05-21T19:05:48.981453,KXBTCD-25MAY2123-T110499.99,DELTA,16,100,23,1100,690,yes,16,100
2025-05-21T19:05:49.218595,KXBTCD-25MAY2123-T110499.99,DELTA,16,100,23,1100,691,yes,13,-1000
2025-05-21T19:05:49.377982,KXBTCD-25MAY2123-T110499.99,DELTA,17,1000,23,1100,692,yes,17,1000
2025-05-21T19:05:50.537686,KXBTCD-25MAY2123-T110499.99,DELTA,17,1000,23,1100,693,yes,16,-100
2025-05-21T19:05:50.557559,KXBTCD-25MAY2123-T110499.99,DELTA,17,1000,23,1000,694,no,77,-100
2025-05-21T19:05:50.599744,KXBTCD-25MAY2123-T110499.99,DELTA,13,3250,23,1000,695,yes,17,-1000
2025-05-21T19:05:50.618038,KXBTCD-25MAY2123-T110499.99,DELTA,13,3250,26,3500,696,no,77,-1000
2025-05-21T19:05:50.638102,KXBTCD-25MAY2123-T110499.99,DELTA,13,4250,26,3500,697,yes,13,1000
2025-05-21T19:05:50.684709,KXBTCD-25MAY2123-T110499.99,DELTA,13,4250,25,1000,698,no,75,1000
2025-05-21T19:05:51.519153,KXBTCD-25MAY2123-T110499.99,DELTA,14,100,25,1000,699,yes,14,100
2025-05-21T19:05:51.520051,KXBTCD-25MAY2123-T110499.99,DELTA,14,100,22,100,700,no,78,100
2025-05-21T19:05:51.536691,KXBTCD-25MAY2123-T110499.99,DELTA,14,100,22,100,701,yes,9,24
2025-05-21T19:05:51.562117,KXBTCD-25MAY2123-T110499.99,DELTA,14,100,22,100,702,no,74,24
2025-05-21T19:05:51.562841,KXBTCD-25MAY2123-T110499.99,DELTA,14,100,22,100,703,yes,10,-24
2025-05-21T19:05:51.576737,KXBTCD-25MAY2123-T110499.99,DELTA,14,100,22,100,704,no,73,-24
2025-05-21T19:05:51.615504,KXBTCD-25MAY2123-T110499.99,DELTA,14,100,22,100,705,yes,13,-1000
2025-05-21T19:05:51.637368,KXBTCD-25MAY2123-T110499.99,DELTA,15,1000,22,100,706,yes,15,1000
2025-05-21T19:05:54.938246,KXBTCD-25MAY2123-T110499.99,DELTA,15,1000,22,100,707,no,74,-1250
2025-05-21T19:05:54.976613,KXBTCD-25MAY2123-T110499.99,DELTA,15,1000,22,100,708,no,73,1250
2025-05-21T19:05:55.402280,KXBTCD-25MAY2123-T110499.99,DELTA,15,1000,22,100,709,no,74,-2000
2025-05-21T19:05:55.437669,KXBTCD-25MAY2123-T110499.99,DELTA,15,1000,22,100,710,no,73,2000
2025-05-21T19:05:57.892102,KXBTCD-25MAY2123-T110499.99,DELTA,15,1000,22,100,711,no,73,-2000
2025-05-21T19:05:57.920962,KXBTCD-25MAY2123-T110499.99,DELTA,15,1000,22,100,712,no,73,-1250
2025-05-21T19:05:57.939262,KXBTCD-25MAY2123-T110499.99,DELTA,15,1000,22,100,713,no,74,2000
2025-05-21T19:05:57.959070,KXBTCD-25MAY2123-T110499.99,DELTA,15,1000,22,100,714,no,74,1250
2025-05-21T19:05:58.958067,KXBTCD-25MAY2123-T110499.99,DELTA,15,1000,22,100,715,no,74,-1250
2025-05-21T19:05:58.998181,KXBTCD-25MAY2123-T110499.99,DELTA,15,1000,22,100,716,no,74,1250
2025-05-21T19:05:59.317202,KXBTCD-25MAY2123-T110499.99,DELTA,15,1000,22,100,717,no,74,-1250
2025-05-21T19:05:59.378041,KXBTCD-25MAY2123-T110499.99,DELTA,15,1000,22,100,718,no,73,1250
2025-05-21T19:05:59.557428,KXBTCD-25MAY2123-T110499.99,DELTA,15,1000,22,100,719,no,73,-1250
2025-05-21T19:05:59.600043,KXBTCD-25MAY2123-T110499.99,DELTA,15,1000,22,100,720,no,73,1250
2025-05-21T19:05:59.601034,KXBTCD-25MAY2123-T110499.99,DELTA,15,1000,22,100,721,no,74,-2000
2025-05-21T19:05:59.676510,KXBTCD-25MAY2123-T110499.99,DELTA,15,1000,22,100,722,no,73,2000
2025-05-21T19:06:00.637759,KXBTCD-25MAY2123-T110499.99,DELTA,15,1000,22,100,723,yes,14,-100
2025-05-21T19:06:00.698487,KXBTCD-25MAY2123-T110499.99,DELTA,13,3250,22,100,724,yes,15,-1000
2025-05-21T19:06:00.758019,KXBTCD-25MAY2123-T110499.99,DELTA,14,250,22,100,725,yes,14,250
2025-05-21T19:06:00.758802,KXBTCD-25MAY2123-T110499.99,DELTA,14,250,22,100,726,yes,4,-250
2025-05-21T19:06:00.777556,KXBTCD-25MAY2123-T110499.99,DELTA,14,250,22,100,727,no,76,250
2025-05-21T19:06:00.778337,KXBTCD-25MAY2123-T110499.99,DELTA,14,250,22,100,728,no,66,-250
2025-05-21T19:06:00.859497,KXBTCD-25MAY2123-T110499.99,DELTA,14,250,22,100,729,no,75,-1000
2025-05-21T19:06:00.897245,KXBTCD-25MAY2123-T110499.99,DELTA,14,250,22,100,730,no,76,1000
2025-05-21T19:06:00.957457,KXBTCD-25MAY2123-T110499.99,DELTA,14,250,22,100,731,yes,13,1000
2025-05-21T19:06:01.058364,KXBTCD-25MAY2123-T110499.99,DELTA,14,250,22,100,732,yes,13,-2000
2025-05-21T19:06:01.059313,KXBTCD-25MAY2123-T110499.99,DELTA,14,250,22,100,733,yes,13,-1000
2025-05-21T19:06:01.078992,KXBTCD-25MAY2123-T110499.99,DELTA,14,250,22,100,734,yes,13,-1250
2025-05-21T19:06:01.117475,KXBTCD-25MAY2123-T110499.99,DELTA,15,1000,22,100,735,yes,15,1000
2025-05-21T19:06:01.118335,KXBTCD-25MAY2123-T110499.99,DELTA,15,3000,22,100,736,yes,15,2000
2025-05-21T19:06:01.118958,KXBTCD-25MAY2123-T110499.99,DELTA,15,4250,22,100,737,yes,15,1250
2025-05-21T19:06:01.197578,KXBTCD-25MAY2123-T110499.99,DELTA,16,250,22,100,738,yes,16,250
2025-05-21T19:06:01.198372,KXBTCD-25MAY2123-T110499.99,DELTA,16,250,22,100,739,yes,6,-250
2025-05-21T19:06:01.257261,KXBTCD-25MAY2123-T110499.99,DELTA,16,250,22,100,740,yes,15,-2000
2025-05-21T19:06:01.257830,KXBTCD-25MAY2123-T110499.99,DELTA,16,250,22,100,741,yes,15,-1000
2025-05-21T19:06:01.278839,KXBTCD-25MAY2123-T110499.99,DELTA,16,250,22,100,742,yes,15,-1250
2025-05-21T19:06:01.318096,KXBTCD-25MAY2123-T110499.99,DELTA,17,1000,22,100,743,yes,17,1000
2025-05-21T19:06:01.318485,KXBTCD-25MAY2123-T110499.99,DELTA,17,1000,22,100,744,yes,16,2000
2025-05-21T19:06:01.318918,KXBTCD-25MAY2123-T110499.99,DELTA,17,1000,22,100,745,yes,16,1250
2025-05-21T19:06:02.037711,KXBTCD-25MAY2123-T110499.99,DELTA,17,1000,22,100,746,yes,15,100
2025-05-21T19:06:03.978055,KXBTCD-25MAY2123-T110499.99,DELTA,17,1000,22,100,747,yes,15,-100
2025-05-21T19:06:03.997524,KXBTCD-25MAY2123-T110499.99,DELTA,17,1000,24,1250,748,no,78,-100
2025-05-21T19:06:04.038200,KXBTCD-25MAY2123-T110499.99,DELTA,17,1000,24,1250,749,yes,16,-2000
2025-05-21T19:06:04.059059,KXBTCD-25MAY2123-T110499.99,DELTA,17,1000,24,1250,750,yes,16,-1250
2025-05-21T19:06:04.059750,KXBTCD-25MAY2123-T110499.99,DELTA,17,1000,24,1250,751,no,73,-2000
2025-05-21T19:06:04.078414,KXBTCD-25MAY2123-T110499.99,DELTA,17,1000,24,250,752,no,76,-1000
2025-05-21T19:06:04.079053,KXBTCD-25MAY2123-T110499.99,DELTA,17,1000,24,250,753,yes,6,250
2025-05-21T19:06:04.079514,KXBTCD-25MAY2123-T110499.99,DELTA,17,1000,24,250,754,no,73,-1250
2025-05-21T19:06:04.098150,KXBTCD-25MAY2123-T110499.99,DELTA,17,1000,24,250,755,yes,16,-250
2025-05-21T19:06:04.138743,KXBTCD-25MAY2123-T110499.99,DELTA,17,1000,24,250,756,no,74,1250
2025-05-21T19:06:04.160445,KXBTCD-25MAY2123-T110499.99,DELTA,17,1000,24,250,757,yes,15,2000
2025-05-21T19:06:04.161200,KXBTCD-25MAY2123-T110499.99,DELTA,17,1000,23,1000,758,no,77,1000
2025-05-21T19:06:04.161682,KXBTCD-25MAY2123-T110499.99,DELTA,17,1000,23,1000,759,no,74,2000
2025-05-21T19:06:04.178865,KXBTCD-25MAY2123-T110499.99,DELTA,15,2000,23,1000,760,yes,17,-1000
2025-05-21T19:06:04.197514,KXBTCD-25MAY2123-T110499.99,DELTA,15,3250,23,1000,761,yes,15,1250
2025-05-21T19:06:04.217817,KXBTCD-25MAY2123-T110499.99,DELTA,15,4250,23,1000,762,yes,15,1000
2025-05-21T19:06:04.277667,KXBTCD-25MAY2123-T110499.99,DELTA,15,4250,22,250,763,no,78,250
2025-05-21T19:06:04.277841,KXBTCD-25MAY2123-T110499.99,DELTA,15,4250,22,250,764,no,68,-250
2025-05-21T19:06:05.138424,KXBTCD-25MAY2123-T110499.99,DELTA,15,4250,22,250,765,yes,13,100
2025-05-21T19:06:05.158323,KXBTCD-25MAY2123-T110499.99,DELTA,15,4250,21,100,766,no,79,100
2025-05-21T19:06:08.498740,KXBTCD-25MAY2123-T110499.99,DELTA,15,2250,21,100,767,yes,15,-2000
2025-05-21T19:06:08.518552,KXBTCD-25MAY2123-T110499.99,DELTA,15,2250,21,100,768,no,74,-2000
2025-05-21T19:06:08.519260,KXBTCD-25MAY2123-T110499.99,DELTA,15,2250,21,100,769,no,77,-1000
2025-05-21T19:06:08.537929,KXBTCD-25MAY2123-T110499.99,DELTA,15,2250,21,100,770,no,74,-1250
2025-05-21T19:06:08.579019,KXBTCD-25MAY2123-T110499.99,DELTA,15,2250,21,100,771,no,78,-250
2025-05-21T19:06:08.597053,KXBTCD-25MAY2123-T110499.99,DELTA,15,2250,21,100,772,no,78,1000
2025-05-21T19:06:08.597659,KXBTCD-25MAY2123-T110499.99,DELTA,15,2250,21,100,773,yes,14,2000
2025-05-21T19:06:08.598501,KXBTCD-25MAY2123-T110499.99,DELTA,15,1000,21,100,774,yes,15,-1250
2025-05-21T19:06:08.598926,KXBTCD-25MAY2123-T110499.99,DELTA,15,1000,21,100,775,no,75,2000
2025-05-21T19:06:08.617949,KXBTCD-25MAY2123-T110499.99,DELTA,15,1000,21,100,776,no,68,250
2025-05-21T19:06:08.619184,KXBTCD-25MAY2123-T110499.99,DELTA,15,1000,21,100,777,yes,7,24
2025-05-21T19:06:08.619680,KXBTCD-25MAY2123-T110499.99,DELTA,15,1000,21,100,778,no,75,1250
2025-05-21T19:06:08.620058,KXBTCD-25MAY2123-T110499.99,DELTA,15,1000,21,100,779,yes,9,-24
2025-05-21T19:06:08.620476,KXBTCD-25MAY2123-T110499.99,DELTA,15,1000,21,100,780,no,74,-24
2025-05-21T19:06:08.620868,KXBTCD-25MAY2123-T110499.99,DELTA,15,1000,21,100,781,no,76,24
2025-05-21T19:06:08.697562,KXBTCD-25MAY2123-T110499.99,DELTA,15,1000,21,100,782,yes,14,1250
2025-05-21T19:06:08.717265,KXBTCD-25MAY2123-T110499.99,DELTA,15,1000,21,100,783,no,75,-2000
2025-05-21T19:06:08.717450,KXBTCD-25MAY2123-T110499.99,DELTA,15,1000,21,100,784,no,78,-1000
2025-05-21T19:06:08.737262,KXBTCD-25MAY2123-T110499.99,DELTA,15,1000,21,100,785,no,75,-1250
2025-05-21T19:06:08.776838,KXBTCD-25MAY2123-T110499.99,DELTA,15,1000,21,100,786,yes,14,-2000
2025-05-21T19:06:08.776957,KXBTCD-25MAY2123-T110499.99,DELTA,15,1000,21,100,787,no,76,1250
2025-05-21T19:06:08.777048,KXBTCD-25MAY2123-T110499.99,DELTA,15,1000,21,1100,788,no,79,1000
2025-05-21T19:06:08.796750,KXBTCD-25MAY2123-T110499.99,DELTA,15,1000,21,1100,789,no,76,2000
2025-05-21T19:06:08.836556,KXBTCD-25MAY2123-T110499.99,DELTA,15,1000,21,1100,790,yes,13,2000
2025-05-21T19:06:08.904317,KXBTCD-25MAY2123-T110499.99,DELTA,15,1000,21,1100,791,no,68,-250
2025-05-21T19:06:08.904894,KXBTCD-25MAY2123-T110499.99,DELTA,15,1000,21,1100,792,no,78,250
2025-05-21T19:06:08.905711,KXBTCD-25MAY2123-T110499.99,DELTA,15,1000,21,1100,793,yes,14,-1250
2025-05-21T19:06:08.919144,KXBTCD-25MAY2123-T110499.99,DELTA,15,1000,21,1100,794,yes,14,-250
2025-05-21T19:06:08.919851,KXBTCD-25MAY2123-T110499.99,DELTA,15,1000,21,1100,795,yes,4,250
2025-05-21T19:06:08.957277,KXBTCD-25MAY2123-T110499.99,DELTA,15,1000,21,1100,796,yes,13,1250
2025-05-21T19:06:08.998278,KXBTCD-25MAY2123-T110499.99,DELTA,15,1000,21,1000,797,no,79,-100
2025-05-21T19:06:09.041264,KXBTCD-25MAY2123-T110499.99,DELTA,13,3350,21,1000,798,yes,15,-1000
2025-05-21T19:06:09.078392,KXBTCD-25MAY2123-T110499.99,DELTA,14,1000,21,1000,799,yes,14,1000
2025-05-21T19:06:09.288640,KXBTCD-25MAY2123-T110499.99,DELTA,14,1000,20,250,800,no,80,250
2025-05-21T19:06:09.318000,KXBTCD-25MAY2123-T110499.99,DELTA,14,1000,20,250,801,no,70,-250
2025-05-21T19:06:09.396969,KXBTCD-25MAY2123-T110499.99,DELTA,14,1000,20,250,802,yes,12,-250
2025-05-21T19:06:09.418735,KXBTCD-25MAY2123-T110499.99,DELTA,14,1000,20,250,803,yes,2,250
2025-05-21T19:06:09.469425,KXBTCD-25MAY2123-T110499.99,DELTA,14,1000,20,250,804,yes,13,-2000
2025-05-21T19:06:09.470172,KXBTCD-25MAY2123-T110499.99,DELTA,14,1000,20,250,805,yes,13,-1250
2025-05-21T19:06:09.522876,KXBTCD-25MAY2123-T110499.99,DELTA,14,1000,20,250,806,yes,11,2000
2025-05-21T19:06:09.544004,KXBTCD-25MAY2123-T110499.99,DELTA,14,1000,20,250,807,yes,11,1250
2025-05-21T19:06:09.676586,KXBTCD-25MAY2123-T110499.99,DELTA,14,1000,20,250,808,yes,13,-100
2025-05-21T19:06:09.743986,KXBTCD-25MAY2123-T110499.99,DELTA,11,3250,20,250,809,yes,14,-1000
2025-05-21T19:06:09.779613,KXBTCD-25MAY2123-T110499.99,DELTA,11,4250,20,250,810,yes,11,1000
2025-05-21T19:06:10.177969,KXBTCD-25MAY2123-T110499.99,DELTA,11,4250,19,100,811,no,81,100
2025-05-21T19:06:10.278190,KXBTCD-25MAY2123-T110499.99,DELTA,12,250,19,100,812,yes,12,250
2025-05-21T19:06:10.278980,KXBTCD-25MAY2123-T110499.99,DELTA,12,250,19,100,813,yes,2,-250
2025-05-21T19:06:10.397677,KXBTCD-25MAY2123-T110499.99,DELTA,12,250,19,100,814,yes,11,-2000
2025-05-21T19:06:10.398578,KXBTCD-25MAY2123-T110499.99,DELTA,12,250,19,100,815,yes,11,-1000
2025-05-21T19:06:10.417814,KXBTCD-25MAY2123-T110499.99,DELTA,12,250,19,100,816,yes,11,-1250
2025-05-21T19:06:10.457746,KXBTCD-25MAY2123-T110499.99,DELTA,13,2000,19,100,817,yes,13,2000
2025-05-21T19:06:10.458786,KXBTCD-25MAY2123-T110499.99,DELTA,13,3250,19,100,818,yes,13,1250
2025-05-21T19:06:10.459948,KXBTCD-25MAY2123-T110499.99,DELTA,13,4250,19,100,819,yes,13,1000
2025-05-21T19:06:10.517305,KXBTCD-25MAY2123-T110499.99,DELTA,13,4250,19,100,820,yes,10,-250
2025-05-21T19:06:10.518623,KXBTCD-25MAY2123-T110499.99,DELTA,13,4250,19,100,821,yes,2,250
2025-05-21T19:06:10.537728,KXBTCD-25MAY2123-T110499.99,DELTA,13,4250,19,100,822,yes,12,-250
2025-05-21T19:06:10.670516,KXBTCD-25MAY2123-T110499.99,DELTA,13,2250,19,100,823,yes,13,-2000
2025-05-21T19:06:10.670677,KXBTCD-25MAY2123-T110499.99,DELTA,13,1250,19,100,824,yes,13,-1000
2025-05-21T19:06:10.670789,KXBTCD-25MAY2123-T110499.99,DELTA,8,250,19,100,825,yes,13,-1250
2025-05-21T19:06:10.697038,KXBTCD-25MAY2123-T110499.99,DELTA,9,1250,19,100,826,yes,9,1250
2025-05-21T19:06:10.697405,KXBTCD-25MAY2123-T110499.99,DELTA,9,2250,19,100,827,yes,9,1000
2025-05-21T19:06:10.697476,KXBTCD-25MAY2123-T110499.99,DELTA,9,4250,19,100,828,yes,9,2000
2025-05-21T19:06:10.758288,KXBTCD-25MAY2123-T110499.99,DELTA,10,250,19,100,829,yes,10,250
2025-05-21T19:06:10.758466,KXBTCD-25MAY2123-T110499.99,DELTA,12,100,19,100,830,yes,12,100
2025-05-21T19:06:10.817610,KXBTCD-25MAY2123-T110499.99,DELTA,12,100,19,100,831,yes,9,-2000
2025-05-21T19:06:10.838928,KXBTCD-25MAY2123-T110499.99,DELTA,12,100,19,100,832,yes,9,-1000
2025-05-21T19:06:10.839020,KXBTCD-25MAY2123-T110499.99,DELTA,12,100,19,100,833,yes,9,-1250
2025-05-21T19:06:10.897804,KXBTCD-25MAY2123-T110499.99,DELTA,12,100,19,100,834,yes,11,2000
2025-05-21T19:06:10.897989,KXBTCD-25MAY2123-T110499.99,DELTA,13,1000,19,100,835,yes,13,1000
2025-05-21T19:06:11.017535,KXBTCD-25MAY2123-T110499.99,DELTA,13,1000,19,100,836,yes,11,1250
2025-05-21T19:06:11.297492,KXBTCD-25MAY2123-T110499.99,DELTA,13,1000,19,100,837,yes,2,-250
2025-05-21T19:06:11.298707,KXBTCD-25MAY2123-T110499.99,DELTA,13,1000,19,100,838,yes,12,250
2025-05-21T19:06:11.358237,KXBTCD-25MAY2123-T110499.99,DELTA,13,1000,19,100,839,yes,11,-2000
2025-05-21T19:06:11.359308,KXBTCD-25MAY2123-T110499.99,DELTA,13,1000,19,100,840,yes,11,-1250
2025-05-21T19:06:11.399098,KXBTCD-25MAY2123-T110499.99,DELTA,13,2250,19,100,841,yes,13,1250
2025-05-21T19:06:11.400735,KXBTCD-25MAY2123-T110499.99,DELTA,13,4250,19,100,842,yes,13,2000
2025-05-21T19:06:12.357368,KXBTCD-25MAY2123-T110499.99,DELTA,13,4250,19,100,843,yes,12,-250
2025-05-21T19:06:12.379111,KXBTCD-25MAY2123-T110499.99,DELTA,13,4250,19,100,844,yes,2,250
2025-05-21T19:06:12.478179,KXBTCD-25MAY2123-T110499.99,DELTA,13,2250,19,100,845,yes,13,-2000
2025-05-21T19:06:12.497982,KXBTCD-25MAY2123-T110499.99,DELTA,13,1000,19,100,846,yes,13,-1250
2025-05-21T19:06:12.542067,KXBTCD-25MAY2123-T110499.99,DELTA,13,1000,19,100,847,yes,11,2000
2025-05-21T19:06:12.543230,KXBTCD-25MAY2123-T110499.99,DELTA,13,1000,19,100,848,yes,11,1250
2025-05-21T19:06:15.919858,KXBTCD-25MAY2123-T110499.99,DELTA,13,1000,19,100,849,no,76,-1250
2025-05-21T19:06:15.958192,KXBTCD-25MAY2123-T110499.99,DELTA,13,1000,19,100,850,no,76,-2000
2025-05-21T19:06:15.959003,KXBTCD-25MAY2123-T110499.99,DELTA,13,1000,19,100,851,no,77,1250
2025-05-21T19:06:15.959558,KXBTCD-25MAY2123-T110499.99,DELTA,13,1000,19,100,852,no,79,-1000
2025-05-21T19:06:16.039695,KXBTCD-25MAY2123-T110499.99,DELTA,13,1000,19,100,853,no,80,1000
2025-05-21T19:06:16.040599,KXBTCD-25MAY2123-T110499.99,DELTA,13,1000,19,100,854,no,77,2000
2025-05-21T19:06:16.158451,KXBTCD-25MAY2123-T110499.99,DELTA,13,1000,19,100,855,no,72,-250
2025-05-21T19:06:16.159328,KXBTCD-25MAY2123-T110499.99,DELTA,13,1000,18,250,856,no,82,250
2025-05-21T19:06:16.159882,KXBTCD-25MAY2123-T110499.99,DELTA,13,1000,18,250,857,yes,6,24
2025-05-21T19:06:16.160397,KXBTCD-25MAY2123-T110499.99,DELTA,13,1000,18,250,858,yes,7,-24
2025-05-21T19:06:16.178840,KXBTCD-25MAY2123-T110499.99,DELTA,13,1000,18,250,859,no,76,-24
2025-05-21T19:06:16.179520,KXBTCD-25MAY2123-T110499.99,DELTA,13,1000,18,250,860,no,77,24
2025-05-21T19:06:17.478935,KXBTCD-25MAY2123-T110499.99,DELTA,13,1000,18,250,861,no,77,-1250
2025-05-21T19:06:17.517546,KXBTCD-25MAY2123-T110499.99,DELTA,13,1000,18,250,862,no,78,1250
2025-05-21T19:06:18.057724,KXBTCD-25MAY2123-T110499.99,DELTA,13,1000,18,250,863,no,37,-875
2025-05-21T19:06:18.342399,KXBTCD-25MAY2123-T110499.99,DELTA,13,1000,18,250,864,no,78,-1250
2025-05-21T19:06:18.377990,KXBTCD-25MAY2123-T110499.99,DELTA,13,1000,18,250,865,no,77,1250
2025-05-21T19:06:19.837583,KXBTCD-25MAY2123-T110499.99,DELTA,13,1000,18,250,866,no,37,875
2025-05-21T19:06:20.887641,KXBTCD-25MAY2123-T110499.99,DELTA,13,1000,18,250,867,no,77,-1250
2025-05-21T19:06:20.898170,KXBTCD-25MAY2123-T110499.99,DELTA,13,1000,18,250,868,no,78,1250
2025-05-21T19:06:21.308561,KXBTCD-25MAY2123-T110499.99,DELTA,13,1000,18,250,869,no,77,-2000
2025-05-21T19:06:21.318608,KXBTCD-25MAY2123-T110499.99,DELTA,13,1000,18,250,870,no,80,-1000
2025-05-21T19:06:21.378515,KXBTCD-25MAY2123-T110499.99,DELTA,13,1000,18,250,871,no,81,1000
2025-05-21T19:06:21.379207,KXBTCD-25MAY2123-T110499.99,DELTA,13,1000,18,250,872,no,78,2000
2025-05-21T19:06:21.880699,KXBTCD-25MAY2123-T110499.99,DELTA,13,1000,18,250,873,no,78,-2000
2025-05-21T19:06:21.881866,KXBTCD-25MAY2123-T110499.99,DELTA,13,1000,18,250,874,no,81,-1000
2025-05-21T19:06:21.938387,KXBTCD-25MAY2123-T110499.99,DELTA,13,1000,18,250,875,no,80,1000
2025-05-21T19:06:21.939125,KXBTCD-25MAY2123-T110499.99,DELTA,13,1000,18,250,876,no,77,2000
2025-05-21T19:06:24.338442,KXBTCD-25MAY2123-T110499.99,DELTA,13,1000,18,250,877,no,77,-2000
2025-05-21T19:06:24.357753,KXBTCD-25MAY2123-T110499.99,DELTA,13,1000,18,250,878,no,80,-1000
2025-05-21T19:06:24.398329,KXBTCD-25MAY2123-T110499.99,DELTA,13,1000,18,250,879,no,81,1000
2025-05-21T19:06:24.399082,KXBTCD-25MAY2123-T110499.99,DELTA,13,1000,18,250,880,no,78,2000
2025-05-21T19:06:27.441269,KXBTCD-25MAY2123-T110499.99,DELTA,13,1000,18,250,881,yes,4,24
2025-05-21T19:06:27.442008,KXBTCD-25MAY2123-T110499.99,DELTA,13,1000,18,250,882,yes,6,-24
2025-05-21T19:06:27.458878,KXBTCD-25MAY2123-T110499.99,DELTA,13,1000,18,250,883,no,77,-24
2025-05-21T19:06:27.459470,KXBTCD-25MAY2123-T110499.99,DELTA,13,1000,18,250,884,no,79,24
2025-05-21T19:06:27.838577,KXBTCD-25MAY2123-T110499.99,DELTA,13,1000,18,250,885,yes,12,-100
2025-05-21T19:06:27.839447,KXBTCD-25MAY2123-T110499.99,DELTA,13,1000,18,250,886,no,81,-100
2025-05-21T19:06:27.903076,KXBTCD-25MAY2123-T110499.99,DELTA,11,3250,18,250,887,yes,13,-1000
2025-05-21T19:06:27.999588,KXBTCD-25MAY2123-T110499.99,DELTA,11,4250,18,250,888,yes,11,1000
2025-05-21T19:06:28.203623,KXBTCD-25MAY2123-T110499.99,DELTA,11,4250,18,250,889,yes,10,-250
2025-05-21T19:06:28.257822,KXBTCD-25MAY2123-T110499.99,DELTA,11,2250,18,250,890,yes,11,-2000
2025-05-21T19:06:28.280043,KXBTCD-25MAY2123-T110499.99,DELTA,11,1250,18,250,891,yes,11,-1000
2025-05-21T19:06:28.280648,KXBTCD-25MAY2123-T110499.99,DELTA,8,250,18,250,892,yes,11,-1250
2025-05-21T19:06:28.320612,KXBTCD-25MAY2123-T110499.99,DELTA,9,1250,18,250,893,yes,9,1250
2025-05-21T19:06:28.338145,KXBTCD-25MAY2123-T110499.99,DELTA,9,1250,18,250,894,yes,8,-250
2025-05-21T19:06:28.377004,KXBTCD-25MAY2123-T110499.99,DELTA,9,1250,18,250,895,yes,8,250
2025-05-21T19:06:28.397468,KXBTCD-25MAY2123-T110499.99,DELTA,8,250,18,250,896,yes,9,-1250
2025-05-21T19:06:28.417396,KXBTCD-25MAY2123-T110499.99,DELTA,9,2000,18,250,897,yes,9,2000
2025-05-21T19:06:28.437817,KXBTCD-25MAY2123-T110499.99,DELTA,9,2000,18,250,898,yes,7,1250
2025-05-21T19:06:28.457651,KXBTCD-25MAY2123-T110499.99,DELTA,9,2000,18,250,899,yes,8,-250
2025-05-21T19:06:28.518211,KXBTCD-25MAY2123-T110499.99,DELTA,7,1250,18,250,900,yes,9,-2000
2025-05-21T19:06:28.558257,KXBTCD-25MAY2123-T110499.99,DELTA,7,3250,18,250,901,yes,7,2000
2025-05-21T19:06:28.797221,KXBTCD-25MAY2123-T110499.99,DELTA,10,100,18,250,902,yes,10,100
2025-05-21T19:06:28.797430,KXBTCD-25MAY2123-T110499.99,DELTA,10,100,18,350,903,no,82,100
2025-05-21T19:06:28.865656,KXBTCD-25MAY2123-T110499.99,DELTA,10,100,18,350,904,no,74,-250
2025-05-21T19:06:28.879197,KXBTCD-25MAY2123-T110499.99,DELTA,10,100,16,250,905,no,84,250
2025-05-21T19:06:28.942450,KXBTCD-25MAY2123-T110499.99,DELTA,10,100,16,250,906,yes,9,1000
2025-05-21T19:06:29.018954,KXBTCD-25MAY2123-T110499.99,DELTA,10,100,16,250,907,yes,9,-1000
2025-05-21T19:06:29.077729,KXBTCD-25MAY2123-T110499.99,DELTA,11,1000,16,250,908,yes,11,1000
2025-05-21T19:06:29.137870,KXBTCD-25MAY2123-T110499.99,DELTA,11,1000,16,250,909,yes,8,250
2025-05-21T19:06:29.138533,KXBTCD-25MAY2123-T110499.99,DELTA,11,1000,16,250,910,no,74,250
2025-05-21T19:06:29.138975,KXBTCD-25MAY2123-T110499.99,DELTA,11,1000,16,250,911,yes,10,250
2025-05-21T19:06:29.139384,KXBTCD-25MAY2123-T110499.99,DELTA,11,1000,18,350,912,no,84,-250
2025-05-21T19:06:29.258855,KXBTCD-25MAY2123-T110499.99,DELTA,11,1000,18,350,913,yes,7,-2000
2025-05-21T19:06:29.259090,KXBTCD-25MAY2123-T110499.99,DELTA,11,1000,18,350,914,yes,7,-1250
2025-05-21T19:06:29.319252,KXBTCD-25MAY2123-T110499.99,DELTA,11,3000,18,350,915,yes,11,2000
2025-05-21T19:06:29.319753,KXBTCD-25MAY2123-T110499.99,DELTA,11,4250,18,350,916,yes,11,1250
2025-05-21T19:06:29.379659,KXBTCD-25MAY2123-T110499.99,DELTA,11,4250,18,350,917,yes,10,-100
2025-05-21T19:06:30.136724,KXBTCD-25MAY2123-T110499.99,DELTA,11,4250,18,350,918,yes,10,100
2025-05-21T19:06:30.497901,KXBTCD-25MAY2123-T110499.99,DELTA,11,4250,18,350,919,yes,10,-100
2025-05-21T19:06:31.159194,KXBTCD-25MAY2123-T110499.99,DELTA,11,4250,18,350,920,yes,10,100
2025-05-21T19:06:31.419259,KXBTCD-25MAY2123-T110499.99,DELTA,11,4250,18,350,921,no,78,-2000
2025-05-21T19:06:31.420161,KXBTCD-25MAY2123-T110499.99,DELTA,11,4250,18,350,922,no,81,-1000
2025-05-21T19:06:31.461235,KXBTCD-25MAY2123-T110499.99,DELTA,11,4250,18,350,923,yes,10,-100
2025-05-21T19:06:31.477533,KXBTCD-25MAY2123-T110499.99,DELTA,11,4250,18,350,924,no,80,1000
2025-05-21T19:06:31.497985,KXBTCD-25MAY2123-T110499.99,DELTA,11,4250,18,350,925,no,77,2000
2025-05-21T19:06:31.697386,KXBTCD-25MAY2123-T110499.99,DELTA,11,4250,18,350,926,no,77,-2000
2025-05-21T19:06:31.698097,KXBTCD-25MAY2123-T110499.99,DELTA,11,4250,18,350,927,no,80,-1000
2025-05-21T19:06:31.738957,KXBTCD-25MAY2123-T110499.99,DELTA,11,4250,18,350,928,no,81,1000
2025-05-21T19:06:31.739850,KXBTCD-25MAY2123-T110499.99,DELTA,11,4250,18,350,929,no,78,2000
2025-05-21T19:06:32.018500,KXBTCD-25MAY2123-T110499.99,DELTA,11,4250,18,350,930,no,78,-2000
2025-05-21T19:06:32.019006,KXBTCD-25MAY2123-T110499.99,DELTA,11,4250,18,350,931,no,81,-1000
2025-05-21T19:06:32.078458,KXBTCD-25MAY2123-T110499.99,DELTA,11,4250,18,350,932,no,80,1000
2025-05-21T19:06:32.079156,KXBTCD-25MAY2123-T110499.99,DELTA,11,4250,18,350,933,no,77,2000
2025-05-21T19:06:32.238459,KXBTCD-25MAY2123-T110499.99,DELTA,11,4250,18,350,934,yes,10,100
2025-05-21T19:06:32.458779,KXBTCD-25MAY2123-T110499.99,DELTA,11,4250,18,350,935,yes,10,-100
2025-05-21T19:06:32.939169,KXBTCD-25MAY2123-T110499.99,DELTA,11,4250,18,350,936,no,77,-2000
2025-05-21T19:06:32.940082,KXBTCD-25MAY2123-T110499.99,DELTA,11,4250,18,350,937,no,80,-1000
2025-05-21T19:06:32.979153,KXBTCD-25MAY2123-T110499.99,DELTA,11,4250,18,350,938,no,78,2000
2025-05-21T19:06:32.998534,KXBTCD-25MAY2123-T110499.99,DELTA,11,4250,18,350,939,no,81,1000
2025-05-21T19:06:33.142194,KXBTCD-25MAY2123-T110499.99,DELTA,11,4250,18,350,940,no,78,-2000
2025-05-21T19:06:33.158019,KXBTCD-25MAY2123-T110499.99,DELTA,11,4250,18,350,941,no,81,-1000
2025-05-21T19:06:33.159275,KXBTCD-25MAY2123-T110499.99,DELTA,11,4250,18,350,942,no,78,-1250
2025-05-21T19:06:33.216971,KXBTCD-25MAY2123-T110499.99,DELTA,11,4250,18,350,943,no,77,2000
2025-05-21T19:06:33.217204,KXBTCD-25MAY2123-T110499.99,DELTA,11,4250,18,350,944,no,80,1000
2025-05-21T19:06:33.236929,KXBTCD-25MAY2123-T110499.99,DELTA,11,4250,18,350,945,no,77,1250
2025-05-21T19:06:33.877713,KXBTCD-25MAY2123-T110499.99,DELTA,11,4350,18,350,946,yes,11,100
2025-05-21T19:06:33.937339,KXBTCD-25MAY2123-T110499.99,DELTA,11,3350,18,350,947,yes,11,-1000
2025-05-21T19:06:33.978226,KXBTCD-25MAY2123-T110499.99,DELTA,12,1000,18,350,948,yes,12,1000
2025-05-21T19:06:34.497725,KXBTCD-25MAY2123-T110499.99,DELTA,12,1000,18,250,949,no,82,-100
2025-05-21T19:06:35.538703,KXBTCD-25MAY2123-T110499.99,DELTA,12,1000,18,250,950,yes,11,-100
2025-05-21T19:06:35.617889,KXBTCD-25MAY2123-T110499.99,DELTA,11,3250,18,250,951,yes,12,-1000
2025-05-21T19:06:35.657822,KXBTCD-25MAY2123-T110499.99,DELTA,11,4250,18,250,952,yes,11,1000
2025-05-21T19:06:35.757764,KXBTCD-25MAY2123-T110499.99,DELTA,11,4250,18,250,953,no,81,100
2025-05-21T19:06:36.778917,KXBTCD-25MAY2123-T110499.99,DELTA,11,4350,18,250,954,yes,11,100
2025-05-21T19:06:36.858174,KXBTCD-25MAY2123-T110499.99,DELTA,11,3350,18,250,955,yes,11,-1000
2025-05-21T19:06:36.918352,KXBTCD-25MAY2123-T110499.99,DELTA,12,1000,18,250,956,yes,12,1000
2025-05-21T19:06:37.477914,KXBTCD-25MAY2123-T110499.99,DELTA,12,1000,18,250,957,yes,6,24
2025-05-21T19:06:37.478918,KXBTCD-25MAY2123-T110499.99,DELTA,12,1000,18,250,958,yes,4,-24
2025-05-21T19:06:37.499838,KXBTCD-25MAY2123-T110499.99,DELTA,12,1000,18,250,959,no,79,-24
2025-05-21T19:06:37.500618,KXBTCD-25MAY2123-T110499.99,DELTA,12,1000,18,250,960,no,77,24
2025-05-21T19:06:37.577102,KXBTCD-25MAY2123-T110499.99,DELTA,12,1000,18,250,961,no,77,-2000
2025-05-21T19:06:37.598090,KXBTCD-25MAY2123-T110499.99,DELTA,12,1000,18,250,962,no,80,-1000
2025-05-21T19:06:37.676966,KXBTCD-25MAY2123-T110499.99,DELTA,12,1000,18,250,963,no,76,2000
2025-05-21T19:06:37.696930,KXBTCD-25MAY2123-T110499.99,DELTA,12,1000,18,250,964,no,79,1000
2025-05-21T19:06:37.818174,KXBTCD-25MAY2123-T110499.99,DELTA,12,1000,18,250,965,yes,11,-100
2025-05-21T19:06:37.878410,KXBTCD-25MAY2123-T110499.99,DELTA,11,3250,18,250,966,yes,12,-1000
2025-05-21T19:06:37.939631,KXBTCD-25MAY2123-T110499.99,DELTA,11,4250,18,250,967,yes,11,1000
2025-05-21T19:06:37.940370,KXBTCD-25MAY2123-T110499.99,DELTA,11,4250,19,100,968,no,82,-250
2025-05-21T19:06:37.940890,KXBTCD-25MAY2123-T110499.99,DELTA,11,4250,19,100,969,no,72,250
2025-05-21T19:06:38.137614,KXBTCD-25MAY2123-T110499.99,DELTA,11,4250,19,100,970,no,77,-1250
2025-05-21T19:06:38.137761,KXBTCD-25MAY2123-T110499.99,DELTA,11,4250,19,100,971,yes,2,-250
2025-05-21T19:06:38.159040,KXBTCD-25MAY2123-T110499.99,DELTA,12,250,19,100,972,yes,12,250
2025-05-21T19:06:38.197728,KXBTCD-25MAY2123-T110499.99,DELTA,12,250,19,100,973,no,76,1250
2025-05-21T19:06:38.218202,KXBTCD-25MAY2123-T110499.99,DELTA,12,250,19,100,974,yes,11,-2000
2025-05-21T19:06:38.237575,KXBTCD-25MAY2123-T110499.99,DELTA,12,250,19,100,975,yes,11,-1000
2025-05-21T19:06:38.238143,KXBTCD-25MAY2123-T110499.99,DELTA,12,250,19,100,976,yes,11,-1250
2025-05-21T19:06:38.300005,KXBTCD-25MAY2123-T110499.99,DELTA,13,1000,19,100,977,yes,13,1000
2025-05-21T19:06:38.300750,KXBTCD-25MAY2123-T110499.99,DELTA,13,3000,19,100,978,yes,13,2000
2025-05-21T19:06:38.301263,KXBTCD-25MAY2123-T110499.99,DELTA,13,4250,19,100,979,yes,13,1250
2025-05-21T19:06:38.318006,KXBTCD-25MAY2123-T110499.99,DELTA,13,4250,19,100,980,yes,7,24
2025-05-21T19:06:38.318807,KXBTCD-25MAY2123-T110499.99,DELTA,13,4250,19,100,981,yes,6,-24
2025-05-21T19:06:38.319366,KXBTCD-25MAY2123-T110499.99,DELTA,13,4250,19,100,982,no,76,24
2025-05-21T19:06:38.319893,KXBTCD-25MAY2123-T110499.99,DELTA,13,4250,19,100,983,no,77,-24
2025-05-21T19:06:38.358420,KXBTCD-25MAY2123-T110499.99,DELTA,13,4250,19,100,984,no,76,-2000
2025-05-21T19:06:38.359504,KXBTCD-25MAY2123-T110499.99,DELTA,13,4250,19,100,985,no,79,-1000
2025-05-21T19:06:38.417661,KXBTCD-25MAY2123-T110499.99,DELTA,13,4250,19,100,986,no,78,1000
2025-05-21T19:06:38.437224,KXBTCD-25MAY2123-T110499.99,DELTA,13,4250,19,100,987,no,75,2000
2025-05-21T19:06:38.479879,KXBTCD-25MAY2123-T110499.99,DELTA,13,4250,19,100,988,no,76,-1250
2025-05-21T19:06:38.540064,KXBTCD-25MAY2123-T110499.99,DELTA,13,4250,19,100,989,no,75,1250
2025-05-21T19:06:38.717148,KXBTCD-25MAY2123-T110499.99,DELTA,13,4250,20,250,990,no,81,-100
2025-05-21T19:06:39.196856,KXBTCD-25MAY2123-T110499.99,DELTA,13,4250,20,250,991,no,70,250
2025-05-21T19:06:39.197786,KXBTCD-25MAY2123-T110499.99,DELTA,13,4250,22,1250,992,no,80,-250
2025-05-21T19:06:39.218365,KXBTCD-25MAY2123-T110499.99,DELTA,13,4250,22,1250,993,yes,4,-250
2025-05-21T19:06:39.218580,KXBTCD-25MAY2123-T110499.99,DELTA,14,250,22,1250,994,yes,14,250
2025-05-21T19:06:39.297795,KXBTCD-25MAY2123-T110499.99,DELTA,14,250,22,1250,995,yes,13,-2000
2025-05-21T19:06:39.297940,KXBTCD-25MAY2123-T110499.99,DELTA,14,250,22,1250,996,yes,13,-1000
2025-05-21T19:06:39.318088,KXBTCD-25MAY2123-T110499.99,DELTA,14,250,22,1250,997,yes,13,-1250
2025-05-21T19:06:39.382014,KXBTCD-25MAY2123-T110499.99,DELTA,14,1500,22,1250,998,yes,14,1250
2025-05-21T19:06:39.382978,KXBTCD-25MAY2123-T110499.99,DELTA,15,1000,22,1250,999,yes,15,1000
2025-05-21T19:06:39.383504,KXBTCD-25MAY2123-T110499.99,DELTA,15,1000,22,1250,1000,yes,14,2000
2025-05-21T19:06:39.696151,KXBTCD-25MAY2123-T110499.99,DELTA,15,1000,22,1250,1001,yes,14,-1250
2025-05-21T19:06:39.759703,KXBTCD-25MAY2123-T110499.99,DELTA,15,2250,22,1250,1002,yes,15,1250
2025-05-21T19:06:39.872455,KXBTCD-25MAY2123-T110499.99,DELTA,15,2350,22,1250,1003,yes,15,100
2025-05-21T19:06:39.878380,KXBTCD-25MAY2123-T110499.99,DELTA,15,2350,22,1250,1004,no,77,100
2025-05-21T19:06:39.918828,KXBTCD-25MAY2123-T110499.99,DELTA,15,1350,22,1250,1005,yes,15,-1000
2025-05-21T19:06:40.001321,KXBTCD-25MAY2123-T110499.99,DELTA,16,1000,22,1250,1006,yes,16,1000
2025-05-21T19:06:40.984154,KXBTCD-25MAY2123-T110499.99,DELTA,16,1000,22,1250,1007,yes,14,-2000
2025-05-21T19:06:40.998867,KXBTCD-25MAY2123-T110499.99,DELTA,16,1000,22,1250,1008,no,75,-2000
2025-05-21T19:06:40.999609,KXBTCD-25MAY2123-T110499.99,DELTA,16,1000,22,250,1009,no,78,-1000
2025-05-21T19:06:41.000210,KXBTCD-25MAY2123-T110499.99,DELTA,16,1000,22,250,1010,yes,7,-24
2025-05-21T19:06:41.000758,KXBTCD-25MAY2123-T110499.99,DELTA,16,1000,22,250,1011,yes,9,24
2025-05-21T19:06:41.018834,KXBTCD-25MAY2123-T110499.99,DELTA,16,1000,22,250,1012,no,75,-1250
2025-05-21T19:06:41.019586,KXBTCD-25MAY2123-T110499.99,DELTA,16,1000,22,250,1013,no,76,-24
2025-05-21T19:06:41.020261,KXBTCD-25MAY2123-T110499.99,DELTA,16,1000,22,250,1014,no,74,24
2025-05-21T19:06:41.078419,KXBTCD-25MAY2123-T110499.99,DELTA,16,1000,22,250,1015,no,68,250
2025-05-21T19:06:41.097345,KXBTCD-25MAY2123-T110499.99,DELTA,16,1000,22,250,1016,no,77,1000
2025-05-21T19:06:41.097916,KXBTCD-25MAY2123-T110499.99,DELTA,16,1000,22,250,1017,yes,15,2000
2025-05-21T19:06:41.098356,KXBTCD-25MAY2123-T110499.99,DELTA,16,1000,22,250,1018,no,74,1250
2025-05-21T19:06:41.098725,KXBTCD-25MAY2123-T110499.99,DELTA,16,1000,22,250,1019,no,74,2000
2025-05-21T19:06:41.099053,KXBTCD-25MAY2123-T110499.99,DELTA,16,1000,23,1100,1020,no,78,-250
2025-05-21T19:06:41.298007,KXBTCD-25MAY2123-T110499.99,DELTA,16,1000,23,1100,1021,yes,6,-250
2025-05-21T19:06:41.298543,KXBTCD-25MAY2123-T110499.99,DELTA,16,1250,23,1100,1022,yes,16,250
2025-05-21T19:06:41.300210,KXBTCD-25MAY2123-T110499.99,DELTA,16,1250,23,1100,1023,yes,15,-100
2025-05-21T19:06:41.379242,KXBTCD-25MAY2123-T110499.99,DELTA,16,250,23,1100,1024,yes,16,-1000
2025-05-21T19:06:41.438249,KXBTCD-25MAY2123-T110499.99,DELTA,17,1000,23,1100,1025,yes,17,1000
2025-05-21T19:06:41.458097,KXBTCD-25MAY2123-T110499.99,DELTA,17,1000,23,1100,1026,no,74,-1250
2025-05-21T19:06:41.497432,KXBTCD-25MAY2123-T110499.99,DELTA,17,1000,23,1100,1027,yes,15,-1250
2025-05-21T19:06:41.518095,KXBTCD-25MAY2123-T110499.99,DELTA,17,1000,23,1100,1028,no,73,1250
2025-05-21T19:06:41.597717,KXBTCD-25MAY2123-T110499.99,DELTA,17,1000,23,1100,1029,yes,15,-2000
2025-05-21T19:06:41.598438,KXBTCD-25MAY2123-T110499.99,DELTA,17,1000,23,1100,1030,yes,16,1250
2025-05-21T19:06:41.598984,KXBTCD-25MAY2123-T110499.99,DELTA,17,1000,23,1100,1031,no,74,-2000
2025-05-21T19:06:41.604623,KXBTCD-25MAY2123-T110499.99,DELTA,17,1000,23,100,1032,no,77,-1000
2025-05-21T19:06:41.658970,KXBTCD-25MAY2123-T110499.99,DELTA,17,1000,23,100,1033,no,73,2000
2025-05-21T19:06:41.659882,KXBTCD-25MAY2123-T110499.99,DELTA,17,1000,23,100,1034,no,76,1000
2025-05-21T19:06:41.660516,KXBTCD-25MAY2123-T110499.99,DELTA,17,1000,23,100,1035,yes,16,2000
2025-05-21T19:06:42.331115,KXBTCD-25MAY2123-T110499.99,DELTA,17,1000,23,100,1036,yes,9,-24
2025-05-21T19:06:42.331932,KXBTCD-25MAY2123-T110499.99,DELTA,17,1000,23,100,1037,yes,10,24
2025-05-21T19:06:42.341485,KXBTCD-25MAY2123-T110499.99,DELTA,17,1000,23,100,1038,no,74,-24
2025-05-21T19:06:42.342507,KXBTCD-25MAY2123-T110499.99,DELTA,17,1000,23,100,1039,no,73,24
2025-05-21T19:06:42.343422,KXBTCD-25MAY2123-T110499.99,DELTA,17,1000,24,1250,1040,no,77,-100
2025-05-21T19:06:42.979845,KXBTCD-25MAY2123-T110499.99,DELTA,17,1100,24,1250,1041,yes,17,100
2025-05-21T19:06:43.039213,KXBTCD-25MAY2123-T110499.99,DELTA,17,100,24,1250,1042,yes,17,-1000
2025-05-21T19:06:43.077781,KXBTCD-25MAY2123-T110499.99,DELTA,18,1000,24,1250,1043,yes,18,1000
2025-05-21T19:06:43.637793,KXBTCD-25MAY2123-T110499.99,DELTA,18,1000,24,1250,1044,no,75,100
2025-05-21T19:06:44.340080,KXBTCD-25MAY2123-T110499.99,DELTA,18,1000,24,1250,1045,yes,17,-100
2025-05-21T19:06:44.419337,KXBTCD-25MAY2123-T110499.99,DELTA,16,3500,24,1250,1046,yes,18,-1000
2025-05-21T19:06:44.477076,KXBTCD-25MAY2123-T110499.99,DELTA,17,1000,24,1250,1047,yes,17,1000
2025-05-21T19:06:44.935676,KXBTCD-25MAY2123-T110499.99,DELTA,17,1000,24,1250,1048,yes,16,-2000
2025-05-21T19:06:44.956631,KXBTCD-25MAY2123-T110499.99,DELTA,17,1000,24,1250,1049,no,73,-2000
2025-05-21T19:06:44.957275,KXBTCD-25MAY2123-T110499.99,DELTA,17,1000,24,250,1050,no,76,-1000
2025-05-21T19:06:44.977359,KXBTCD-25MAY2123-T110499.99,DELTA,17,1000,24,250,1051,no,73,-1250
2025-05-21T19:06:45.019621,KXBTCD-25MAY2123-T110499.99,DELTA,17,1000,24,250,1052,yes,15,2000
2025-05-21T19:06:45.037381,KXBTCD-25MAY2123-T110499.99,DELTA,17,1000,23,1000,1053,no,77,1000
2025-05-21T19:06:45.037856,KXBTCD-25MAY2123-T110499.99,DELTA,17,1000,23,1000,1054,no,74,2000
2025-05-21T19:06:45.038380,KXBTCD-25MAY2123-T110499.99,DELTA,17,1000,23,1000,1055,no,74,1250
2025-05-21T19:06:45.417627,KXBTCD-25MAY2123-T110499.99,DELTA,17,1000,23,1000,1056,yes,16,-1250
2025-05-21T19:06:45.478890,KXBTCD-25MAY2123-T110499.99,DELTA,17,1000,23,1000,1057,yes,15,1250
2025-05-21T19:06:45.877796,KXBTCD-25MAY2123-T110499.99,DELTA,18,100,23,1000,1058,yes,18,100
2025-05-21T19:06:45.938971,KXBTCD-25MAY2123-T110499.99,DELTA,18,100,23,1000,1059,yes,17,-1000
2025-05-21T19:06:45.997958,KXBTCD-25MAY2123-T110499.99,DELTA,18,1100,23,1000,1060,yes,18,1000
2025-05-21T19:06:46.617704,KXBTCD-25MAY2123-T110499.99,DELTA,18,1100,23,1000,1061,yes,15,-2000
2025-05-21T19:06:46.638164,KXBTCD-25MAY2123-T110499.99,DELTA,18,100,23,1000,1062,yes,18,-1000
2025-05-21T19:06:46.638785,KXBTCD-25MAY2123-T110499.99,DELTA,18,100,23,1000,1063,no,74,-2000
2025-05-21T19:06:46.657135,KXBTCD-25MAY2123-T110499.99,DELTA,18,100,23,1000,1064,no,74,-1250
2025-05-21T19:06:46.719884,KXBTCD-25MAY2123-T110499.99,DELTA,18,100,23,1000,1065,no,75,2000
2025-05-21T19:06:46.721194,KXBTCD-25MAY2123-T110499.99,DELTA,18,100,23,1000,1066,yes,14,2000
2025-05-21T19:06:46.721601,KXBTCD-25MAY2123-T110499.99,DELTA,18,100,23,1000,1067,no,75,1250
2025-05-21T19:06:47.197242,KXBTCD-25MAY2123-T110499.99,DELTA,18,100,23,1000,1068,yes,6,250
2025-05-21T19:06:47.197924,KXBTCD-25MAY2123-T110499.99,DELTA,18,100,23,1000,1069,yes,16,-250
2025-05-21T19:06:47.298481,KXBTCD-25MAY2123-T110499.99,DELTA,18,100,23,1000,1070,yes,15,-1250
2025-05-21T19:06:47.357223,KXBTCD-25MAY2123-T110499.99,DELTA,18,100,23,1000,1071,yes,17,1000
2025-05-21T19:06:47.379030,KXBTCD-25MAY2123-T110499.99,DELTA,18,100,23,1000,1072,yes,14,1250
2025-05-21T19:06:47.438207,KXBTCD-25MAY2123-T110499.99,DELTA,18,100,23,1000,1073,no,68,-250
2025-05-21T19:06:47.439722,KXBTCD-25MAY2123-T110499.99,DELTA,18,100,22,250,1074,no,78,250
2025-05-21T19:06:47.516978,KXBTCD-25MAY2123-T110499.99,DELTA,18,100,22,250,1075,yes,17,-1000
2025-05-21T19:06:47.535924,KXBTCD-25MAY2123-T110499.99,DELTA,18,100,22,250,1076,no,77,-1000
2025-05-21T19:06:47.566541,KXBTCD-25MAY2123-T110499.99,DELTA,18,100,22,250,1077,yes,15,1000
2025-05-21T19:06:47.597360,KXBTCD-25MAY2123-T110499.99,DELTA,18,100,22,1250,1078,no,78,1000
2025-05-21T19:06:47.598504,KXBTCD-25MAY2123-T110499.99,DELTA,18,100,22,1000,1079,no,78,-250
2025-05-21T19:06:47.598937,KXBTCD-25MAY2123-T110499.99,DELTA,18,100,22,1000,1080,no,68,250
2025-05-21T19:06:47.656763,KXBTCD-25MAY2123-T110499.99,DELTA,18,100,24,250,1081,no,78,-1000
2025-05-21T19:06:47.697722,KXBTCD-25MAY2123-T110499.99,DELTA,18,100,23,1000,1082,no,77,1000
2025-05-21T19:06:47.759041,KXBTCD-25MAY2123-T110499.99,DELTA,18,100,23,1000,1083,no,68,-250
2025-05-21T19:06:47.759648,KXBTCD-25MAY2123-T110499.99,DELTA,18,100,22,250,1084,no,78,250
2025-05-21T19:06:47.841264,KXBTCD-25MAY2123-T110499.99,DELTA,18,100,22,250,1085,no,77,-1000
2025-05-21T19:06:47.897085,KXBTCD-25MAY2123-T110499.99,DELTA,18,100,22,1250,1086,no,78,1000
2025-05-21T19:06:47.958399,KXBTCD-25MAY2123-T110499.99,DELTA,18,100,22,1250,1087,no,75,-100
2025-05-21T19:06:47.978563,KXBTCD-25MAY2123-T110499.99,DELTA,15,1000,22,1250,1088,yes,18,-100
2025-05-21T19:06:49.257420,KXBTCD-25MAY2123-T110499.99,DELTA,15,1000,22,1250,1089,yes,14,-1250
2025-05-21T19:06:49.257779,KXBTCD-25MAY2123-T110499.99,DELTA,15,2250,22,1250,1090,yes,15,1250
