timestamp,market_ticker,type,yes_bid_price_cents,yes_bid_qty,yes_ask_price_cents,yes_ask_qty_on_no_side,sequence_num,delta_side,delta_price_cents,delta_quantity
2025-05-21T18:02:22.968854,KXBTCD-25MAY2122-T110249.99,SNAPSHOT,32,9,39,1000,1,,,
2025-05-21T18:02:23.218293,KXBTCD-25MAY2122-T110249.99,DELTA,32,9,39,1000,2,yes,31,-100
2025-05-21T18:02:23.358299,KXBTCD-25MAY2122-T110249.99,DELTA,32,9,39,1000,3,no,46,-9
2025-05-21T18:02:23.358718,KXBTCD-25MAY2122-T110249.99,DELTA,32,9,38,9,4,no,62,9
2025-05-21T18:02:23.359192,KXBTCD-25MAY2122-T110249.99,DELTA,25,9,38,9,5,yes,32,-9
2025-05-21T18:02:23.359429,KXBTCD-25MAY2122-T110249.99,DELTA,25,9,38,9,6,yes,11,9
2025-05-21T18:02:23.901905,KXBTCD-25MAY2122-T110249.99,DELTA,25,9,38,9,7,no,60,-100
2025-05-21T18:02:23.963322,KXBTCD-25MAY2122-T110249.99,DELTA,25,9,38,9,8,no,61,-1000
2025-05-21T18:02:24.018951,KXBTCD-25MAY2122-T110249.99,DELTA,25,9,38,9,9,no,41,1000
2025-05-21T18:02:24.037940,KXBTCD-25MAY2122-T110249.99,DELTA,24,24,38,9,10,yes,25,-9
2025-05-21T18:02:24.038228,KXBTCD-25MAY2122-T110249.99,DELTA,24,24,38,9,11,no,46,-9
2025-05-21T18:02:24.038640,KXBTCD-25MAY2122-T110249.99,DELTA,24,24,38,9,12,yes,11,9
2025-05-21T18:02:24.118468,KXBTCD-25MAY2122-T110249.99,DELTA,31,100,38,9,13,yes,31,100
2025-05-21T18:02:24.719639,KXBTCD-25MAY2122-T110249.99,DELTA,31,100,38,9,14,no,61,100
2025-05-21T18:02:24.778854,KXBTCD-25MAY2122-T110249.99,DELTA,31,100,38,9,15,no,41,-1000
2025-05-21T18:02:24.818058,KXBTCD-25MAY2122-T110249.99,DELTA,31,100,38,1009,16,no,62,1000
2025-05-21T18:02:24.837562,KXBTCD-25MAY2122-T110249.99,DELTA,31,100,38,1009,17,yes,11,-9
2025-05-21T18:02:24.858142,KXBTCD-25MAY2122-T110249.99,DELTA,31,100,38,1000,18,no,62,-9
2025-05-21T18:02:24.858803,KXBTCD-25MAY2122-T110249.99,DELTA,31,100,38,1000,19,yes,11,-9
2025-05-21T18:02:24.858971,KXBTCD-25MAY2122-T110249.99,DELTA,31,100,38,1000,20,yes,25,9
2025-05-21T18:02:24.859085,KXBTCD-25MAY2122-T110249.99,DELTA,31,100,38,1000,21,no,46,9
2025-05-21T18:02:25.415820,KXBTCD-25MAY2122-T110249.99,DELTA,31,100,38,1000,22,no,61,-100
2025-05-21T18:02:25.496935,KXBTCD-25MAY2122-T110249.99,DELTA,31,100,41,24,23,no,62,-1000
2025-05-21T18:02:25.538766,KXBTCD-25MAY2122-T110249.99,DELTA,31,100,41,24,24,no,41,1000
2025-05-21T18:02:26.440544,KXBTCD-25MAY2122-T110249.99,DELTA,31,100,39,100,25,no,61,100
2025-05-21T18:02:26.519328,KXBTCD-25MAY2122-T110249.99,DELTA,31,100,39,100,26,no,41,-1000
2025-05-21T18:02:26.598716,KXBTCD-25MAY2122-T110249.99,DELTA,31,100,38,1000,27,no,62,1000
2025-05-21T18:02:27.959603,KXBTCD-25MAY2122-T110249.99,DELTA,25,9,38,1000,28,yes,31,-100
2025-05-21T18:02:28.081310,KXBTCD-25MAY2122-T110249.99,DELTA,25,9,38,1000,29,yes,11,9
2025-05-21T18:02:28.099095,KXBTCD-25MAY2122-T110249.99,DELTA,25,9,38,1000,30,yes,11,9
2025-05-21T18:02:28.099952,KXBTCD-25MAY2122-T110249.99,DELTA,25,9,38,1000,31,no,46,-9
2025-05-21T18:02:28.100772,KXBTCD-25MAY2122-T110249.99,DELTA,24,24,38,1000,32,yes,25,-9
2025-05-21T18:02:28.101609,KXBTCD-25MAY2122-T110249.99,DELTA,24,24,37,9,33,no,63,9
2025-05-21T18:02:29.100199,KXBTCD-25MAY2122-T110249.99,DELTA,31,100,37,9,34,yes,31,100
2025-05-21T18:02:29.217828,KXBTCD-25MAY2122-T110249.99,DELTA,31,100,37,9,35,yes,11,-9
2025-05-21T18:02:29.218077,KXBTCD-25MAY2122-T110249.99,DELTA,31,100,37,9,36,yes,25,9
2025-05-21T18:02:29.218362,KXBTCD-25MAY2122-T110249.99,DELTA,31,100,38,1000,37,no,63,-9
2025-05-21T18:02:29.238288,KXBTCD-25MAY2122-T110249.99,DELTA,31,100,38,1000,38,yes,11,-9
2025-05-21T18:02:29.678136,KXBTCD-25MAY2122-T110249.99,DELTA,25,9,38,1000,39,yes,31,-100
2025-05-21T18:02:29.798671,KXBTCD-25MAY2122-T110249.99,DELTA,25,9,38,1000,40,yes,11,9
2025-05-21T18:02:29.799714,KXBTCD-25MAY2122-T110249.99,DELTA,25,9,37,9,41,no,63,9
2025-05-21T18:02:31.139198,KXBTCD-25MAY2122-T110249.99,DELTA,32,100,37,9,42,yes,32,100
2025-05-21T18:02:31.298669,KXBTCD-25MAY2122-T110249.99,DELTA,32,100,37,9,43,yes,11,-9
2025-05-21T18:02:31.299358,KXBTCD-25MAY2122-T110249.99,DELTA,32,100,38,1000,44,no,63,-9
2025-05-21T18:02:33.098595,KXBTCD-25MAY2122-T110249.99,DELTA,32,100,38,1000,45,yes,24,-24
2025-05-21T18:02:33.099593,KXBTCD-25MAY2122-T110249.99,DELTA,32,100,38,1000,46,no,59,-24
2025-05-21T18:02:33.100245,KXBTCD-25MAY2122-T110249.99,DELTA,32,100,38,1000,47,yes,25,24
2025-05-21T18:02:33.119190,KXBTCD-25MAY2122-T110249.99,DELTA,32,100,38,1000,48,no,57,24
2025-05-21T18:02:33.119937,KXBTCD-25MAY2122-T110249.99,DELTA,32,100,38,1000,49,yes,1,32400
2025-05-21T18:02:33.158170,KXBTCD-25MAY2122-T110249.99,DELTA,32,100,38,1000,50,yes,26,1000
2025-05-21T18:02:33.180644,KXBTCD-25MAY2122-T110249.99,DELTA,26,1000,38,1000,51,yes,32,-100
2025-05-21T18:02:33.181383,KXBTCD-25MAY2122-T110249.99,DELTA,26,1000,38,1000,52,no,61,-100
2025-05-21T18:02:33.181586,KXBTCD-25MAY2122-T110249.99,DELTA,26,1000,38,1000,53,yes,2,20000
2025-05-21T18:02:33.198801,KXBTCD-25MAY2122-T110249.99,DELTA,26,1000,38,1000,54,yes,2,2000
2025-05-21T18:02:33.217439,KXBTCD-25MAY2122-T110249.99,DELTA,26,1000,38,1000,55,yes,11,9
2025-05-21T18:02:33.217643,KXBTCD-25MAY2122-T110249.99,DELTA,26,1000,38,1000,56,yes,25,-9
2025-05-21T18:02:33.238694,KXBTCD-25MAY2122-T110249.99,DELTA,26,1000,43,24,57,no,62,-1000
2025-05-21T18:02:33.307391,KXBTCD-25MAY2122-T110249.99,DELTA,25,24,43,24,58,yes,26,-1000
2025-05-21T18:02:33.308290,KXBTCD-25MAY2122-T110249.99,DELTA,25,24,43,24,59,no,41,1000
2025-05-21T18:02:33.339007,KXBTCD-25MAY2122-T110249.99,DELTA,25,24,43,24,60,yes,2,1000
2025-05-21T18:02:34.498391,KXBTCD-25MAY2122-T110249.99,DELTA,25,24,42,100,61,no,58,100
2025-05-21T18:02:34.500088,KXBTCD-25MAY2122-T110249.99,DELTA,33,100,42,100,62,yes,33,100
2025-05-21T18:02:34.558393,KXBTCD-25MAY2122-T110249.99,DELTA,33,100,42,100,63,no,41,-1000
2025-05-21T18:02:34.597790,KXBTCD-25MAY2122-T110249.99,DELTA,33,100,41,1000,64,no,59,1000
2025-05-21T18:02:34.622955,KXBTCD-25MAY2122-T110249.99,DELTA,33,100,41,1009,65,no,59,9
2025-05-21T18:02:34.623623,KXBTCD-25MAY2122-T110249.99,DELTA,33,100,41,1009,66,no,46,9
2025-05-21T18:02:34.624137,KXBTCD-25MAY2122-T110249.99,DELTA,33,100,41,1009,67,yes,11,9
2025-05-21T18:02:35.039240,KXBTCD-25MAY2122-T110249.99,DELTA,33,100,41,1009,68,no,58,-100
2025-05-21T18:02:35.098883,KXBTCD-25MAY2122-T110249.99,DELTA,33,100,41,9,69,no,59,-1000
2025-05-21T18:02:35.139528,KXBTCD-25MAY2122-T110249.99,DELTA,33,100,41,9,70,yes,11,-9
2025-05-21T18:02:35.159555,KXBTCD-25MAY2122-T110249.99,DELTA,33,100,41,9,71,no,41,1000
2025-05-21T18:02:35.160237,KXBTCD-25MAY2122-T110249.99,DELTA,33,100,43,24,72,no,59,-9
2025-05-21T18:02:35.319042,KXBTCD-25MAY2122-T110249.99,DELTA,33,100,43,24,73,yes,27,24
2025-05-21T18:02:35.339529,KXBTCD-25MAY2122-T110249.99,DELTA,33,100,43,24,74,no,56,24
2025-05-21T18:02:35.340386,KXBTCD-25MAY2122-T110249.99,DELTA,33,100,43,24,75,yes,25,-24
2025-05-21T18:02:35.357702,KXBTCD-25MAY2122-T110249.99,DELTA,33,100,44,24,76,no,57,-24
2025-05-21T18:02:35.437945,KXBTCD-25MAY2122-T110249.99,DELTA,33,100,44,24,77,yes,28,9
2025-05-21T18:02:35.438106,KXBTCD-25MAY2122-T110249.99,DELTA,33,100,44,24,78,yes,11,-9
2025-05-21T18:02:35.557593,KXBTCD-25MAY2122-T110249.99,DELTA,33,100,44,24,79,no,46,9
2025-05-21T18:02:35.558071,KXBTCD-25MAY2122-T110249.99,DELTA,34,9,44,24,80,yes,34,9
2025-05-21T18:02:35.599379,KXBTCD-25MAY2122-T110249.99,DELTA,34,9,44,24,81,yes,1,-32400
2025-05-21T18:02:35.600000,KXBTCD-25MAY2122-T110249.99,DELTA,34,9,44,24,82,yes,2,16200
2025-05-21T18:02:35.662286,KXBTCD-25MAY2122-T110249.99,DELTA,34,9,44,24,83,yes,33,-100
2025-05-21T18:02:35.717661,KXBTCD-25MAY2122-T110249.99,DELTA,34,9,44,24,84,yes,2,-20000
2025-05-21T18:02:35.718329,KXBTCD-25MAY2122-T110249.99,DELTA,34,9,44,24,85,yes,2,-2000
2025-05-21T18:02:35.817140,KXBTCD-25MAY2122-T110249.99,DELTA,34,9,44,24,86,yes,2,-1000
2025-05-21T18:02:35.858649,KXBTCD-25MAY2122-T110249.99,DELTA,34,9,44,24,87,yes,3,2000
2025-05-21T18:02:35.858817,KXBTCD-25MAY2122-T110249.99,DELTA,34,9,44,24,88,yes,3,20000
2025-05-21T18:02:35.858928,KXBTCD-25MAY2122-T110249.99,DELTA,34,9,44,24,89,yes,3,1000
2025-05-21T18:02:36.060314,KXBTCD-25MAY2122-T110249.99,DELTA,28,9,44,24,90,yes,34,-9
2025-05-21T18:02:36.061542,KXBTCD-25MAY2122-T110249.99,DELTA,28,9,44,24,91,yes,11,9
2025-05-21T18:02:36.299183,KXBTCD-25MAY2122-T110249.99,DELTA,28,9,42,100,92,no,58,100
2025-05-21T18:02:36.359642,KXBTCD-25MAY2122-T110249.99,DELTA,28,9,42,100,93,no,41,-1000
2025-05-21T18:02:36.360702,KXBTCD-25MAY2122-T110249.99,DELTA,28,9,42,100,94,yes,25,24
2025-05-21T18:02:36.378023,KXBTCD-25MAY2122-T110249.99,DELTA,28,9,42,100,95,yes,27,-24
2025-05-21T18:02:36.379380,KXBTCD-25MAY2122-T110249.99,DELTA,28,9,42,100,96,no,57,24
2025-05-21T18:02:36.379984,KXBTCD-25MAY2122-T110249.99,DELTA,28,9,42,100,97,no,56,-24
2025-05-21T18:02:36.396935,KXBTCD-25MAY2122-T110249.99,DELTA,28,9,41,1000,98,no,59,1000
2025-05-21T18:02:36.417590,KXBTCD-25MAY2122-T110249.99,DELTA,28,9,41,1000,99,yes,11,9
2025-05-21T18:02:36.418348,KXBTCD-25MAY2122-T110249.99,DELTA,25,24,41,1000,100,yes,28,-9
2025-05-21T18:02:36.418707,KXBTCD-25MAY2122-T110249.99,DELTA,25,24,41,1000,101,no,46,-9
2025-05-21T18:02:36.418890,KXBTCD-25MAY2122-T110249.99,DELTA,25,24,41,1009,102,no,59,9
2025-05-21T18:02:36.698605,KXBTCD-25MAY2122-T110249.99,DELTA,25,24,41,1009,103,no,58,-100
2025-05-21T18:02:36.758153,KXBTCD-25MAY2122-T110249.99,DELTA,25,24,41,9,104,no,59,-1000
2025-05-21T18:02:36.798724,KXBTCD-25MAY2122-T110249.99,DELTA,25,24,41,9,105,yes,2,-16200
2025-05-21T18:02:36.799542,KXBTCD-25MAY2122-T110249.99,DELTA,25,24,41,9,106,yes,1,32400
2025-05-21T18:02:36.800200,KXBTCD-25MAY2122-T110249.99,DELTA,25,24,41,9,107,no,41,1000
2025-05-21T18:02:36.818332,KXBTCD-25MAY2122-T110249.99,DELTA,25,24,43,24,108,no,59,-9
2025-05-21T18:02:36.819461,KXBTCD-25MAY2122-T110249.99,DELTA,25,24,40,9,109,no,60,9
2025-05-21T18:02:36.916674,KXBTCD-25MAY2122-T110249.99,DELTA,25,24,40,9,110,yes,3,-20000
2025-05-21T18:02:36.917747,KXBTCD-25MAY2122-T110249.99,DELTA,33,100,40,9,111,yes,33,100
2025-05-21T18:02:36.918538,KXBTCD-25MAY2122-T110249.99,DELTA,33,100,40,9,112,yes,3,-2000
2025-05-21T18:02:36.919222,KXBTCD-25MAY2122-T110249.99,DELTA,33,100,40,9,113,yes,3,-1000
2025-05-21T18:02:36.959127,KXBTCD-25MAY2122-T110249.99,DELTA,33,100,40,9,114,yes,2,2000
2025-05-21T18:02:36.959905,KXBTCD-25MAY2122-T110249.99,DELTA,33,100,40,9,115,yes,2,1000
2025-05-21T18:02:36.960950,KXBTCD-25MAY2122-T110249.99,DELTA,33,100,40,9,116,yes,2,20000
2025-05-21T18:02:37.537858,KXBTCD-25MAY2122-T110249.99,DELTA,33,100,40,9,117,no,59,100
2025-05-21T18:02:37.659377,KXBTCD-25MAY2122-T110249.99,DELTA,33,100,40,9,118,no,41,-1000
2025-05-21T18:02:37.679469,KXBTCD-25MAY2122-T110249.99,DELTA,33,100,40,9,119,yes,26,9
2025-05-21T18:02:37.679582,KXBTCD-25MAY2122-T110249.99,DELTA,33,100,40,9,120,yes,11,-9
2025-05-21T18:02:37.679659,KXBTCD-25MAY2122-T110249.99,DELTA,33,100,41,100,121,no,60,-9
2025-05-21T18:02:37.698329,KXBTCD-25MAY2122-T110249.99,DELTA,33,100,40,1000,122,no,60,1000
2025-05-21T18:02:37.698431,KXBTCD-25MAY2122-T110249.99,DELTA,33,100,40,1000,123,yes,11,-9
2025-05-21T18:02:38.018099,KXBTCD-25MAY2122-T110249.99,DELTA,33,100,40,1000,124,yes,1,-32400
2025-05-21T18:02:38.018289,KXBTCD-25MAY2122-T110249.99,DELTA,33,100,40,1000,125,yes,2,16200
2025-05-21T18:02:38.057745,KXBTCD-25MAY2122-T110249.99,DELTA,33,100,40,1000,126,yes,25,-24
2025-05-21T18:02:38.077496,KXBTCD-25MAY2122-T110249.99,DELTA,33,100,40,1000,127,yes,24,24
2025-05-21T18:02:38.077697,KXBTCD-25MAY2122-T110249.99,DELTA,33,100,40,1000,128,no,57,-24
2025-05-21T18:02:38.077783,KXBTCD-25MAY2122-T110249.99,DELTA,33,100,40,1000,129,no,59,24
2025-05-21T18:02:38.116643,KXBTCD-25MAY2122-T110249.99,DELTA,33,100,40,1000,130,yes,2,-20000
2025-05-21T18:02:38.138230,KXBTCD-25MAY2122-T110249.99,DELTA,33,100,40,1000,131,yes,2,-2000
2025-05-21T18:02:38.138774,KXBTCD-25MAY2122-T110249.99,DELTA,33,100,40,1000,132,yes,2,-1000
2025-05-21T18:02:38.262820,KXBTCD-25MAY2122-T110249.99,DELTA,33,100,40,1000,133,yes,3,20000
2025-05-21T18:02:38.263918,KXBTCD-25MAY2122-T110249.99,DELTA,33,100,40,1000,134,yes,3,1000
2025-05-21T18:02:38.264657,KXBTCD-25MAY2122-T110249.99,DELTA,33,100,40,1000,135,yes,3,2000
2025-05-21T18:02:39.138417,KXBTCD-25MAY2122-T110249.99,DELTA,33,100,40,1000,136,no,59,-100
2025-05-21T18:02:39.200098,KXBTCD-25MAY2122-T110249.99,DELTA,33,100,41,24,137,no,60,-1000
2025-05-21T18:02:39.218495,KXBTCD-25MAY2122-T110249.99,DELTA,33,100,41,24,138,yes,2,-16200
2025-05-21T18:02:39.218666,KXBTCD-25MAY2122-T110249.99,DELTA,33,100,41,24,139,yes,3,10800
2025-05-21T18:02:39.240974,KXBTCD-25MAY2122-T110249.99,DELTA,33,100,41,24,140,no,41,1000
2025-05-21T18:02:39.257159,KXBTCD-25MAY2122-T110249.99,DELTA,33,100,41,24,141,yes,26,-9
2025-05-21T18:02:39.257289,KXBTCD-25MAY2122-T110249.99,DELTA,33,100,41,24,142,yes,25,9
2025-05-21T18:02:39.257382,KXBTCD-25MAY2122-T110249.99,DELTA,33,100,41,24,143,no,46,-9
2025-05-21T18:02:39.278246,KXBTCD-25MAY2122-T110249.99,DELTA,33,100,41,24,144,yes,3,-20000
2025-05-21T18:02:39.297074,KXBTCD-25MAY2122-T110249.99,DELTA,33,100,41,24,145,yes,3,-2000
2025-05-21T18:02:39.297429,KXBTCD-25MAY2122-T110249.99,DELTA,33,100,41,24,146,yes,3,-1000
2025-05-21T18:02:39.358261,KXBTCD-25MAY2122-T110249.99,DELTA,33,100,41,24,147,yes,4,1000
2025-05-21T18:02:39.358997,KXBTCD-25MAY2122-T110249.99,DELTA,33,100,41,24,148,yes,4,20000
2025-05-21T18:02:39.359499,KXBTCD-25MAY2122-T110249.99,DELTA,33,100,41,24,149,yes,4,2000
2025-05-21T18:02:39.598781,KXBTCD-25MAY2122-T110249.99,DELTA,25,9,41,24,150,yes,33,-100
2025-05-21T18:02:39.718958,KXBTCD-25MAY2122-T110249.99,DELTA,25,9,41,24,151,yes,11,9
2025-05-21T18:02:39.719947,KXBTCD-25MAY2122-T110249.99,DELTA,25,9,41,24,152,no,46,9
2025-05-21T18:02:40.238806,KXBTCD-25MAY2122-T110249.99,DELTA,25,9,40,100,153,no,60,100
2025-05-21T18:02:40.302565,KXBTCD-25MAY2122-T110249.99,DELTA,25,9,40,100,154,no,41,-1000
2025-05-21T18:02:40.337774,KXBTCD-25MAY2122-T110249.99,DELTA,25,9,39,1000,155,no,61,1000
2025-05-21T18:02:40.368240,KXBTCD-25MAY2122-T110249.99,DELTA,24,24,39,1000,156,yes,25,-9
2025-05-21T18:02:40.368988,KXBTCD-25MAY2122-T110249.99,DELTA,24,24,39,1000,157,yes,11,9
2025-05-21T18:02:40.369298,KXBTCD-25MAY2122-T110249.99,DELTA,24,24,39,1000,158,no,46,9
2025-05-21T18:02:40.369564,KXBTCD-25MAY2122-T110249.99,DELTA,24,24,39,1000,159,no,46,-9
2025-05-21T18:02:40.369801,KXBTCD-25MAY2122-T110249.99,DELTA,24,24,39,1009,160,no,61,9
2025-05-21T18:02:40.791769,KXBTCD-25MAY2122-T110249.99,DELTA,26,24,39,1009,161,yes,26,24
2025-05-21T18:02:40.792094,KXBTCD-25MAY2122-T110249.99,DELTA,26,24,39,1009,162,yes,24,-24
2025-05-21T18:02:40.802453,KXBTCD-25MAY2122-T110249.99,DELTA,26,24,39,1009,163,no,59,-24
2025-05-21T18:02:40.802652,KXBTCD-25MAY2122-T110249.99,DELTA,26,24,39,1009,164,no,57,24
2025-05-21T18:02:40.837374,KXBTCD-25MAY2122-T110249.99,DELTA,32,100,39,1009,165,yes,32,100
2025-05-21T18:02:40.919232,KXBTCD-25MAY2122-T110249.99,DELTA,32,100,39,1000,166,no,61,-9
2025-05-21T18:02:40.919479,KXBTCD-25MAY2122-T110249.99,DELTA,32,100,38,9,167,no,62,9
2025-05-21T18:02:41.101457,KXBTCD-25MAY2122-T110249.99,DELTA,26,24,38,9,168,yes,32,-100
2025-05-21T18:02:41.220106,KXBTCD-25MAY2122-T110249.99,DELTA,26,24,38,9,169,no,46,-9
2025-05-21T18:02:41.958365,KXBTCD-25MAY2122-T110249.99,DELTA,33,100,38,9,170,yes,33,100
2025-05-21T18:02:42.099608,KXBTCD-25MAY2122-T110249.99,DELTA,33,100,38,9,171,yes,27,9
2025-05-21T18:02:42.100300,KXBTCD-25MAY2122-T110249.99,DELTA,33,100,38,9,172,yes,11,-9
2025-05-21T18:02:42.118447,KXBTCD-25MAY2122-T110249.99,DELTA,33,100,39,1000,173,no,62,-9
2025-05-21T18:02:42.137987,KXBTCD-25MAY2122-T110249.99,DELTA,33,100,39,1000,174,yes,11,-9
2025-05-21T18:02:42.223432,KXBTCD-25MAY2122-T110249.99,DELTA,33,100,39,1000,175,no,60,-100
2025-05-21T18:02:42.279108,KXBTCD-25MAY2122-T110249.99,DELTA,33,100,43,24,176,no,61,-1000
2025-05-21T18:02:42.339897,KXBTCD-25MAY2122-T110249.99,DELTA,33,100,43,24,177,no,41,1000
2025-05-21T18:02:42.438835,KXBTCD-25MAY2122-T110249.99,DELTA,27,9,43,24,178,yes,33,-100
2025-05-21T18:02:42.558931,KXBTCD-25MAY2122-T110249.99,DELTA,27,9,43,24,179,no,46,9
2025-05-21T18:02:42.559185,KXBTCD-25MAY2122-T110249.99,DELTA,27,9,43,24,180,yes,11,9
2025-05-21T18:02:43.359639,KXBTCD-25MAY2122-T110249.99,DELTA,34,100,43,24,181,yes,34,100
2025-05-21T18:02:43.377845,KXBTCD-25MAY2122-T110249.99,DELTA,34,100,42,100,182,no,58,100
2025-05-21T18:02:43.439444,KXBTCD-25MAY2122-T110249.99,DELTA,34,100,42,100,183,no,41,-1000
2025-05-21T18:02:43.479337,KXBTCD-25MAY2122-T110249.99,DELTA,34,100,42,100,184,yes,11,-9
2025-05-21T18:02:43.480092,KXBTCD-25MAY2122-T110249.99,DELTA,34,100,42,100,185,no,46,-9
2025-05-21T18:02:43.480496,KXBTCD-25MAY2122-T110249.99,DELTA,34,100,42,100,186,no,46,9
2025-05-21T18:02:43.480808,KXBTCD-25MAY2122-T110249.99,DELTA,34,100,41,1000,187,no,59,1000
2025-05-21T18:02:43.558870,KXBTCD-25MAY2122-T110249.99,DELTA,34,100,41,1000,188,yes,27,24
2025-05-21T18:02:43.559961,KXBTCD-25MAY2122-T110249.99,DELTA,34,100,41,1000,189,yes,26,-24
2025-05-21T18:02:43.560701,KXBTCD-25MAY2122-T110249.99,DELTA,34,100,41,1000,190,no,55,24
2025-05-21T18:02:43.577595,KXBTCD-25MAY2122-T110249.99,DELTA,34,100,41,1000,191,no,57,-24
2025-05-21T18:02:43.617803,KXBTCD-25MAY2122-T110249.99,DELTA,34,100,41,1000,192,yes,4,-1000
2025-05-21T18:02:43.678657,KXBTCD-25MAY2122-T110249.99,DELTA,34,100,41,1000,193,yes,28,1000
2025-05-21T18:02:48.978561,KXBTCD-25MAY2122-T110249.99,DELTA,34,100,41,1000,194,yes,3,-10800
2025-05-21T18:02:48.979613,KXBTCD-25MAY2122-T110249.99,DELTA,34,100,41,1000,195,yes,1,32400
2025-05-21T18:02:49.038565,KXBTCD-25MAY2122-T110249.99,DELTA,34,100,41,1000,196,yes,4,-20000
2025-05-21T18:02:49.059215,KXBTCD-25MAY2122-T110249.99,DELTA,34,100,41,1000,197,yes,4,-2000
2025-05-21T18:02:49.097757,KXBTCD-25MAY2122-T110249.99,DELTA,34,100,41,1000,198,no,46,-9
2025-05-21T18:02:49.098448,KXBTCD-25MAY2122-T110249.99,DELTA,34,100,41,1000,199,yes,27,-9
2025-05-21T18:02:49.098741,KXBTCD-25MAY2122-T110249.99,DELTA,34,100,41,1000,200,yes,29,9
2025-05-21T18:02:49.098951,KXBTCD-25MAY2122-T110249.99,DELTA,34,100,41,1000,201,yes,2,2000
2025-05-21T18:02:49.099132,KXBTCD-25MAY2122-T110249.99,DELTA,34,100,41,1000,202,yes,2,20000
2025-05-21T18:02:49.160314,KXBTCD-25MAY2122-T110249.99,DELTA,34,100,41,1000,203,yes,28,-1000
2025-05-21T18:02:49.218056,KXBTCD-25MAY2122-T110249.99,DELTA,34,100,41,1000,204,yes,2,1000
2025-05-21T18:02:49.819485,KXBTCD-25MAY2122-T110249.99,DELTA,34,100,41,1000,205,yes,29,24
2025-05-21T18:02:49.820228,KXBTCD-25MAY2122-T110249.99,DELTA,34,100,41,1000,206,yes,27,-24
2025-05-21T18:02:49.838896,KXBTCD-25MAY2122-T110249.99,DELTA,34,100,41,1000,207,no,55,-24
2025-05-21T18:02:49.839435,KXBTCD-25MAY2122-T110249.99,DELTA,34,100,41,1000,208,no,54,24
2025-05-21T18:02:49.899246,KXBTCD-25MAY2122-T110249.99,DELTA,34,100,41,1000,209,yes,2,-1000
2025-05-21T18:02:49.938163,KXBTCD-25MAY2122-T110249.99,DELTA,34,100,41,1000,210,yes,30,1000
2025-05-21T18:02:49.959008,KXBTCD-25MAY2122-T110249.99,DELTA,34,100,41,1000,211,yes,29,-9
2025-05-21T18:02:49.959360,KXBTCD-25MAY2122-T110249.99,DELTA,34,100,41,1000,212,yes,30,9
2025-05-21T18:02:50.018205,KXBTCD-25MAY2122-T110249.99,DELTA,34,100,41,1000,213,yes,30,-1000
2025-05-21T18:02:50.059283,KXBTCD-25MAY2122-T110249.99,DELTA,34,100,41,1000,214,yes,2,1000
2025-05-21T18:02:50.078857,KXBTCD-25MAY2122-T110249.99,DELTA,30,9,41,1000,215,yes,34,-100
2025-05-21T18:02:50.179496,KXBTCD-25MAY2122-T110249.99,DELTA,30,9,41,1000,216,yes,1,-32400
2025-05-21T18:02:50.180379,KXBTCD-25MAY2122-T110249.99,DELTA,30,9,41,1000,217,yes,2,16200
2025-05-21T18:02:50.238920,KXBTCD-25MAY2122-T110249.99,DELTA,30,9,41,1000,218,yes,2,-20000
2025-05-21T18:02:50.239982,KXBTCD-25MAY2122-T110249.99,DELTA,30,9,41,1000,219,yes,2,-2000
2025-05-21T18:02:50.258880,KXBTCD-25MAY2122-T110249.99,DELTA,30,9,41,1000,220,yes,2,-1000
2025-05-21T18:02:50.298727,KXBTCD-25MAY2122-T110249.99,DELTA,30,9,41,1000,221,yes,3,2000
2025-05-21T18:02:50.299445,KXBTCD-25MAY2122-T110249.99,DELTA,30,9,41,1000,222,yes,3,20000
2025-05-21T18:02:50.299969,KXBTCD-25MAY2122-T110249.99,DELTA,30,9,41,1000,223,yes,3,1000
2025-05-21T18:02:50.338581,KXBTCD-25MAY2122-T110249.99,DELTA,30,9,41,1000,224,no,58,-100
2025-05-21T18:02:50.358244,KXBTCD-25MAY2122-T110249.99,DELTA,30,9,41,1000,225,yes,11,9
2025-05-21T18:02:50.358708,KXBTCD-25MAY2122-T110249.99,DELTA,30,9,40,9,226,no,60,9
2025-05-21T18:02:50.440552,KXBTCD-25MAY2122-T110249.99,DELTA,30,9,40,9,227,no,59,-1000
2025-05-21T18:02:50.477785,KXBTCD-25MAY2122-T110249.99,DELTA,30,9,40,9,228,no,41,1000
2025-05-21T18:02:51.200887,KXBTCD-25MAY2122-T110249.99,DELTA,36,100,40,9,229,yes,36,100
2025-05-21T18:02:51.339210,KXBTCD-25MAY2122-T110249.99,DELTA,36,100,40,9,230,yes,11,-9
2025-05-21T18:02:51.340170,KXBTCD-25MAY2122-T110249.99,DELTA,36,100,40,9,231,no,46,9
2025-05-21T18:02:51.358122,KXBTCD-25MAY2122-T110249.99,DELTA,36,100,46,24,232,no,60,-9
2025-05-21T18:02:51.358875,KXBTCD-25MAY2122-T110249.99,DELTA,36,100,46,24,233,yes,2,-16200
2025-05-21T18:02:51.359168,KXBTCD-25MAY2122-T110249.99,DELTA,36,100,46,24,234,yes,1,32400
2025-05-21T18:02:51.459586,KXBTCD-25MAY2122-T110249.99,DELTA,36,100,46,24,235,yes,3,-20000
2025-05-21T18:02:51.460494,KXBTCD-25MAY2122-T110249.99,DELTA,36,100,46,24,236,yes,3,-2000
2025-05-21T18:02:51.478478,KXBTCD-25MAY2122-T110249.99,DELTA,36,100,46,24,237,yes,3,-1000
2025-05-21T18:02:51.534202,KXBTCD-25MAY2122-T110249.99,DELTA,36,100,46,24,238,yes,2,20000
2025-05-21T18:02:51.538615,KXBTCD-25MAY2122-T110249.99,DELTA,36,100,46,24,239,yes,2,1000
2025-05-21T18:02:51.539208,KXBTCD-25MAY2122-T110249.99,DELTA,36,100,46,24,240,yes,2,2000
2025-05-21T18:02:51.799682,KXBTCD-25MAY2122-T110249.99,DELTA,36,100,44,100,241,no,56,100
2025-05-21T18:02:51.878789,KXBTCD-25MAY2122-T110249.99,DELTA,36,100,44,100,242,no,41,-1000
2025-05-21T18:02:51.935254,KXBTCD-25MAY2122-T110249.99,DELTA,36,100,43,1000,243,no,57,1000
2025-05-21T18:02:53.118393,KXBTCD-25MAY2122-T110249.99,DELTA,36,100,43,1000,244,yes,29,-24
2025-05-21T18:02:53.119412,KXBTCD-25MAY2122-T110249.99,DELTA,36,100,43,1000,245,no,54,-24
2025-05-21T18:02:53.159374,KXBTCD-25MAY2122-T110249.99,DELTA,36,100,43,1000,246,yes,31,24
2025-05-21T18:02:53.159765,KXBTCD-25MAY2122-T110249.99,DELTA,36,100,43,1000,247,no,52,24
2025-05-21T18:02:53.240390,KXBTCD-25MAY2122-T110249.99,DELTA,36,100,43,1000,248,yes,30,-9
2025-05-21T18:02:53.241328,KXBTCD-25MAY2122-T110249.99,DELTA,36,100,43,1000,249,yes,11,9
2025-05-21T18:02:53.242025,KXBTCD-25MAY2122-T110249.99,DELTA,36,100,43,1000,250,no,46,-9
2025-05-21T18:02:53.279189,KXBTCD-25MAY2122-T110249.99,DELTA,36,100,43,1000,251,no,40,-200
2025-05-21T18:02:53.279932,KXBTCD-25MAY2122-T110249.99,DELTA,36,100,43,1000,252,no,30,200
2025-05-21T18:02:53.418888,KXBTCD-25MAY2122-T110249.99,DELTA,36,100,43,1000,253,no,41,-2000
2025-05-21T18:02:53.499575,KXBTCD-25MAY2122-T110249.99,DELTA,36,100,43,1000,254,no,31,2000
2025-05-21T18:02:53.698877,KXBTCD-25MAY2122-T110249.99,DELTA,31,24,43,1000,255,yes,36,-100
2025-05-21T18:02:53.818125,KXBTCD-25MAY2122-T110249.99,DELTA,31,24,43,1000,256,yes,11,9
2025-05-21T18:02:53.819182,KXBTCD-25MAY2122-T110249.99,DELTA,31,24,42,9,257,no,58,9
2025-05-21T18:02:54.039222,KXBTCD-25MAY2122-T110249.99,DELTA,31,24,42,9,258,no,56,-100
2025-05-21T18:02:54.119310,KXBTCD-25MAY2122-T110249.99,DELTA,31,24,42,9,259,no,57,-1000
2025-05-21T18:02:54.179310,KXBTCD-25MAY2122-T110249.99,DELTA,31,24,42,9,260,no,31,1000
2025-05-21T18:02:54.198391,KXBTCD-25MAY2122-T110249.99,DELTA,33,24,42,9,261,yes,33,24
2025-05-21T18:02:54.218312,KXBTCD-25MAY2122-T110249.99,DELTA,33,24,42,9,262,no,50,24
2025-05-21T18:02:54.218725,KXBTCD-25MAY2122-T110249.99,DELTA,33,24,42,9,263,yes,31,-24
2025-05-21T18:02:54.219116,KXBTCD-25MAY2122-T110249.99,DELTA,33,24,42,9,264,no,52,-24
2025-05-21T18:02:54.238735,KXBTCD-25MAY2122-T110249.99,DELTA,33,24,50,24,265,no,58,-9
2025-05-21T18:02:54.239017,KXBTCD-25MAY2122-T110249.99,DELTA,33,24,50,24,266,no,46,9
2025-05-21T18:02:54.415687,KXBTCD-25MAY2122-T110249.99,DELTA,33,24,50,24,267,yes,10,200
2025-05-21T18:02:54.477215,KXBTCD-25MAY2122-T110249.99,DELTA,33,24,50,24,268,yes,2,-2000
2025-05-21T18:02:54.497141,KXBTCD-25MAY2122-T110249.99,DELTA,33,24,50,24,269,yes,2,-1000
2025-05-21T18:02:54.537580,KXBTCD-25MAY2122-T110249.99,DELTA,33,24,50,24,270,yes,11,2000
2025-05-21T18:02:54.538217,KXBTCD-25MAY2122-T110249.99,DELTA,33,24,50,24,271,yes,11,1000
2025-05-21T18:02:54.638515,KXBTCD-25MAY2122-T110249.99,DELTA,33,24,50,24,272,yes,11,-9
2025-05-21T18:02:54.639569,KXBTCD-25MAY2122-T110249.99,DELTA,33,24,50,24,273,yes,12,9
2025-05-21T18:02:54.820355,KXBTCD-25MAY2122-T110249.99,DELTA,38,100,50,24,274,yes,38,100
2025-05-21T18:02:54.939409,KXBTCD-25MAY2122-T110249.99,DELTA,38,100,50,24,275,yes,11,-9
2025-05-21T18:02:54.940563,KXBTCD-25MAY2122-T110249.99,DELTA,38,100,50,24,276,no,46,9
2025-05-21T18:02:55.400805,KXBTCD-25MAY2122-T110249.99,DELTA,33,24,50,24,277,yes,38,-100
2025-05-21T18:02:55.518689,KXBTCD-25MAY2122-T110249.99,DELTA,34,9,50,24,278,yes,34,9
2025-05-21T18:02:55.698342,KXBTCD-25MAY2122-T110249.99,DELTA,34,9,47,100,279,no,53,100
2025-05-21T18:02:55.758870,KXBTCD-25MAY2122-T110249.99,DELTA,34,9,47,100,280,no,31,-1000
2025-05-21T18:02:55.817891,KXBTCD-25MAY2122-T110249.99,DELTA,34,9,46,1000,281,no,54,1000
2025-05-21T18:02:55.857736,KXBTCD-25MAY2122-T110249.99,DELTA,33,24,46,1000,282,yes,34,-9
2025-05-21T18:02:55.857896,KXBTCD-25MAY2122-T110249.99,DELTA,33,24,46,1000,283,yes,12,9
2025-05-21T18:02:56.298906,KXBTCD-25MAY2122-T110249.99,DELTA,33,24,46,1000,284,yes,31,24
2025-05-21T18:02:56.299796,KXBTCD-25MAY2122-T110249.99,DELTA,33,24,46,1000,285,no,51,24
2025-05-21T18:02:56.357727,KXBTCD-25MAY2122-T110249.99,DELTA,33,24,46,1000,286,yes,10,-200
2025-05-21T18:02:56.418894,KXBTCD-25MAY2122-T110249.99,DELTA,33,24,46,1000,287,yes,12,-9
2025-05-21T18:02:56.419865,KXBTCD-25MAY2122-T110249.99,DELTA,33,24,46,1000,288,no,46,-9
2025-05-21T18:02:56.437757,KXBTCD-25MAY2122-T110249.99,DELTA,31,24,46,1000,289,yes,33,-24
2025-05-21T18:02:56.439013,KXBTCD-25MAY2122-T110249.99,DELTA,31,24,46,1000,290,no,50,-24
2025-05-21T18:02:56.457926,KXBTCD-25MAY2122-T110249.99,DELTA,31,24,46,1000,291,yes,11,-2000
2025-05-21T18:02:56.478188,KXBTCD-25MAY2122-T110249.99,DELTA,31,24,46,1000,292,yes,11,-1000
2025-05-21T18:02:56.498578,KXBTCD-25MAY2122-T110249.99,DELTA,38,100,46,1000,293,yes,38,100
2025-05-21T18:02:56.518564,KXBTCD-25MAY2122-T110249.99,DELTA,38,100,46,1000,294,yes,2,2000
2025-05-21T18:02:56.537884,KXBTCD-25MAY2122-T110249.99,DELTA,38,100,46,1000,295,yes,2,1000
2025-05-21T18:02:56.538380,KXBTCD-25MAY2122-T110249.99,DELTA,38,100,46,1000,296,no,53,-100
2025-05-21T18:02:56.578605,KXBTCD-25MAY2122-T110249.99,DELTA,38,100,46,1000,297,no,46,-9
2025-05-21T18:02:56.598853,KXBTCD-25MAY2122-T110249.99,DELTA,38,100,49,24,298,no,54,-1000
2025-05-21T18:02:56.657919,KXBTCD-25MAY2122-T110249.99,DELTA,38,100,49,24,299,no,31,1000
2025-05-21T18:02:57.221171,KXBTCD-25MAY2122-T110249.99,DELTA,31,24,49,24,300,yes,38,-100
2025-05-21T18:02:57.417455,KXBTCD-25MAY2122-T110249.99,DELTA,31,24,49,24,301,no,46,9
2025-05-21T18:02:57.418305,KXBTCD-25MAY2122-T110249.99,DELTA,31,24,49,24,302,yes,11,9
2025-05-21T18:02:57.419172,KXBTCD-25MAY2122-T110249.99,DELTA,31,24,49,24,303,yes,11,9
2025-05-21T18:02:57.419810,KXBTCD-25MAY2122-T110249.99,DELTA,31,24,49,24,304,yes,12,-9
2025-05-21T18:02:57.420354,KXBTCD-25MAY2122-T110249.99,DELTA,31,24,49,24,305,no,46,9
2025-05-21T18:02:57.597436,KXBTCD-25MAY2122-T110249.99,DELTA,33,24,49,24,306,yes,33,24
2025-05-21T18:02:57.597665,KXBTCD-25MAY2122-T110249.99,DELTA,33,24,49,24,307,no,50,24
2025-05-21T18:02:57.677316,KXBTCD-25MAY2122-T110249.99,DELTA,33,24,49,24,308,yes,31,-24
2025-05-21T18:02:57.736780,KXBTCD-25MAY2122-T110249.99,DELTA,33,24,50,24,309,no,51,-24
2025-05-21T18:02:57.777661,KXBTCD-25MAY2122-T110249.99,DELTA,33,24,50,24,310,no,46,-9
2025-05-21T18:02:57.777835,KXBTCD-25MAY2122-T110249.99,DELTA,33,24,49,9,311,no,51,9
2025-05-21T18:02:58.219493,KXBTCD-25MAY2122-T110249.99,DELTA,33,24,47,100,312,no,53,100
2025-05-21T18:02:58.220464,KXBTCD-25MAY2122-T110249.99,DELTA,39,100,47,100,313,yes,39,100
2025-05-21T18:02:58.278403,KXBTCD-25MAY2122-T110249.99,DELTA,39,100,47,100,314,no,31,-1000
2025-05-21T18:02:58.338390,KXBTCD-25MAY2122-T110249.99,DELTA,39,100,46,1000,315,no,54,1000
2025-05-21T18:02:58.357398,KXBTCD-25MAY2122-T110249.99,DELTA,39,100,46,1000,316,yes,11,-9
2025-05-21T18:02:58.377736,KXBTCD-25MAY2122-T110249.99,DELTA,39,100,46,1000,317,yes,11,-9
2025-05-21T18:02:58.396820,KXBTCD-25MAY2122-T110249.99,DELTA,39,100,46,1000,318,yes,10,200
2025-05-21T18:02:58.438471,KXBTCD-25MAY2122-T110249.99,DELTA,39,100,46,1000,319,no,51,-9
2025-05-21T18:02:58.498204,KXBTCD-25MAY2122-T110249.99,DELTA,39,100,46,1000,320,yes,2,-2000
2025-05-21T18:02:58.518735,KXBTCD-25MAY2122-T110249.99,DELTA,39,100,46,1000,321,yes,2,-1000
2025-05-21T18:02:58.519707,KXBTCD-25MAY2122-T110249.99,DELTA,39,100,46,1000,322,yes,34,9
2025-05-21T18:02:58.538171,KXBTCD-25MAY2122-T110249.99,DELTA,39,100,46,1000,323,no,53,-100
2025-05-21T18:02:58.579307,KXBTCD-25MAY2122-T110249.99,DELTA,39,100,46,1000,324,yes,11,1000
2025-05-21T18:02:58.580084,KXBTCD-25MAY2122-T110249.99,DELTA,39,100,46,1000,325,yes,11,2000
2025-05-21T18:02:58.599466,KXBTCD-25MAY2122-T110249.99,DELTA,39,100,50,24,326,no,54,-1000
2025-05-21T18:02:58.638987,KXBTCD-25MAY2122-T110249.99,DELTA,39,100,50,24,327,no,31,1000
2025-05-21T18:02:59.559449,KXBTCD-25MAY2122-T110249.99,DELTA,39,100,46,100,328,no,54,100
2025-05-21T18:02:59.618802,KXBTCD-25MAY2122-T110249.99,DELTA,39,100,46,100,329,no,31,-1000
2025-05-21T18:02:59.715943,KXBTCD-25MAY2122-T110249.99,DELTA,39,100,45,1000,330,no,55,1000
2025-05-21T18:03:00.878428,KXBTCD-25MAY2122-T110249.99,DELTA,39,100,45,1000,331,yes,10,-200
2025-05-21T18:03:00.979029,KXBTCD-25MAY2122-T110249.99,DELTA,39,100,45,1000,332,yes,11,-2000
2025-05-21T18:03:00.979406,KXBTCD-25MAY2122-T110249.99,DELTA,39,100,45,1000,333,yes,11,-1000
2025-05-21T18:03:00.998159,KXBTCD-25MAY2122-T110249.99,DELTA,39,100,45,1000,334,no,46,-9
2025-05-21T18:03:01.040442,KXBTCD-25MAY2122-T110249.99,DELTA,39,100,45,1000,335,yes,2,1000
2025-05-21T18:03:01.079582,KXBTCD-25MAY2122-T110249.99,DELTA,39,100,45,1000,336,yes,2,2000
2025-05-21T18:03:01.478787,KXBTCD-25MAY2122-T110249.99,DELTA,39,100,45,1000,337,no,54,-100
2025-05-21T18:03:01.498245,KXBTCD-25MAY2122-T110249.99,DELTA,34,9,45,1000,338,yes,39,-100
2025-05-21T18:03:01.558248,KXBTCD-25MAY2122-T110249.99,DELTA,34,9,50,24,339,no,55,-1000
2025-05-21T18:03:01.599443,KXBTCD-25MAY2122-T110249.99,DELTA,34,9,50,24,340,no,31,1000
2025-05-21T18:03:01.839350,KXBTCD-25MAY2122-T110249.99,DELTA,34,9,50,24,341,yes,1,-32400
2025-05-21T18:03:01.899420,KXBTCD-25MAY2122-T110249.99,DELTA,34,9,50,24,342,yes,2,-20000
2025-05-21T18:03:01.918385,KXBTCD-25MAY2122-T110249.99,DELTA,34,9,50,24,343,yes,2,-2000
2025-05-21T18:03:01.919111,KXBTCD-25MAY2122-T110249.99,DELTA,34,9,50,24,344,yes,2,-1000
2025-05-21T18:03:01.958282,KXBTCD-25MAY2122-T110249.99,DELTA,34,9,50,24,345,no,46,9
2025-05-21T18:03:01.959172,KXBTCD-25MAY2122-T110249.99,DELTA,33,24,50,24,346,yes,34,-9
2025-05-21T18:03:01.959808,KXBTCD-25MAY2122-T110249.99,DELTA,33,24,50,24,347,yes,11,9
2025-05-21T18:03:02.179402,KXBTCD-25MAY2122-T110249.99,DELTA,33,24,50,24,348,yes,10,200
2025-05-21T18:03:02.339698,KXBTCD-25MAY2122-T110249.99,DELTA,33,24,50,24,349,yes,11,2000
2025-05-21T18:03:02.340585,KXBTCD-25MAY2122-T110249.99,DELTA,33,24,50,24,350,yes,11,1000
2025-05-21T18:03:03.039198,KXBTCD-25MAY2122-T110249.99,DELTA,38,100,50,24,351,yes,38,100
2025-05-21T18:03:03.059192,KXBTCD-25MAY2122-T110249.99,DELTA,38,100,46,100,352,no,54,100
2025-05-21T18:03:03.059500,KXBTCD-25MAY2122-T110249.99,DELTA,38,100,46,100,353,yes,33,-24
2025-05-21T18:03:03.059866,KXBTCD-25MAY2122-T110249.99,DELTA,38,100,46,100,354,yes,31,24
2025-05-21T18:03:03.060454,KXBTCD-25MAY2122-T110249.99,DELTA,38,100,46,100,355,no,50,-24
2025-05-21T18:03:03.078830,KXBTCD-25MAY2122-T110249.99,DELTA,38,100,46,100,356,no,52,24
2025-05-21T18:03:03.139535,KXBTCD-25MAY2122-T110249.99,DELTA,38,100,46,100,357,no,31,-1000
2025-05-21T18:03:03.180218,KXBTCD-25MAY2122-T110249.99,DELTA,38,100,46,100,358,yes,11,-9
2025-05-21T18:03:03.199452,KXBTCD-25MAY2122-T110249.99,DELTA,38,100,45,1000,359,no,55,1000
2025-05-21T18:03:03.199995,KXBTCD-25MAY2122-T110249.99,DELTA,38,100,45,1000,360,yes,34,9
2025-05-21T18:03:03.459744,KXBTCD-25MAY2122-T110249.99,DELTA,38,100,45,1000,361,yes,10,-200
2025-05-21T18:03:03.479342,KXBTCD-25MAY2122-T110249.99,DELTA,38,100,45,1000,362,no,30,-200
2025-05-21T18:03:03.480045,KXBTCD-25MAY2122-T110249.99,DELTA,38,100,45,1000,363,no,40,200
2025-05-21T18:03:03.519753,KXBTCD-25MAY2122-T110249.99,DELTA,38,100,45,1000,364,yes,11,-2000
2025-05-21T18:03:03.538963,KXBTCD-25MAY2122-T110249.99,DELTA,38,100,45,1000,365,yes,11,-1000
2025-05-21T18:03:03.539854,KXBTCD-25MAY2122-T110249.99,DELTA,38,100,45,1000,366,no,31,-2000
2025-05-21T18:03:03.598752,KXBTCD-25MAY2122-T110249.99,DELTA,38,100,45,1000,367,no,41,2000
2025-05-21T18:03:03.659221,KXBTCD-25MAY2122-T110249.99,DELTA,38,100,45,1000,368,no,54,-100
2025-05-21T18:03:03.739633,KXBTCD-25MAY2122-T110249.99,DELTA,38,100,48,24,369,no,55,-1000
2025-05-21T18:03:03.815267,KXBTCD-25MAY2122-T110249.99,DELTA,38,100,48,24,370,no,41,1000
2025-05-21T18:03:03.901520,KXBTCD-25MAY2122-T110249.99,DELTA,38,100,48,24,371,yes,34,-9
2025-05-21T18:03:03.919096,KXBTCD-25MAY2122-T110249.99,DELTA,38,100,48,24,372,yes,32,9
2025-05-21T18:03:04.638558,KXBTCD-25MAY2122-T110249.99,DELTA,38,100,45,100,373,no,55,100
2025-05-21T18:03:04.718335,KXBTCD-25MAY2122-T110249.99,DELTA,38,100,45,100,374,no,41,-1000
2025-05-21T18:03:04.759448,KXBTCD-25MAY2122-T110249.99,DELTA,38,100,44,1000,375,no,56,1000
2025-05-21T18:03:05.739473,KXBTCD-25MAY2122-T110249.99,DELTA,38,100,44,1000,376,yes,30,24
2025-05-21T18:03:05.740063,KXBTCD-25MAY2122-T110249.99,DELTA,38,100,44,1000,377,yes,31,-24
2025-05-21T18:03:05.740522,KXBTCD-25MAY2122-T110249.99,DELTA,38,100,44,1000,378,no,52,-24
2025-05-21T18:03:05.740918,KXBTCD-25MAY2122-T110249.99,DELTA,38,100,44,1000,379,no,53,24
2025-05-21T18:03:05.837977,KXBTCD-25MAY2122-T110249.99,DELTA,38,100,44,1000,380,yes,32,-9
2025-05-21T18:03:05.859088,KXBTCD-25MAY2122-T110249.99,DELTA,38,100,44,1000,381,yes,31,9
2025-05-21T18:03:05.878737,KXBTCD-25MAY2122-T110249.99,DELTA,31,9,44,1000,382,yes,38,-100
2025-05-21T18:03:05.878903,KXBTCD-25MAY2122-T110249.99,DELTA,31,9,44,1000,383,no,46,-9
2025-05-21T18:03:05.879004,KXBTCD-25MAY2122-T110249.99,DELTA,31,9,44,1000,384,no,55,-100
2025-05-21T18:03:05.957917,KXBTCD-25MAY2122-T110249.99,DELTA,31,9,47,24,385,no,56,-1000
2025-05-21T18:03:05.998960,KXBTCD-25MAY2122-T110249.99,DELTA,31,9,47,24,386,no,41,1000
2025-05-21T18:03:07.159186,KXBTCD-25MAY2122-T110249.99,DELTA,35,100,47,24,387,yes,35,100
2025-05-21T18:03:07.160034,KXBTCD-25MAY2122-T110249.99,DELTA,35,100,43,100,388,no,57,100
2025-05-21T18:03:07.218438,KXBTCD-25MAY2122-T110249.99,DELTA,35,100,43,100,389,no,41,-1000
2025-05-21T18:03:07.259249,KXBTCD-25MAY2122-T110249.99,DELTA,35,100,42,1000,390,no,58,1000
2025-05-21T18:03:07.297750,KXBTCD-25MAY2122-T110249.99,DELTA,35,100,42,1000,391,no,46,9
2025-05-21T18:03:07.397644,KXBTCD-25MAY2122-T110249.99,DELTA,31,9,42,1000,392,yes,35,-100
2025-05-21T18:03:08.079392,KXBTCD-25MAY2122-T110249.99,DELTA,31,9,42,1000,393,no,57,-100
2025-05-21T18:03:08.139375,KXBTCD-25MAY2122-T110249.99,DELTA,31,9,47,24,394,no,58,-1000
2025-05-21T18:03:08.178288,KXBTCD-25MAY2122-T110249.99,DELTA,31,9,47,24,395,no,41,1000
2025-05-21T18:03:08.240332,KXBTCD-25MAY2122-T110249.99,DELTA,31,9,47,24,396,no,46,-9
2025-05-21T18:03:08.241293,KXBTCD-25MAY2122-T110249.99,DELTA,31,9,47,24,397,yes,11,9
2025-05-21T18:03:08.241855,KXBTCD-25MAY2122-T110249.99,DELTA,31,9,47,24,398,yes,11,9
2025-05-21T18:03:08.242314,KXBTCD-25MAY2122-T110249.99,DELTA,30,24,47,24,399,yes,31,-9
2025-05-21T18:03:08.242736,KXBTCD-25MAY2122-T110249.99,DELTA,30,24,41,9,400,no,59,9
2025-05-21T18:03:08.419606,KXBTCD-25MAY2122-T110249.99,DELTA,31,24,41,9,401,yes,31,24
2025-05-21T18:03:08.438396,KXBTCD-25MAY2122-T110249.99,DELTA,31,24,41,9,402,no,51,24
2025-05-21T18:03:08.458972,KXBTCD-25MAY2122-T110249.99,DELTA,31,24,41,9,403,yes,30,-24
2025-05-21T18:03:08.459462,KXBTCD-25MAY2122-T110249.99,DELTA,31,24,41,9,404,no,53,-24
2025-05-21T18:03:08.799018,KXBTCD-25MAY2122-T110249.99,DELTA,37,100,41,9,405,yes,37,100
2025-05-21T18:03:08.919118,KXBTCD-25MAY2122-T110249.99,DELTA,37,100,41,9,406,yes,11,-9
2025-05-21T18:03:08.940041,KXBTCD-25MAY2122-T110249.99,DELTA,37,100,49,24,407,no,59,-9
2025-05-21T18:03:09.039367,KXBTCD-25MAY2122-T110249.99,DELTA,37,100,49,24,408,yes,32,9
2025-05-21T18:03:09.039521,KXBTCD-25MAY2122-T110249.99,DELTA,37,100,49,24,409,no,46,9
2025-05-21T18:03:09.042031,KXBTCD-25MAY2122-T110249.99,DELTA,37,100,49,24,410,yes,11,-9
2025-05-21T18:03:09.418290,KXBTCD-25MAY2122-T110249.99,DELTA,37,100,45,100,411,no,55,100
2025-05-21T18:03:09.478994,KXBTCD-25MAY2122-T110249.99,DELTA,37,100,45,100,412,no,41,-1000
2025-05-21T18:03:09.538931,KXBTCD-25MAY2122-T110249.99,DELTA,37,100,44,1000,413,no,56,1000
2025-05-21T18:03:09.738427,KXBTCD-25MAY2122-T110249.99,DELTA,37,100,44,1000,414,yes,10,200
2025-05-21T18:03:09.813385,KXBTCD-25MAY2122-T110249.99,DELTA,37,100,44,1000,415,no,40,-200
2025-05-21T18:03:09.814130,KXBTCD-25MAY2122-T110249.99,DELTA,37,100,44,1000,416,no,30,200
2025-05-21T18:03:09.816868,KXBTCD-25MAY2122-T110249.99,DELTA,37,100,44,1000,417,yes,11,1000
2025-05-21T18:03:09.817460,KXBTCD-25MAY2122-T110249.99,DELTA,37,100,44,1000,418,yes,11,2000
2025-05-21T18:03:09.914307,KXBTCD-25MAY2122-T110249.99,DELTA,37,100,44,1000,419,no,46,-9
2025-05-21T18:03:09.915295,KXBTCD-25MAY2122-T110249.99,DELTA,37,100,44,1000,420,no,41,-2000
2025-05-21T18:03:09.938354,KXBTCD-25MAY2122-T110249.99,DELTA,37,100,44,1000,421,no,31,2000
2025-05-21T18:03:10.081434,KXBTCD-25MAY2122-T110249.99,DELTA,32,9,44,1000,422,yes,37,-100
2025-05-21T18:03:11.158684,KXBTCD-25MAY2122-T110249.99,DELTA,33,24,44,1000,423,yes,33,24
2025-05-21T18:03:11.159560,KXBTCD-25MAY2122-T110249.99,DELTA,33,24,44,1000,424,yes,31,-24
2025-05-21T18:03:11.181378,KXBTCD-25MAY2122-T110249.99,DELTA,33,24,44,1000,425,no,50,24
2025-05-21T18:03:11.182088,KXBTCD-25MAY2122-T110249.99,DELTA,33,24,44,1000,426,no,51,-24
2025-05-21T18:03:11.298472,KXBTCD-25MAY2122-T110249.99,DELTA,33,24,44,1000,427,yes,32,-9
2025-05-21T18:03:11.299148,KXBTCD-25MAY2122-T110249.99,DELTA,33,24,44,1000,428,yes,12,9
2025-05-21T18:03:11.299843,KXBTCD-25MAY2122-T110249.99,DELTA,33,24,44,1000,429,yes,12,9
2025-05-21T18:03:11.300332,KXBTCD-25MAY2122-T110249.99,DELTA,33,24,43,9,430,no,57,9
2025-05-21T18:03:11.598267,KXBTCD-25MAY2122-T110249.99,DELTA,38,100,43,9,431,yes,38,100
2025-05-21T18:03:12.079943,KXBTCD-25MAY2122-T110249.99,DELTA,38,100,43,9,432,no,13,-2492
2025-05-21T18:03:13.079860,KXBTCD-25MAY2122-T110249.99,DELTA,33,24,43,9,433,yes,38,-100
2025-05-21T18:03:13.098776,KXBTCD-25MAY2122-T110249.99,DELTA,33,24,43,9,434,no,55,-100
2025-05-21T18:03:13.198715,KXBTCD-25MAY2122-T110249.99,DELTA,33,24,43,9,435,yes,12,-9
2025-05-21T18:03:13.199407,KXBTCD-25MAY2122-T110249.99,DELTA,33,24,43,9,436,no,56,-1000
2025-05-21T18:03:13.218625,KXBTCD-25MAY2122-T110249.99,DELTA,33,24,50,24,437,no,57,-9
2025-05-21T18:03:13.237611,KXBTCD-25MAY2122-T110249.99,DELTA,33,24,50,24,438,no,31,1000
2025-05-21T18:03:13.318334,KXBTCD-25MAY2122-T110249.99,DELTA,33,24,49,9,439,no,51,9
2025-05-21T18:03:13.318929,KXBTCD-25MAY2122-T110249.99,DELTA,33,24,49,9,440,yes,12,9
2025-05-21T18:03:13.361853,KXBTCD-25MAY2122-T110249.99,DELTA,33,24,49,9,441,no,46,9
2025-05-21T18:03:13.459656,KXBTCD-25MAY2122-T110249.99,DELTA,33,24,49,9,442,no,46,-9
2025-05-21T18:03:13.477977,KXBTCD-25MAY2122-T110249.99,DELTA,33,24,49,9,443,yes,12,-9
2025-05-21T18:03:13.598823,KXBTCD-25MAY2122-T110249.99,DELTA,33,24,49,9,444,yes,13,9
2025-05-21T18:03:13.599884,KXBTCD-25MAY2122-T110249.99,DELTA,33,24,49,9,445,yes,12,-9
2025-05-21T18:03:13.600679,KXBTCD-25MAY2122-T110249.99,DELTA,33,24,49,9,446,yes,13,9
2025-05-21T18:03:13.601219,KXBTCD-25MAY2122-T110249.99,DELTA,33,24,50,24,447,no,51,-9
2025-05-21T18:03:13.601725,KXBTCD-25MAY2122-T110249.99,DELTA,33,24,50,24,448,no,46,9
2025-05-21T18:03:13.602212,KXBTCD-25MAY2122-T110249.99,DELTA,33,24,50,24,449,no,46,9
2025-05-21T18:03:13.618332,KXBTCD-25MAY2122-T110249.99,DELTA,35,24,50,24,450,yes,35,24
2025-05-21T18:03:13.618993,KXBTCD-25MAY2122-T110249.99,DELTA,35,24,50,24,451,yes,33,-24
2025-05-21T18:03:13.619528,KXBTCD-25MAY2122-T110249.99,DELTA,35,24,50,24,452,no,48,24
2025-05-21T18:03:13.639361,KXBTCD-25MAY2122-T110249.99,DELTA,35,24,52,24,453,no,50,-24
2025-05-21T18:03:13.697925,KXBTCD-25MAY2122-T110249.99,DELTA,35,24,52,24,454,no,45,-3000
2025-05-21T18:03:13.698511,KXBTCD-25MAY2122-T110249.99,DELTA,35,24,52,24,455,no,46,-9
2025-05-21T18:03:13.698898,KXBTCD-25MAY2122-T110249.99,DELTA,35,24,52,24,456,yes,13,-9
2025-05-21T18:03:13.737309,KXBTCD-25MAY2122-T110249.99,DELTA,35,24,52,24,457,no,37,3000
2025-05-21T18:03:13.799327,KXBTCD-25MAY2122-T110249.99,DELTA,35,24,52,24,458,yes,13,-9
2025-05-21T18:03:13.799955,KXBTCD-25MAY2122-T110249.99,DELTA,35,24,52,24,459,yes,14,9
2025-05-21T18:03:13.800380,KXBTCD-25MAY2122-T110249.99,DELTA,35,24,52,24,460,yes,14,9
2025-05-21T18:03:13.818130,KXBTCD-25MAY2122-T110249.99,DELTA,35,24,52,24,461,no,46,-9
2025-05-21T18:03:13.818763,KXBTCD-25MAY2122-T110249.99,DELTA,35,24,52,24,462,no,47,9
2025-05-21T18:03:13.898734,KXBTCD-25MAY2122-T110249.99,DELTA,35,24,52,24,463,yes,1,32400
2025-05-21T18:03:14.015007,KXBTCD-25MAY2122-T110249.99,DELTA,35,24,52,24,464,yes,2,20000
2025-05-21T18:03:14.017153,KXBTCD-25MAY2122-T110249.99,DELTA,39,100,52,24,465,yes,39,100
2025-05-21T18:03:14.018041,KXBTCD-25MAY2122-T110249.99,DELTA,39,100,52,24,466,no,13,2492
2025-05-21T18:03:14.018620,KXBTCD-25MAY2122-T110249.99,DELTA,39,100,47,100,467,no,53,100
2025-05-21T18:03:14.059969,KXBTCD-25MAY2122-T110249.99,DELTA,39,100,47,100,468,no,31,-1000
2025-05-21T18:03:14.140242,KXBTCD-25MAY2122-T110249.99,DELTA,39,100,46,1000,469,no,54,1000
2025-05-21T18:03:14.258720,KXBTCD-25MAY2122-T110249.99,DELTA,39,100,46,1000,470,no,47,-9
2025-05-21T18:03:14.523149,KXBTCD-25MAY2122-T110249.99,DELTA,39,100,46,1000,471,yes,14,-9
2025-05-21T18:03:14.800014,KXBTCD-25MAY2122-T110249.99,DELTA,39,100,46,1000,472,yes,12,9
2025-05-21T18:03:14.801048,KXBTCD-25MAY2122-T110249.99,DELTA,39,100,46,1000,473,yes,14,-9
2025-05-21T18:03:14.919810,KXBTCD-25MAY2122-T110249.99,DELTA,35,24,46,1000,474,yes,39,-100
2025-05-21T18:03:15.220174,KXBTCD-25MAY2122-T110249.99,DELTA,35,24,46,1000,475,no,12,-8000
2025-05-21T18:03:15.298570,KXBTCD-25MAY2122-T110249.99,DELTA,12,9,46,1000,476,yes,35,-24
2025-05-21T18:03:15.299432,KXBTCD-25MAY2122-T110249.99,DELTA,36,24,46,1000,477,yes,36,24
2025-05-21T18:03:15.399318,KXBTCD-25MAY2122-T110249.99,DELTA,36,24,46,1000,478,no,1,8000
2025-05-21T18:03:15.400728,KXBTCD-25MAY2122-T110249.99,DELTA,36,24,46,1000,479,no,48,-24
2025-05-21T18:03:15.401435,KXBTCD-25MAY2122-T110249.99,DELTA,36,24,46,1000,480,no,46,24
2025-05-21T18:03:15.419728,KXBTCD-25MAY2122-T110249.99,DELTA,36,24,45,9,481,no,55,9
2025-05-21T18:03:15.420384,KXBTCD-25MAY2122-T110249.99,DELTA,36,24,45,9,482,yes,12,9
2025-05-21T18:03:15.520013,KXBTCD-25MAY2122-T110249.99,DELTA,36,24,45,9,483,yes,1,-32400
2025-05-21T18:03:15.703441,KXBTCD-25MAY2122-T110249.99,DELTA,36,24,45,9,484,yes,12,-9
2025-05-21T18:03:15.704354,KXBTCD-25MAY2122-T110249.99,DELTA,36,24,45,9,485,no,13,-2492
2025-05-21T18:03:15.705115,KXBTCD-25MAY2122-T110249.99,DELTA,36,24,45,9,486,no,4,8100
2025-05-21T18:03:15.705722,KXBTCD-25MAY2122-T110249.99,DELTA,36,24,45,9,487,yes,2,-20000
2025-05-21T18:03:15.817845,KXBTCD-25MAY2122-T110249.99,DELTA,36,24,45,9,488,no,5,20000
2025-05-21T18:03:15.818881,KXBTCD-25MAY2122-T110249.99,DELTA,36,24,45,9,489,yes,13,9
2025-05-21T18:03:16.219151,KXBTCD-25MAY2122-T110249.99,DELTA,36,24,45,9,490,yes,13,-9
2025-05-21T18:03:16.219527,KXBTCD-25MAY2122-T110249.99,DELTA,36,24,45,9,491,yes,12,9
2025-05-21T18:03:16.220084,KXBTCD-25MAY2122-T110249.99,DELTA,36,24,45,9,492,no,53,-100
2025-05-21T18:03:16.317426,KXBTCD-25MAY2122-T110249.99,DELTA,36,24,45,9,493,no,54,-1000
2025-05-21T18:03:16.399886,KXBTCD-25MAY2122-T110249.99,DELTA,39,24,45,9,494,yes,39,24
2025-05-21T18:03:16.400547,KXBTCD-25MAY2122-T110249.99,DELTA,39,24,45,9,495,yes,36,-24
2025-05-21T18:03:16.401534,KXBTCD-25MAY2122-T110249.99,DELTA,39,24,45,9,496,no,31,1000
2025-05-21T18:03:16.418952,KXBTCD-25MAY2122-T110249.99,DELTA,39,24,45,9,497,no,46,-24
2025-05-21T18:03:16.419434,KXBTCD-25MAY2122-T110249.99,DELTA,39,24,45,9,498,no,44,24
2025-05-21T18:03:16.504946,KXBTCD-25MAY2122-T110249.99,DELTA,39,24,45,9,499,yes,10,-200
2025-05-21T18:03:16.505567,KXBTCD-25MAY2122-T110249.99,DELTA,39,24,45,9,500,yes,20,200
2025-05-21T18:03:16.620628,KXBTCD-25MAY2122-T110249.99,DELTA,39,24,45,9,501,yes,11,-2000
2025-05-21T18:03:16.699174,KXBTCD-25MAY2122-T110249.99,DELTA,39,24,45,9,502,yes,11,-1000
2025-05-21T18:03:16.799257,KXBTCD-25MAY2122-T110249.99,DELTA,39,24,45,9,503,yes,21,2000
2025-05-21T18:03:16.800072,KXBTCD-25MAY2122-T110249.99,DELTA,39,24,45,9,504,yes,21,1000
2025-05-21T18:03:16.919882,KXBTCD-25MAY2122-T110249.99,DELTA,39,24,45,9,505,yes,12,-9
2025-05-21T18:03:16.920498,KXBTCD-25MAY2122-T110249.99,DELTA,39,24,45,9,506,yes,21,9
2025-05-21T18:03:16.921048,KXBTCD-25MAY2122-T110249.99,DELTA,39,24,56,24,507,no,55,-9
2025-05-21T18:03:16.921534,KXBTCD-25MAY2122-T110249.99,DELTA,39,24,56,24,508,no,38,9
2025-05-21T18:03:17.317339,KXBTCD-25MAY2122-T110249.99,DELTA,39,24,56,24,509,no,4,-8100
2025-05-21T18:03:17.318480,KXBTCD-25MAY2122-T110249.99,DELTA,39,24,56,24,510,no,6,5400
2025-05-21T18:03:17.399133,KXBTCD-25MAY2122-T110249.99,DELTA,43,100,56,24,511,yes,43,100
2025-05-21T18:03:17.400054,KXBTCD-25MAY2122-T110249.99,DELTA,43,100,56,24,512,no,5,-20000
2025-05-21T18:03:17.498660,KXBTCD-25MAY2122-T110249.99,DELTA,43,100,56,24,513,yes,22,9
2025-05-21T18:03:17.499526,KXBTCD-25MAY2122-T110249.99,DELTA,43,100,56,24,514,no,7,20000
2025-05-21T18:03:17.500282,KXBTCD-25MAY2122-T110249.99,DELTA,43,100,56,24,515,yes,12,-9
2025-05-21T18:03:17.501524,KXBTCD-25MAY2122-T110249.99,DELTA,43,100,56,24,516,no,38,9
2025-05-21T18:03:17.502109,KXBTCD-25MAY2122-T110249.99,DELTA,43,100,56,24,517,yes,21,-9
2025-05-21T18:03:17.502585,KXBTCD-25MAY2122-T110249.99,DELTA,43,100,56,24,518,yes,22,9
2025-05-21T18:03:18.679477,KXBTCD-25MAY2122-T110249.99,DELTA,43,100,56,24,519,no,6,-5400
2025-05-21T18:03:18.680135,KXBTCD-25MAY2122-T110249.99,DELTA,43,100,56,24,520,no,8,4050
2025-05-21T18:03:18.739428,KXBTCD-25MAY2122-T110249.99,DELTA,43,100,56,24,521,no,7,-20000
2025-05-21T18:03:18.798564,KXBTCD-25MAY2122-T110249.99,DELTA,43,100,56,24,522,yes,22,-9
2025-05-21T18:03:18.799676,KXBTCD-25MAY2122-T110249.99,DELTA,43,100,56,24,523,no,9,20000
2025-05-21T18:03:18.817859,KXBTCD-25MAY2122-T110249.99,DELTA,43,100,56,24,524,no,38,-9
2025-05-21T18:03:18.879529,KXBTCD-25MAY2122-T110249.99,DELTA,43,100,51,100,525,no,49,100
2025-05-21T18:03:18.937476,KXBTCD-25MAY2122-T110249.99,DELTA,43,100,51,100,526,no,31,-1000
2025-05-21T18:03:18.978782,KXBTCD-25MAY2122-T110249.99,DELTA,43,100,50,1000,527,no,50,1000
2025-05-21T18:03:19.739703,KXBTCD-25MAY2122-T110249.99,DELTA,43,100,50,1000,528,no,8,-4050
2025-05-21T18:03:19.740715,KXBTCD-25MAY2122-T110249.99,DELTA,43,100,50,1000,529,no,10,3240
2025-05-21T18:03:19.799744,KXBTCD-25MAY2122-T110249.99,DELTA,43,100,50,1000,530,no,9,-20000
2025-05-21T18:03:19.838819,KXBTCD-25MAY2122-T110249.99,DELTA,43,100,50,1000,531,no,11,20000
2025-05-21T18:03:19.839995,KXBTCD-25MAY2122-T110249.99,DELTA,43,100,50,1000,532,no,38,-9
2025-05-21T18:03:20.180942,KXBTCD-25MAY2122-T110249.99,DELTA,43,100,50,1000,533,yes,40,24
2025-05-21T18:03:20.181906,KXBTCD-25MAY2122-T110249.99,DELTA,43,100,50,1000,534,yes,39,-24
2025-05-21T18:03:20.182693,KXBTCD-25MAY2122-T110249.99,DELTA,43,100,50,1000,535,no,44,-24
2025-05-21T18:03:20.183440,KXBTCD-25MAY2122-T110249.99,DELTA,43,100,50,1000,536,no,42,24
2025-05-21T18:03:21.097879,KXBTCD-25MAY2122-T110249.99,DELTA,40,24,50,1000,537,yes,43,-100
2025-05-21T18:03:21.227387,KXBTCD-25MAY2122-T110249.99,DELTA,40,24,50,1000,538,yes,22,9
2025-05-21T18:03:21.228099,KXBTCD-25MAY2122-T110249.99,DELTA,40,24,49,9,539,no,51,9
2025-05-21T18:03:21.640223,KXBTCD-25MAY2122-T110249.99,DELTA,40,24,49,9,540,yes,10,-3000
2025-05-21T18:03:21.699681,KXBTCD-25MAY2122-T110249.99,DELTA,40,24,49,9,541,no,37,-3000
2025-05-21T18:03:21.728489,KXBTCD-25MAY2122-T110249.99,DELTA,40,24,49,9,542,yes,19,3000
2025-05-21T18:03:21.779124,KXBTCD-25MAY2122-T110249.99,DELTA,40,24,49,9,543,no,29,3000
2025-05-21T18:03:21.980279,KXBTCD-25MAY2122-T110249.99,DELTA,22,18,49,9,544,yes,40,-24
2025-05-21T18:03:21.981397,KXBTCD-25MAY2122-T110249.99,DELTA,42,24,49,9,545,yes,42,24
2025-05-21T18:03:21.982215,KXBTCD-25MAY2122-T110249.99,DELTA,42,24,49,9,546,no,42,-24
2025-05-21T18:03:21.982966,KXBTCD-25MAY2122-T110249.99,DELTA,42,24,49,9,547,no,41,24
2025-05-21T18:03:22.439460,KXBTCD-25MAY2122-T110249.99,DELTA,44,24,49,9,548,yes,44,24
2025-05-21T18:03:22.440916,KXBTCD-25MAY2122-T110249.99,DELTA,44,24,49,9,549,yes,42,-24
2025-05-21T18:03:22.458195,KXBTCD-25MAY2122-T110249.99,DELTA,44,24,49,9,550,no,39,24
2025-05-21T18:03:22.459834,KXBTCD-25MAY2122-T110249.99,DELTA,44,24,49,9,551,no,41,-24
2025-05-21T18:03:22.578324,KXBTCD-25MAY2122-T110249.99,DELTA,44,24,49,9,552,no,49,-100
2025-05-21T18:03:22.598456,KXBTCD-25MAY2122-T110249.99,DELTA,44,24,49,9,553,yes,22,-9
2025-05-21T18:03:22.598589,KXBTCD-25MAY2122-T110249.99,DELTA,44,24,50,1000,554,no,51,-9
2025-05-21T18:03:22.638109,KXBTCD-25MAY2122-T110249.99,DELTA,44,24,61,24,555,no,50,-1000
2025-05-21T18:03:22.677938,KXBTCD-25MAY2122-T110249.99,DELTA,44,24,61,24,556,no,31,1000
2025-05-21T18:03:23.319185,KXBTCD-25MAY2122-T110249.99,DELTA,46,100,61,24,557,yes,46,100
2025-05-21T18:03:23.438741,KXBTCD-25MAY2122-T110249.99,DELTA,47,9,61,24,558,yes,47,9
2025-05-21T18:03:23.459388,KXBTCD-25MAY2122-T110249.99,DELTA,47,9,61,24,559,no,32,9
2025-05-21T18:03:23.478645,KXBTCD-25MAY2122-T110249.99,DELTA,47,9,61,24,560,no,32,9
2025-05-21T18:03:24.119386,KXBTCD-25MAY2122-T110249.99,DELTA,47,9,55,100,561,no,45,100
2025-05-21T18:03:24.179629,KXBTCD-25MAY2122-T110249.99,DELTA,47,9,55,100,562,no,31,-1000
2025-05-21T18:03:24.220099,KXBTCD-25MAY2122-T110249.99,DELTA,47,9,54,1000,563,no,46,1000
2025-05-21T18:03:24.258562,KXBTCD-25MAY2122-T110249.99,DELTA,47,9,54,1000,564,no,32,-9
2025-05-21T18:03:24.278284,KXBTCD-25MAY2122-T110249.99,DELTA,47,9,54,1000,565,no,32,-9
2025-05-21T18:03:24.278508,KXBTCD-25MAY2122-T110249.99,DELTA,46,100,54,1000,566,yes,47,-9
2025-05-21T18:03:24.278605,KXBTCD-25MAY2122-T110249.99,DELTA,46,100,54,1000,567,no,40,9
2025-05-21T18:03:24.639873,KXBTCD-25MAY2122-T110249.99,DELTA,46,100,54,1000,568,no,45,-100
2025-05-21T18:03:24.699416,KXBTCD-25MAY2122-T110249.99,DELTA,46,100,60,9,569,no,46,-1000
2025-05-21T18:03:24.738932,KXBTCD-25MAY2122-T110249.99,DELTA,46,100,60,9,570,no,31,1000
2025-05-21T18:03:25.321370,KXBTCD-25MAY2122-T110249.99,DELTA,46,100,55,100,571,no,45,100
2025-05-21T18:03:25.379697,KXBTCD-25MAY2122-T110249.99,DELTA,46,100,55,100,572,no,31,-1000
2025-05-21T18:03:25.419329,KXBTCD-25MAY2122-T110249.99,DELTA,46,100,54,1000,573,no,46,1000
2025-05-21T18:03:25.579961,KXBTCD-25MAY2122-T110249.99,DELTA,46,100,54,1000,574,no,45,-100
2025-05-21T18:03:25.640654,KXBTCD-25MAY2122-T110249.99,DELTA,46,100,60,9,575,no,46,-1000
2025-05-21T18:03:25.699581,KXBTCD-25MAY2122-T110249.99,DELTA,46,100,60,9,576,no,31,1000
2025-05-21T18:03:26.599768,KXBTCD-25MAY2122-T110249.99,DELTA,46,100,60,9,577,no,10,-3240
2025-05-21T18:03:26.600360,KXBTCD-25MAY2122-T110249.99,DELTA,46,100,60,9,578,no,12,2700
2025-05-21T18:03:26.699449,KXBTCD-25MAY2122-T110249.99,DELTA,46,100,60,9,579,no,11,-20000
2025-05-21T18:03:26.718299,KXBTCD-25MAY2122-T110249.99,DELTA,47,9,60,9,580,yes,47,9
2025-05-21T18:03:26.718706,KXBTCD-25MAY2122-T110249.99,DELTA,47,9,54,100,581,no,46,100
2025-05-21T18:03:26.719334,KXBTCD-25MAY2122-T110249.99,DELTA,47,9,54,100,582,no,40,-9
2025-05-21T18:03:26.719646,KXBTCD-25MAY2122-T110249.99,DELTA,47,9,54,100,583,no,32,9
2025-05-21T18:03:26.738364,KXBTCD-25MAY2122-T110249.99,DELTA,47,9,54,100,584,no,32,9
2025-05-21T18:03:26.778582,KXBTCD-25MAY2122-T110249.99,DELTA,47,9,54,100,585,no,31,-1000
2025-05-21T18:03:26.839752,KXBTCD-25MAY2122-T110249.99,DELTA,47,9,53,1000,586,no,47,1000
2025-05-21T18:03:27.359478,KXBTCD-25MAY2122-T110249.99,DELTA,47,9,53,1000,587,yes,42,24
2025-05-21T18:03:27.360589,KXBTCD-25MAY2122-T110249.99,DELTA,47,9,53,1000,588,yes,44,-24
2025-05-21T18:03:27.361362,KXBTCD-25MAY2122-T110249.99,DELTA,47,9,53,1000,589,no,41,24
2025-05-21T18:03:27.362071,KXBTCD-25MAY2122-T110249.99,DELTA,47,9,53,1000,590,no,39,-24
2025-05-21T18:03:27.479508,KXBTCD-25MAY2122-T110249.99,DELTA,46,100,53,1000,591,yes,47,-9
2025-05-21T18:03:27.498625,KXBTCD-25MAY2122-T110249.99,DELTA,46,100,53,1000,592,no,32,-9
2025-05-21T18:03:27.499299,KXBTCD-25MAY2122-T110249.99,DELTA,46,100,53,1000,593,no,32,-9
2025-05-21T18:03:27.718990,KXBTCD-25MAY2122-T110249.99,DELTA,46,100,53,1000,594,yes,40,24
2025-05-21T18:03:27.719138,KXBTCD-25MAY2122-T110249.99,DELTA,46,100,53,1000,595,yes,42,-24
2025-05-21T18:03:27.739812,KXBTCD-25MAY2122-T110249.99,DELTA,46,100,53,1000,596,no,41,-24
2025-05-21T18:03:27.739942,KXBTCD-25MAY2122-T110249.99,DELTA,46,100,53,1000,597,no,43,24
2025-05-21T18:03:27.838598,KXBTCD-25MAY2122-T110249.99,DELTA,46,100,53,1000,598,no,46,-100
2025-05-21T18:03:27.899600,KXBTCD-25MAY2122-T110249.99,DELTA,46,100,57,24,599,no,47,-1000
2025-05-21T18:03:27.938793,KXBTCD-25MAY2122-T110249.99,DELTA,46,100,57,24,600,no,31,1000
2025-05-21T18:03:28.578798,KXBTCD-25MAY2122-T110249.99,DELTA,40,24,57,24,601,yes,46,-100
2025-05-21T18:03:28.699729,KXBTCD-25MAY2122-T110249.99,DELTA,40,24,57,24,602,no,32,9
2025-05-21T18:03:28.700800,KXBTCD-25MAY2122-T110249.99,DELTA,40,24,57,24,603,yes,22,9
2025-05-21T18:03:28.701613,KXBTCD-25MAY2122-T110249.99,DELTA,40,24,57,24,604,no,32,9
2025-05-21T18:03:29.016669,KXBTCD-25MAY2122-T110249.99,DELTA,40,24,52,100,605,no,48,100
2025-05-21T18:03:29.018011,KXBTCD-25MAY2122-T110249.99,DELTA,40,24,52,100,606,no,31,-1000
2025-05-21T18:03:29.078375,KXBTCD-25MAY2122-T110249.99,DELTA,40,24,51,1000,607,no,49,1000
2025-05-21T18:03:29.158530,KXBTCD-25MAY2122-T110249.99,DELTA,40,24,51,1000,608,no,12,-2700
2025-05-21T18:03:29.159224,KXBTCD-25MAY2122-T110249.99,DELTA,40,24,51,1000,609,no,4,8100
2025-05-21T18:03:29.178268,KXBTCD-25MAY2122-T110249.99,DELTA,40,24,51,1000,610,no,32,-9
2025-05-21T18:03:29.178829,KXBTCD-25MAY2122-T110249.99,DELTA,40,24,51,1009,611,no,49,9
2025-05-21T18:03:29.218589,KXBTCD-25MAY2122-T110249.99,DELTA,40,24,51,1009,612,no,5,20000
2025-05-21T18:03:29.297389,KXBTCD-25MAY2122-T110249.99,DELTA,40,24,51,1009,613,no,48,-100
2025-05-21T18:03:29.359155,KXBTCD-25MAY2122-T110249.99,DELTA,40,24,51,9,614,no,49,-1000
2025-05-21T18:03:29.398488,KXBTCD-25MAY2122-T110249.99,DELTA,40,24,51,9,615,no,31,1000
2025-05-21T18:03:29.558760,KXBTCD-25MAY2122-T110249.99,DELTA,43,100,51,9,616,yes,43,100
2025-05-21T18:03:29.679552,KXBTCD-25MAY2122-T110249.99,DELTA,43,100,51,9,617,yes,22,-9
2025-05-21T18:03:29.680480,KXBTCD-25MAY2122-T110249.99,DELTA,44,9,51,9,618,yes,44,9
2025-05-21T18:03:29.681131,KXBTCD-25MAY2122-T110249.99,DELTA,44,9,57,24,619,no,49,-9
2025-05-21T18:03:29.681606,KXBTCD-25MAY2122-T110249.99,DELTA,44,9,57,24,620,no,32,9
2025-05-21T18:03:30.278435,KXBTCD-25MAY2122-T110249.99,DELTA,44,9,51,100,621,no,49,100
2025-05-21T18:03:30.338508,KXBTCD-25MAY2122-T110249.99,DELTA,44,9,51,100,622,no,31,-1000
2025-05-21T18:03:30.399656,KXBTCD-25MAY2122-T110249.99,DELTA,44,9,50,1000,623,no,50,1000
2025-05-21T18:03:30.438601,KXBTCD-25MAY2122-T110249.99,DELTA,43,100,50,1000,624,yes,44,-9
2025-05-21T18:03:30.439409,KXBTCD-25MAY2122-T110249.99,DELTA,43,100,50,1000,625,no,32,-9
2025-05-21T18:03:30.440010,KXBTCD-25MAY2122-T110249.99,DELTA,43,100,50,1000,626,no,44,9
2025-05-21T18:03:30.458576,KXBTCD-25MAY2122-T110249.99,DELTA,43,100,50,1000,627,no,32,-9
2025-05-21T18:03:33.199474,KXBTCD-25MAY2122-T110249.99,DELTA,43,100,50,1000,628,no,4,-8100
2025-05-21T18:03:33.200048,KXBTCD-25MAY2122-T110249.99,DELTA,43,100,50,1000,629,no,6,5400
2025-05-21T18:03:33.263007,KXBTCD-25MAY2122-T110249.99,DELTA,43,100,50,1000,630,no,5,-20000
2025-05-21T18:03:33.299512,KXBTCD-25MAY2122-T110249.99,DELTA,43,100,50,1000,631,no,7,20000
2025-05-21T18:03:33.320992,KXBTCD-25MAY2122-T110249.99,DELTA,43,100,50,1000,632,no,44,-9
2025-05-21T18:03:33.518545,KXBTCD-25MAY2122-T110249.99,DELTA,40,24,50,1000,633,yes,43,-100
2025-05-21T18:03:34.940014,KXBTCD-25MAY2122-T110249.99,DELTA,44,100,50,1000,634,yes,44,100
2025-05-21T18:03:35.465583,KXBTCD-25MAY2122-T110249.99,DELTA,44,100,50,1000,635,no,6,-5400
2025-05-21T18:03:35.465791,KXBTCD-25MAY2122-T110249.99,DELTA,44,100,50,1000,636,no,8,4050
2025-05-21T18:03:35.498943,KXBTCD-25MAY2122-T110249.99,DELTA,44,100,50,1000,637,no,7,-20000
2025-05-21T18:03:35.559523,KXBTCD-25MAY2122-T110249.99,DELTA,44,100,50,1000,638,no,9,20000
2025-05-21T18:03:35.802664,KXBTCD-25MAY2122-T110249.99,DELTA,44,100,50,1000,639,yes,40,-24
2025-05-21T18:03:35.803295,KXBTCD-25MAY2122-T110249.99,DELTA,44,100,50,1000,640,yes,42,24
2025-05-21T18:03:35.818568,KXBTCD-25MAY2122-T110249.99,DELTA,44,100,50,1000,641,no,43,-24
2025-05-21T18:03:35.819232,KXBTCD-25MAY2122-T110249.99,DELTA,44,100,50,1000,642,no,41,24
2025-05-21T18:03:35.860926,KXBTCD-25MAY2122-T110249.99,DELTA,44,124,50,1000,643,yes,44,24
2025-05-21T18:03:35.878442,KXBTCD-25MAY2122-T110249.99,DELTA,44,124,50,1000,644,no,39,24
2025-05-21T18:03:35.878654,KXBTCD-25MAY2122-T110249.99,DELTA,44,124,50,1000,645,yes,42,-24
2025-05-21T18:03:35.898459,KXBTCD-25MAY2122-T110249.99,DELTA,44,124,50,1000,646,no,41,-24
2025-05-21T18:03:36.561246,KXBTCD-25MAY2122-T110249.99,DELTA,44,124,50,1000,647,no,8,-4050
2025-05-21T18:03:36.562082,KXBTCD-25MAY2122-T110249.99,DELTA,44,124,50,1000,648,no,10,3240
2025-05-21T18:03:36.621870,KXBTCD-25MAY2122-T110249.99,DELTA,44,124,50,1000,649,no,49,-100
2025-05-21T18:03:36.622939,KXBTCD-25MAY2122-T110249.99,DELTA,44,124,50,1000,650,no,9,-20000
2025-05-21T18:03:36.625366,KXBTCD-25MAY2122-T110249.99,DELTA,44,24,50,1000,651,yes,44,-100
2025-05-21T18:03:36.669599,KXBTCD-25MAY2122-T110249.99,DELTA,44,24,50,1000,652,no,11,20000
2025-05-21T18:03:36.678587,KXBTCD-25MAY2122-T110249.99,DELTA,44,24,61,24,653,no,50,-1000
2025-05-21T18:03:36.720724,KXBTCD-25MAY2122-T110249.99,DELTA,44,24,61,24,654,no,31,1000
2025-05-21T18:03:36.881575,KXBTCD-25MAY2122-T110249.99,DELTA,46,24,61,24,655,yes,46,24
2025-05-21T18:03:36.882027,KXBTCD-25MAY2122-T110249.99,DELTA,46,24,61,24,656,yes,44,-24
2025-05-21T18:03:36.882254,KXBTCD-25MAY2122-T110249.99,DELTA,46,24,61,24,657,no,37,24
2025-05-21T18:03:36.898640,KXBTCD-25MAY2122-T110249.99,DELTA,46,24,63,24,658,no,39,-24
2025-05-21T18:03:36.998798,KXBTCD-25MAY2122-T110249.99,DELTA,46,24,63,24,659,yes,20,-200
2025-05-21T18:03:36.999822,KXBTCD-25MAY2122-T110249.99,DELTA,46,24,63,24,660,yes,30,200
2025-05-21T18:03:37.019756,KXBTCD-25MAY2122-T110249.99,DELTA,46,24,63,24,661,no,30,-200
2025-05-21T18:03:37.020579,KXBTCD-25MAY2122-T110249.99,DELTA,46,24,63,24,662,no,20,200
2025-05-21T18:03:37.059504,KXBTCD-25MAY2122-T110249.99,DELTA,46,24,63,24,663,yes,21,-2000
2025-05-21T18:03:37.060240,KXBTCD-25MAY2122-T110249.99,DELTA,46,24,63,24,664,yes,21,-1000
2025-05-21T18:03:37.079433,KXBTCD-25MAY2122-T110249.99,DELTA,46,24,63,24,665,no,31,-2000
2025-05-21T18:03:37.080342,KXBTCD-25MAY2122-T110249.99,DELTA,46,24,63,24,666,no,31,-1000
2025-05-21T18:03:37.114671,KXBTCD-25MAY2122-T110249.99,DELTA,46,24,63,24,667,yes,31,2000
2025-05-21T18:03:37.119330,KXBTCD-25MAY2122-T110249.99,DELTA,46,24,63,24,668,no,32,9
2025-05-21T18:03:37.119726,KXBTCD-25MAY2122-T110249.99,DELTA,46,24,63,24,669,yes,31,1000
2025-05-21T18:03:37.120195,KXBTCD-25MAY2122-T110249.99,DELTA,46,24,63,24,670,yes,31,9
2025-05-21T18:03:37.120993,KXBTCD-25MAY2122-T110249.99,DELTA,46,24,63,24,671,no,21,2000
2025-05-21T18:03:37.179041,KXBTCD-25MAY2122-T110249.99,DELTA,46,24,63,24,672,no,21,1000
2025-05-21T18:03:37.667691,KXBTCD-25MAY2122-T110249.99,DELTA,46,24,63,24,673,no,10,-3240
2025-05-21T18:03:37.667855,KXBTCD-25MAY2122-T110249.99,DELTA,46,24,63,24,674,no,4,8100
2025-05-21T18:03:37.686744,KXBTCD-25MAY2122-T110249.99,DELTA,46,24,56,100,675,no,44,100
2025-05-21T18:03:37.686948,KXBTCD-25MAY2122-T110249.99,DELTA,48,100,56,100,676,yes,48,100
2025-05-21T18:03:37.718027,KXBTCD-25MAY2122-T110249.99,DELTA,48,100,56,100,677,no,11,-20000
2025-05-21T18:03:37.759938,KXBTCD-25MAY2122-T110249.99,DELTA,48,100,56,100,678,no,5,20000
2025-05-21T18:03:37.760118,KXBTCD-25MAY2122-T110249.99,DELTA,48,100,56,100,679,no,21,-1000
2025-05-21T18:03:37.797961,KXBTCD-25MAY2122-T110249.99,DELTA,48,100,56,100,680,yes,22,-9
2025-05-21T18:03:37.798581,KXBTCD-25MAY2122-T110249.99,DELTA,48,100,56,100,681,no,32,-9
2025-05-21T18:03:37.798717,KXBTCD-25MAY2122-T110249.99,DELTA,48,100,56,100,682,no,30,9
2025-05-21T18:03:37.798840,KXBTCD-25MAY2122-T110249.99,DELTA,48,100,56,100,683,no,30,9
2025-05-21T18:03:37.798954,KXBTCD-25MAY2122-T110249.99,DELTA,48,100,56,100,684,yes,31,-9
2025-05-21T18:03:37.799063,KXBTCD-25MAY2122-T110249.99,DELTA,48,100,56,100,685,yes,32,9
2025-05-21T18:03:37.820069,KXBTCD-25MAY2122-T110249.99,DELTA,48,100,55,1000,686,no,45,1000
2025-05-21T18:03:37.820410,KXBTCD-25MAY2122-T110249.99,DELTA,48,100,55,1000,687,yes,32,9
2025-05-21T18:03:37.960909,KXBTCD-25MAY2122-T110249.99,DELTA,48,100,55,1000,688,no,1,-8000
2025-05-21T18:03:38.499538,KXBTCD-25MAY2122-T110249.99,DELTA,46,24,55,1000,689,yes,48,-100
2025-05-21T18:03:38.641318,KXBTCD-25MAY2122-T110249.99,DELTA,46,24,55,1000,690,no,30,-9
2025-05-21T18:03:38.642154,KXBTCD-25MAY2122-T110249.99,DELTA,46,24,55,1000,691,yes,32,-9
2025-05-21T18:03:38.642717,KXBTCD-25MAY2122-T110249.99,DELTA,46,24,55,1000,692,no,30,-9
2025-05-21T18:03:39.614949,KXBTCD-25MAY2122-T110249.99,DELTA,46,24,55,1000,693,no,20,-200
2025-05-21T18:03:39.615728,KXBTCD-25MAY2122-T110249.99,DELTA,46,24,55,1000,694,no,10,200
2025-05-21T18:03:39.616762,KXBTCD-25MAY2122-T110249.99,DELTA,46,24,55,1000,695,no,21,-2000
2025-05-21T18:03:39.638920,KXBTCD-25MAY2122-T110249.99,DELTA,46,24,55,1000,696,no,11,2000
2025-05-21T18:03:39.750428,KXBTCD-25MAY2122-T110249.99,DELTA,49,100,55,1000,697,yes,49,100
2025-05-21T18:03:41.038420,KXBTCD-25MAY2122-T110249.99,DELTA,49,100,55,1000,698,no,10,-200
2025-05-21T18:03:41.039469,KXBTCD-25MAY2122-T110249.99,DELTA,49,100,55,1000,699,no,20,200
2025-05-21T18:03:41.099176,KXBTCD-25MAY2122-T110249.99,DELTA,49,100,55,1000,700,no,11,-2000
2025-05-21T18:03:41.159024,KXBTCD-25MAY2122-T110249.99,DELTA,49,100,55,1000,701,no,21,2000
2025-05-21T18:03:41.180158,KXBTCD-25MAY2122-T110249.99,DELTA,49,100,55,1000,702,no,1,8000
2025-05-21T18:03:41.919072,KXBTCD-25MAY2122-T110249.99,DELTA,49,100,55,1000,703,no,4,-8100
2025-05-21T18:03:41.920046,KXBTCD-25MAY2122-T110249.99,DELTA,49,100,55,1000,704,no,6,5400
2025-05-21T18:03:41.980342,KXBTCD-25MAY2122-T110249.99,DELTA,49,100,55,1000,705,no,5,-20000
2025-05-21T18:03:42.019414,KXBTCD-25MAY2122-T110249.99,DELTA,49,100,55,1000,706,no,7,20000
2025-05-21T18:03:44.520224,KXBTCD-25MAY2122-T110249.99,DELTA,49,100,55,1000,707,no,6,-5400
2025-05-21T18:03:44.520870,KXBTCD-25MAY2122-T110249.99,DELTA,49,100,55,1000,708,no,4,8100
2025-05-21T18:03:44.577990,KXBTCD-25MAY2122-T110249.99,DELTA,49,100,55,1000,709,no,7,-20000
2025-05-21T18:03:44.619564,KXBTCD-25MAY2122-T110249.99,DELTA,49,100,55,1000,710,no,5,20000
2025-05-21T18:03:45.065642,KXBTCD-25MAY2122-T110249.99,DELTA,49,100,55,1000,711,yes,47,24
2025-05-21T18:03:45.066571,KXBTCD-25MAY2122-T110249.99,DELTA,49,100,55,1000,712,yes,46,-24
2025-05-21T18:03:45.067215,KXBTCD-25MAY2122-T110249.99,DELTA,49,100,55,1000,713,no,1,-8000
2025-05-21T18:03:45.067671,KXBTCD-25MAY2122-T110249.99,DELTA,49,100,55,1000,714,no,36,24
2025-05-21T18:03:45.068083,KXBTCD-25MAY2122-T110249.99,DELTA,49,100,55,1000,715,no,37,-24
2025-05-21T18:03:45.079824,KXBTCD-25MAY2122-T110249.99,DELTA,49,100,55,1000,716,no,5,-20000
2025-05-21T18:03:45.085337,KXBTCD-25MAY2122-T110249.99,DELTA,49,100,55,1000,717,yes,31,-1000
2025-05-21T18:03:45.085950,KXBTCD-25MAY2122-T110249.99,DELTA,49,100,55,1000,718,no,21,-2000
2025-05-21T18:03:45.086990,KXBTCD-25MAY2122-T110249.99,DELTA,49,100,55,1000,719,yes,31,-2000
2025-05-21T18:03:45.087618,KXBTCD-25MAY2122-T110249.99,DELTA,49,100,56,100,720,no,45,-1000
2025-05-21T18:03:45.177568,KXBTCD-25MAY2122-T110249.99,DELTA,49,124,56,100,721,yes,49,24
2025-05-21T18:03:45.178272,KXBTCD-25MAY2122-T110249.99,DELTA,49,124,56,100,722,yes,47,-24
2025-05-21T18:03:45.179071,KXBTCD-25MAY2122-T110249.99,DELTA,49,124,56,100,723,no,34,24
2025-05-21T18:03:45.179581,KXBTCD-25MAY2122-T110249.99,DELTA,49,124,56,100,724,no,36,-24
2025-05-21T18:03:45.198209,KXBTCD-25MAY2122-T110249.99,DELTA,49,124,56,100,725,no,20,-200
2025-05-21T18:03:45.198965,KXBTCD-25MAY2122-T110249.99,DELTA,49,124,56,100,726,no,10,200
2025-05-21T18:03:45.380146,KXBTCD-25MAY2122-T110249.99,DELTA,49,124,56,100,727,yes,19,-3000
2025-05-21T18:03:45.458705,KXBTCD-25MAY2122-T110249.99,DELTA,49,124,56,100,728,yes,26,3000
2025-05-21T18:03:45.506861,KXBTCD-25MAY2122-T110249.99,DELTA,49,124,56,100,729,no,11,2000
2025-05-21T18:03:45.507923,KXBTCD-25MAY2122-T110249.99,DELTA,49,124,56,100,730,yes,31,9
2025-05-21T18:03:45.508984,KXBTCD-25MAY2122-T110249.99,DELTA,49,124,56,100,731,no,35,9
2025-05-21T18:03:45.520522,KXBTCD-25MAY2122-T110249.99,DELTA,49,124,56,100,732,yes,32,-9
2025-05-21T18:03:45.644334,KXBTCD-25MAY2122-T110249.99,DELTA,49,24,56,100,733,yes,49,-100
2025-05-21T18:03:45.645011,KXBTCD-25MAY2122-T110249.99,DELTA,49,24,65,9,734,no,44,-100
2025-05-21T18:03:45.679686,KXBTCD-25MAY2122-T110249.99,DELTA,49,24,65,9,735,yes,1,8000
2025-05-21T18:03:45.680413,KXBTCD-25MAY2122-T110249.99,DELTA,49,1024,65,9,736,yes,49,1000
2025-05-21T18:03:45.744296,KXBTCD-25MAY2122-T110249.99,DELTA,49,24,65,9,737,yes,49,-1000
2025-05-21T18:03:45.778835,KXBTCD-25MAY2122-T110249.99,DELTA,49,24,65,9,738,yes,31,1000
2025-05-21T18:03:45.964153,KXBTCD-25MAY2122-T110249.99,DELTA,49,24,65,9,739,no,11,1000
2025-05-21T18:03:46.101996,KXBTCD-25MAY2122-T110249.99,DELTA,49,24,65,9,740,no,30,9
2025-05-21T18:03:46.102958,KXBTCD-25MAY2122-T110249.99,DELTA,49,24,65,9,741,yes,32,9
2025-05-21T18:03:46.159439,KXBTCD-25MAY2122-T110249.99,DELTA,49,24,65,9,742,yes,1,-8000
2025-05-21T18:03:46.280073,KXBTCD-25MAY2122-T110249.99,DELTA,49,24,66,24,743,no,35,-9
2025-05-21T18:03:46.281139,KXBTCD-25MAY2122-T110249.99,DELTA,49,24,66,24,744,yes,32,9
2025-05-21T18:03:46.281892,KXBTCD-25MAY2122-T110249.99,DELTA,49,24,66,24,745,yes,31,-9
2025-05-21T18:03:46.304836,KXBTCD-25MAY2122-T110249.99,DELTA,49,24,66,24,746,no,30,9
2025-05-21T18:03:46.595809,KXBTCD-25MAY2122-T110249.99,DELTA,49,24,66,24,747,yes,1,8000
2025-05-21T18:03:46.818128,KXBTCD-25MAY2122-T110249.99,DELTA,49,24,66,24,748,no,4,-8100
2025-05-21T18:03:46.818516,KXBTCD-25MAY2122-T110249.99,DELTA,49,24,66,24,749,no,1,32400
2025-05-21T18:03:47.111886,KXBTCD-25MAY2122-T110249.99,DELTA,49,24,66,24,750,no,2,20000
2025-05-21T18:03:47.624597,KXBTCD-25MAY2122-T110249.99,DELTA,51,100,66,24,751,yes,51,100
2025-05-21T18:03:47.624813,KXBTCD-25MAY2122-T110249.99,DELTA,51,100,59,100,752,no,41,100
2025-05-21T18:03:47.625165,KXBTCD-25MAY2122-T110249.99,DELTA,51,100,59,100,753,no,11,-1000
2025-05-21T18:03:47.657991,KXBTCD-25MAY2122-T110249.99,DELTA,51,100,58,1000,754,no,42,1000
2025-05-21T18:03:47.677824,KXBTCD-25MAY2122-T110249.99,DELTA,51,100,58,1000,755,no,30,-9
2025-05-21T18:03:47.677954,KXBTCD-25MAY2122-T110249.99,DELTA,51,100,58,1000,756,yes,32,-9
2025-05-21T18:03:47.797831,KXBTCD-25MAY2122-T110249.99,DELTA,51,100,58,1000,757,yes,1,-8000
2025-05-21T18:03:48.439323,KXBTCD-25MAY2122-T110249.99,DELTA,51,100,58,1000,758,yes,49,-24
2025-05-21T18:03:48.440088,KXBTCD-25MAY2122-T110249.99,DELTA,51,100,58,1000,759,yes,50,24
2025-05-21T18:03:48.467725,KXBTCD-25MAY2122-T110249.99,DELTA,51,100,58,1000,760,no,32,24
2025-05-21T18:03:48.468236,KXBTCD-25MAY2122-T110249.99,DELTA,51,100,58,1000,761,no,34,-24
2025-05-21T18:03:48.479561,KXBTCD-25MAY2122-T110249.99,DELTA,51,100,58,1000,762,yes,1,8000
2025-05-21T18:03:48.559771,KXBTCD-25MAY2122-T110249.99,DELTA,51,100,58,1000,763,no,30,-9
2025-05-21T18:03:48.639732,KXBTCD-25MAY2122-T110249.99,DELTA,51,100,58,1000,764,no,29,-3000
2025-05-21T18:03:48.679886,KXBTCD-25MAY2122-T110249.99,DELTA,51,100,58,1000,765,no,21,3000
2025-05-21T18:03:48.860110,KXBTCD-25MAY2122-T110249.99,DELTA,51,100,58,1000,766,yes,1,-8000
2025-05-21T18:03:49.059887,KXBTCD-25MAY2122-T110249.99,DELTA,50,24,58,1000,767,yes,51,-100
2025-05-21T18:03:49.400450,KXBTCD-25MAY2122-T110249.99,DELTA,50,24,58,1000,768,yes,1,8000
2025-05-21T18:03:49.839711,KXBTCD-25MAY2122-T110249.99,DELTA,50,24,58,1000,769,yes,1,-8000
2025-05-21T18:03:49.879533,KXBTCD-25MAY2122-T110249.99,DELTA,50,24,58,1000,770,yes,1,8000
2025-05-21T18:03:50.493655,KXBTCD-25MAY2122-T110249.99,DELTA,51,100,58,1000,771,yes,51,100
2025-05-21T18:03:51.145682,KXBTCD-25MAY2122-T110249.99,DELTA,51,100,58,1000,772,no,1,-32400
2025-05-21T18:03:51.146454,KXBTCD-25MAY2122-T110249.99,DELTA,51,100,58,1000,773,no,2,16200
2025-05-21T18:03:51.201841,KXBTCD-25MAY2122-T110249.99,DELTA,51,100,58,1000,774,no,2,-20000
2025-05-21T18:03:51.239276,KXBTCD-25MAY2122-T110249.99,DELTA,51,100,58,1000,775,no,3,20000
2025-05-21T18:03:51.259959,KXBTCD-25MAY2122-T110249.99,DELTA,50,24,58,1000,776,yes,51,-100
2025-05-21T18:03:52.318645,KXBTCD-25MAY2122-T110249.99,DELTA,52,100,58,1000,777,yes,52,100
2025-05-21T18:03:52.952538,KXBTCD-25MAY2122-T110249.99,DELTA,52,100,55,20,778,no,45,20
2025-05-21T18:03:53.677732,KXBTCD-25MAY2122-T110249.99,DELTA,52,100,55,20,779,no,2,-16200
2025-05-21T18:03:53.739079,KXBTCD-25MAY2122-T110249.99,DELTA,52,100,55,20,780,no,3,-20000
2025-05-21T18:03:55.399945,KXBTCD-25MAY2122-T110249.99,DELTA,52,100,55,20,781,yes,1,-8000
2025-05-21T18:03:55.559707,KXBTCD-25MAY2122-T110249.99,DELTA,52,100,55,20,782,yes,1,8000
2025-05-21T18:03:55.799817,KXBTCD-25MAY2122-T110249.99,DELTA,50,24,55,20,783,yes,52,-100
2025-05-21T18:03:55.819777,KXBTCD-25MAY2122-T110249.99,DELTA,50,24,55,20,784,no,41,-100
2025-05-21T18:03:55.880461,KXBTCD-25MAY2122-T110249.99,DELTA,50,24,55,20,785,no,42,-1000
2025-05-21T18:03:55.919892,KXBTCD-25MAY2122-T110249.99,DELTA,50,24,55,20,786,no,11,1000
2025-05-21T18:03:56.460057,KXBTCD-25MAY2122-T110249.99,DELTA,52,24,55,20,787,yes,52,24
2025-05-21T18:03:56.461051,KXBTCD-25MAY2122-T110249.99,DELTA,52,24,55,20,788,yes,50,-24
2025-05-21T18:03:56.478331,KXBTCD-25MAY2122-T110249.99,DELTA,52,24,55,20,789,no,31,24
2025-05-21T18:03:56.478935,KXBTCD-25MAY2122-T110249.99,DELTA,52,24,55,20,790,no,32,-24
2025-05-21T18:03:56.579498,KXBTCD-25MAY2122-T110249.99,DELTA,52,24,55,20,791,no,33,8
2025-05-21T18:03:56.580515,KXBTCD-25MAY2122-T110249.99,DELTA,52,24,55,20,792,no,22,1
2025-05-21T18:03:56.738531,KXBTCD-25MAY2122-T110249.99,DELTA,52,124,55,20,793,yes,52,100
2025-05-21T18:03:56.758847,KXBTCD-25MAY2122-T110249.99,DELTA,52,124,55,20,794,no,40,100
2025-05-21T18:03:56.815074,KXBTCD-25MAY2122-T110249.99,DELTA,52,124,55,20,795,yes,31,-1000
2025-05-21T18:03:56.819268,KXBTCD-25MAY2122-T110249.99,DELTA,52,124,55,20,796,no,11,-1000
2025-05-21T18:03:56.915837,KXBTCD-25MAY2122-T110249.99,DELTA,52,1124,55,20,797,yes,52,1000
2025-05-21T18:03:56.916575,KXBTCD-25MAY2122-T110249.99,DELTA,52,1124,55,20,798,no,41,1000
2025-05-21T18:03:57.379348,KXBTCD-25MAY2122-T110249.99,DELTA,52,1024,55,20,799,yes,52,-100
2025-05-21T18:03:57.439653,KXBTCD-25MAY2122-T110249.99,DELTA,52,24,55,20,800,yes,52,-1000
2025-05-21T18:03:57.480137,KXBTCD-25MAY2122-T110249.99,DELTA,52,24,55,20,801,yes,31,1000
2025-05-21T18:03:57.559272,KXBTCD-25MAY2122-T110249.99,DELTA,52,24,55,20,802,yes,32,-9
2025-05-21T18:03:57.560334,KXBTCD-25MAY2122-T110249.99,DELTA,52,24,55,20,803,no,33,-8
2025-05-21T18:03:57.561119,KXBTCD-25MAY2122-T110249.99,DELTA,52,24,55,20,804,no,22,-1
2025-05-21T18:03:57.562124,KXBTCD-25MAY2122-T110249.99,DELTA,52,24,55,20,805,no,10,-200
2025-05-21T18:03:57.618044,KXBTCD-25MAY2122-T110249.99,DELTA,52,24,55,20,806,no,11,-2000
2025-05-21T18:03:58.080646,KXBTCD-25MAY2122-T110249.99,DELTA,52,24,55,20,807,no,1,32400
2025-05-21T18:03:58.139065,KXBTCD-25MAY2122-T110249.99,DELTA,52,24,55,20,808,no,2,20000
2025-05-21T18:03:58.139664,KXBTCD-25MAY2122-T110249.99,DELTA,52,24,55,20,809,no,2,2000
2025-05-21T18:03:58.260127,KXBTCD-25MAY2122-T110249.99,DELTA,52,24,55,20,810,yes,32,9
2025-05-21T18:03:58.599606,KXBTCD-25MAY2122-T110249.99,DELTA,52,124,55,20,811,yes,52,100
2025-05-21T18:03:58.699629,KXBTCD-25MAY2122-T110249.99,DELTA,52,124,55,20,812,no,10,200
2025-05-21T18:03:58.760040,KXBTCD-25MAY2122-T110249.99,DELTA,52,124,55,20,813,no,2,-2000
2025-05-21T18:03:58.799684,KXBTCD-25MAY2122-T110249.99,DELTA,52,124,55,20,814,no,11,2000
2025-05-21T18:03:58.980013,KXBTCD-25MAY2122-T110249.99,DELTA,52,124,55,20,815,yes,31,-1000
2025-05-21T18:03:59.019120,KXBTCD-25MAY2122-T110249.99,DELTA,52,124,55,20,816,yes,31,1000
2025-05-21T18:03:59.120668,KXBTCD-25MAY2122-T110249.99,DELTA,52,124,55,20,817,yes,32,-9
2025-05-21T18:03:59.121639,KXBTCD-25MAY2122-T110249.99,DELTA,52,124,55,20,818,yes,31,9
2025-05-21T18:03:59.122250,KXBTCD-25MAY2122-T110249.99,DELTA,52,124,55,20,819,yes,31,-1000
2025-05-21T18:03:59.160183,KXBTCD-25MAY2122-T110249.99,DELTA,52,1124,55,20,820,yes,52,1000
2025-05-21T18:03:59.200536,KXBTCD-25MAY2122-T110249.99,DELTA,52,1100,55,20,821,yes,52,-24
2025-05-21T18:03:59.201294,KXBTCD-25MAY2122-T110249.99,DELTA,54,24,55,20,822,yes,54,24
2025-05-21T18:03:59.218335,KXBTCD-25MAY2122-T110249.99,DELTA,54,24,55,20,823,no,31,-24
2025-05-21T18:03:59.219045,KXBTCD-25MAY2122-T110249.99,DELTA,54,24,55,20,824,no,29,24
2025-05-21T18:03:59.338856,KXBTCD-25MAY2122-T110249.99,DELTA,54,24,55,20,825,no,10,-200
2025-05-21T18:03:59.398437,KXBTCD-25MAY2122-T110249.99,DELTA,54,24,55,20,826,no,11,-2000
2025-05-21T18:03:59.459284,KXBTCD-25MAY2122-T110249.99,DELTA,54,24,55,20,827,no,2,2000
2025-05-21T18:03:59.638954,KXBTCD-25MAY2122-T110249.99,DELTA,54,24,55,20,828,yes,52,-100
2025-05-21T18:03:59.699956,KXBTCD-25MAY2122-T110249.99,DELTA,54,24,55,20,829,yes,52,-1000
2025-05-21T18:03:59.738604,KXBTCD-25MAY2122-T110249.99,DELTA,54,24,55,20,830,yes,31,1000
2025-05-21T18:03:59.857960,KXBTCD-25MAY2122-T110249.99,DELTA,54,24,55,20,831,yes,31,-9
2025-05-21T18:03:59.879290,KXBTCD-25MAY2122-T110249.99,DELTA,31,1000,55,20,832,yes,54,-24
2025-05-21T18:03:59.880043,KXBTCD-25MAY2122-T110249.99,DELTA,52,24,55,20,833,yes,52,24
2025-05-21T18:03:59.880464,KXBTCD-25MAY2122-T110249.99,DELTA,52,24,55,20,834,no,29,-24
2025-05-21T18:03:59.880800,KXBTCD-25MAY2122-T110249.99,DELTA,52,24,55,20,835,no,31,24
2025-05-21T18:03:59.881132,KXBTCD-25MAY2122-T110249.99,DELTA,52,24,55,20,836,yes,32,9
2025-05-21T18:04:00.319212,KXBTCD-25MAY2122-T110249.99,DELTA,53,100,55,20,837,yes,53,100
2025-05-21T18:04:00.538974,KXBTCD-25MAY2122-T110249.99,DELTA,53,100,55,20,838,yes,1,32400
2025-05-21T18:04:00.820421,KXBTCD-25MAY2122-T110249.99,DELTA,53,100,55,20,839,yes,2,20000
2025-05-21T18:04:01.479382,KXBTCD-25MAY2122-T110249.99,DELTA,53,100,55,20,840,yes,31,-1000
2025-05-21T18:04:01.524081,KXBTCD-25MAY2122-T110249.99,DELTA,53,1100,55,20,841,yes,53,1000
2025-05-21T18:04:01.620563,KXBTCD-25MAY2122-T110249.99,DELTA,53,1100,55,20,842,yes,32,-9
2025-05-21T18:04:01.621214,KXBTCD-25MAY2122-T110249.99,DELTA,53,1100,55,20,843,yes,31,9
2025-05-21T18:04:03.188805,KXBTCD-25MAY2122-T110249.99,DELTA,53,100,55,20,844,yes,53,-1000
2025-05-21T18:04:03.219482,KXBTCD-25MAY2122-T110249.99,DELTA,53,100,55,20,845,yes,31,1000
2025-05-21T18:04:04.619959,KXBTCD-25MAY2122-T110249.99,DELTA,53,100,55,20,846,yes,52,-24
2025-05-21T18:04:04.639363,KXBTCD-25MAY2122-T110249.99,DELTA,53,100,55,20,847,no,31,-24
2025-05-21T18:04:04.657687,KXBTCD-25MAY2122-T110249.99,DELTA,53,100,55,20,848,yes,50,24
2025-05-21T18:04:04.658006,KXBTCD-25MAY2122-T110249.99,DELTA,53,100,55,20,849,no,33,24
2025-05-21T18:04:04.758514,KXBTCD-25MAY2122-T110249.99,DELTA,53,100,55,20,850,yes,32,9
2025-05-21T18:04:04.758895,KXBTCD-25MAY2122-T110249.99,DELTA,53,100,55,20,851,yes,31,-9
2025-05-21T18:04:04.818617,KXBTCD-25MAY2122-T110249.99,DELTA,53,100,55,20,852,no,10,200
2025-05-21T18:04:04.918851,KXBTCD-25MAY2122-T110249.99,DELTA,53,100,55,20,853,no,2,-2000
2025-05-21T18:04:04.938644,KXBTCD-25MAY2122-T110249.99,DELTA,53,100,55,20,854,yes,1,-32400
2025-05-21T18:04:04.939131,KXBTCD-25MAY2122-T110249.99,DELTA,53,100,55,20,855,yes,4,8100
2025-05-21T18:04:04.978440,KXBTCD-25MAY2122-T110249.99,DELTA,53,100,55,20,856,no,11,2000
2025-05-21T18:04:04.998342,KXBTCD-25MAY2122-T110249.99,DELTA,53,100,55,20,857,yes,2,-20000
2025-05-21T18:04:05.039001,KXBTCD-25MAY2122-T110249.99,DELTA,53,100,55,20,858,no,1,-32400
2025-05-21T18:04:05.039569,KXBTCD-25MAY2122-T110249.99,DELTA,53,100,55,20,859,no,3,10800
2025-05-21T18:04:05.040001,KXBTCD-25MAY2122-T110249.99,DELTA,53,100,55,20,860,yes,5,20000
2025-05-21T18:04:05.099749,KXBTCD-25MAY2122-T110249.99,DELTA,53,100,55,20,861,no,2,-20000
2025-05-21T18:04:05.138965,KXBTCD-25MAY2122-T110249.99,DELTA,53,100,55,20,862,no,4,20000
2025-05-21T18:04:05.259676,KXBTCD-25MAY2122-T110249.99,DELTA,50,24,55,20,863,yes,53,-100
2025-05-21T18:04:05.260402,KXBTCD-25MAY2122-T110249.99,DELTA,50,24,55,20,864,no,40,-100
2025-05-21T18:04:05.379828,KXBTCD-25MAY2122-T110249.99,DELTA,50,24,55,20,865,no,41,-1000
2025-05-21T18:04:05.438733,KXBTCD-25MAY2122-T110249.99,DELTA,50,24,55,20,866,no,11,1000
2025-05-21T18:04:05.517424,KXBTCD-25MAY2122-T110249.99,DELTA,50,24,55,20,867,no,34,8
2025-05-21T18:04:05.518282,KXBTCD-25MAY2122-T110249.99,DELTA,50,24,55,20,868,no,22,1
2025-05-21T18:04:05.618561,KXBTCD-25MAY2122-T110249.99,DELTA,50,24,55,20,869,yes,1,-8000
2025-05-21T18:04:05.899487,KXBTCD-25MAY2122-T110249.99,DELTA,50,24,55,20,870,yes,1,8000
2025-05-21T18:04:05.899725,KXBTCD-25MAY2122-T110249.99,DELTA,50,24,55,20,871,no,10,-200
2025-05-21T18:04:05.938489,KXBTCD-25MAY2122-T110249.99,DELTA,52,24,55,20,872,yes,52,24
2025-05-21T18:04:05.938800,KXBTCD-25MAY2122-T110249.99,DELTA,52,24,55,20,873,yes,50,-24
2025-05-21T18:04:05.939027,KXBTCD-25MAY2122-T110249.99,DELTA,52,24,55,20,874,no,33,-24
2025-05-21T18:04:05.939153,KXBTCD-25MAY2122-T110249.99,DELTA,52,24,55,20,875,no,31,24
2025-05-21T18:04:05.979335,KXBTCD-25MAY2122-T110249.99,DELTA,52,24,55,20,876,no,11,-2000
2025-05-21T18:04:06.004196,KXBTCD-25MAY2122-T110249.99,DELTA,53,24,55,20,877,yes,53,24
2025-05-21T18:04:06.004673,KXBTCD-25MAY2122-T110249.99,DELTA,53,24,55,20,878,no,11,-1000
2025-05-21T18:04:06.004941,KXBTCD-25MAY2122-T110249.99,DELTA,53,24,55,20,879,yes,52,-24
2025-05-21T18:04:06.005133,KXBTCD-25MAY2122-T110249.99,DELTA,53,24,55,20,880,no,30,24
2025-05-21T18:04:06.005309,KXBTCD-25MAY2122-T110249.99,DELTA,53,24,55,20,881,no,31,-24
2025-05-21T18:04:06.059031,KXBTCD-25MAY2122-T110249.99,DELTA,53,24,55,20,882,no,4,1000
2025-05-21T18:04:06.059564,KXBTCD-25MAY2122-T110249.99,DELTA,53,24,55,20,883,no,4,2000
2025-05-21T18:04:06.259170,KXBTCD-25MAY2122-T110249.99,DELTA,53,24,55,20,884,yes,30,-200
2025-05-21T18:04:06.259902,KXBTCD-25MAY2122-T110249.99,DELTA,53,24,55,20,885,yes,40,200
2025-05-21T18:04:06.319541,KXBTCD-25MAY2122-T110249.99,DELTA,53,24,55,20,886,yes,31,-1000
2025-05-21T18:04:06.379069,KXBTCD-25MAY2122-T110249.99,DELTA,53,24,55,20,887,yes,41,1000
2025-05-21T18:04:06.379915,KXBTCD-25MAY2122-T110249.99,DELTA,53,24,55,20,888,yes,32,-9
2025-05-21T18:04:06.400191,KXBTCD-25MAY2122-T110249.99,DELTA,53,24,55,20,889,yes,41,9
2025-05-21T18:04:06.401050,KXBTCD-25MAY2122-T110249.99,DELTA,53,24,55,20,890,no,34,-8
2025-05-21T18:04:06.420409,KXBTCD-25MAY2122-T110249.99,DELTA,53,24,55,20,891,yes,51,100
2025-05-21T18:04:06.421013,KXBTCD-25MAY2122-T110249.99,DELTA,53,24,55,20,892,no,41,100
2025-05-21T18:04:06.439285,KXBTCD-25MAY2122-T110249.99,DELTA,53,24,55,20,893,no,31,8
2025-05-21T18:04:06.498019,KXBTCD-25MAY2122-T110249.99,DELTA,53,24,55,20,894,yes,41,-1000
2025-05-21T18:04:06.598406,KXBTCD-25MAY2122-T110249.99,DELTA,53,24,55,20,895,yes,52,1000
2025-05-21T18:04:06.599134,KXBTCD-25MAY2122-T110249.99,DELTA,53,24,55,20,896,yes,41,2000
2025-05-21T18:04:06.699978,KXBTCD-25MAY2122-T110249.99,DELTA,53,24,55,20,897,yes,51,-100
2025-05-21T18:04:06.701152,KXBTCD-25MAY2122-T110249.99,DELTA,53,24,55,20,898,no,41,-100
2025-05-21T18:04:06.778417,KXBTCD-25MAY2122-T110249.99,DELTA,53,24,55,20,899,yes,52,-1000
2025-05-21T18:04:06.838394,KXBTCD-25MAY2122-T110249.99,DELTA,53,24,55,20,900,yes,41,1000
2025-05-21T18:04:07.412933,KXBTCD-25MAY2122-T110249.99,DELTA,53,24,55,20,901,yes,4,-8100
2025-05-21T18:04:07.414033,KXBTCD-25MAY2122-T110249.99,DELTA,53,24,55,20,902,yes,6,5400
2025-05-21T18:04:07.459068,KXBTCD-25MAY2122-T110249.99,DELTA,53,24,55,20,903,no,3,-10800
2025-05-21T18:04:07.459844,KXBTCD-25MAY2122-T110249.99,DELTA,53,24,55,20,904,no,4,8100
2025-05-21T18:04:07.460388,KXBTCD-25MAY2122-T110249.99,DELTA,53,24,55,20,905,yes,5,-20000
2025-05-21T18:04:07.499574,KXBTCD-25MAY2122-T110249.99,DELTA,53,24,55,20,906,yes,7,20000
2025-05-21T18:04:07.519151,KXBTCD-25MAY2122-T110249.99,DELTA,53,24,55,20,907,yes,41,-9
2025-05-21T18:04:07.520009,KXBTCD-25MAY2122-T110249.99,DELTA,53,24,55,20,908,yes,42,9
2025-05-21T18:04:07.520844,KXBTCD-25MAY2122-T110249.99,DELTA,53,24,55,20,909,no,4,-20000
2025-05-21T18:04:07.538535,KXBTCD-25MAY2122-T110249.99,DELTA,53,24,55,20,910,no,4,-2000
2025-05-21T18:04:07.539364,KXBTCD-25MAY2122-T110249.99,DELTA,53,24,55,20,911,no,4,-1000
2025-05-21T18:04:07.578703,KXBTCD-25MAY2122-T110249.99,DELTA,53,24,55,20,912,no,5,1000
2025-05-21T18:04:07.579332,KXBTCD-25MAY2122-T110249.99,DELTA,53,24,55,20,913,no,5,2000
2025-05-21T18:04:07.579844,KXBTCD-25MAY2122-T110249.99,DELTA,53,24,55,20,914,no,5,20000
2025-05-21T18:04:08.104165,KXBTCD-25MAY2122-T110249.99,DELTA,54,100,55,20,915,yes,54,100
2025-05-21T18:04:08.105151,KXBTCD-25MAY2122-T110249.99,DELTA,54,100,55,20,916,no,38,100
2025-05-21T18:04:08.158446,KXBTCD-25MAY2122-T110249.99,DELTA,54,100,55,20,917,no,5,-1000
2025-05-21T18:04:08.239700,KXBTCD-25MAY2122-T110249.99,DELTA,54,100,55,20,918,no,39,1000
2025-05-21T18:04:08.300590,KXBTCD-25MAY2122-T110249.99,DELTA,54,100,55,20,919,no,22,-1
2025-05-21T18:04:08.300910,KXBTCD-25MAY2122-T110249.99,DELTA,54,100,55,20,920,no,31,1
2025-05-21T18:04:08.301165,KXBTCD-25MAY2122-T110249.99,DELTA,54,100,55,20,921,no,31,-8
2025-05-21T18:04:08.398330,KXBTCD-25MAY2122-T110249.99,DELTA,54,100,55,20,922,no,39,8
2025-05-21T18:04:08.438674,KXBTCD-25MAY2122-T110249.99,DELTA,54,100,55,20,923,yes,41,-1000
2025-05-21T18:04:08.514703,KXBTCD-25MAY2122-T110249.99,DELTA,54,1100,55,20,924,yes,54,1000
2025-05-21T18:04:08.598814,KXBTCD-25MAY2122-T110249.99,DELTA,54,1100,55,20,925,yes,6,-5400
2025-05-21T18:04:08.599690,KXBTCD-25MAY2122-T110249.99,DELTA,54,1100,55,20,926,yes,7,4628
2025-05-21T18:04:08.659141,KXBTCD-25MAY2122-T110249.99,DELTA,54,1100,55,20,927,no,4,-8100
2025-05-21T18:04:08.659975,KXBTCD-25MAY2122-T110249.99,DELTA,54,1100,55,20,928,no,1,32400
2025-05-21T18:04:08.660620,KXBTCD-25MAY2122-T110249.99,DELTA,54,1100,55,20,929,yes,7,-20000
2025-05-21T18:04:08.698986,KXBTCD-25MAY2122-T110249.99,DELTA,54,1100,55,20,930,yes,8,20000
2025-05-21T18:04:08.718748,KXBTCD-25MAY2122-T110249.99,DELTA,54,1100,55,20,931,no,5,-20000
2025-05-21T18:04:08.740638,KXBTCD-25MAY2122-T110249.99,DELTA,54,1100,55,20,932,no,5,-2000
2025-05-21T18:04:08.778574,KXBTCD-25MAY2122-T110249.99,DELTA,54,1100,55,20,933,no,2,2000
2025-05-21T18:04:08.878872,KXBTCD-25MAY2122-T110249.99,DELTA,54,1100,55,20,934,no,2,20000
2025-05-21T18:04:09.020159,KXBTCD-25MAY2122-T110249.99,DELTA,54,100,55,20,935,yes,54,-1000
2025-05-21T18:04:09.059780,KXBTCD-25MAY2122-T110249.99,DELTA,54,100,55,20,936,yes,41,1000
2025-05-21T18:04:09.139858,KXBTCD-25MAY2122-T110249.99,DELTA,54,100,55,20,937,no,40,8
2025-05-21T18:04:09.140961,KXBTCD-25MAY2122-T110249.99,DELTA,54,100,55,20,938,no,31,-1
2025-05-21T18:04:09.141614,KXBTCD-25MAY2122-T110249.99,DELTA,54,100,55,20,939,no,39,-8
2025-05-21T18:04:09.759147,KXBTCD-25MAY2122-T110249.99,DELTA,54,100,55,20,940,yes,7,-4628
2025-05-21T18:04:09.760112,KXBTCD-25MAY2122-T110249.99,DELTA,54,100,55,20,941,yes,4,8100
2025-05-21T18:04:09.819788,KXBTCD-25MAY2122-T110249.99,DELTA,54,100,55,20,942,yes,8,-20000
2025-05-21T18:04:09.858514,KXBTCD-25MAY2122-T110249.99,DELTA,54,100,55,20,943,yes,5,20000
2025-05-21T18:04:09.900677,KXBTCD-25MAY2122-T110249.99,DELTA,54,100,55,20,944,yes,41,-1000
2025-05-21T18:04:09.939385,KXBTCD-25MAY2122-T110249.99,DELTA,54,1100,55,20,945,yes,54,1000
2025-05-21T18:04:10.119498,KXBTCD-25MAY2122-T110249.99,DELTA,54,100,55,20,946,yes,54,-1000
2025-05-21T18:04:10.176553,KXBTCD-25MAY2122-T110249.99,DELTA,54,1100,55,20,947,yes,54,1000
2025-05-21T18:04:10.199152,KXBTCD-25MAY2122-T110249.99,DELTA,54,100,55,20,948,yes,54,-1000
2025-05-21T18:04:10.242848,KXBTCD-25MAY2122-T110249.99,DELTA,54,100,55,20,949,yes,41,1000
2025-05-21T18:04:10.839372,KXBTCD-25MAY2122-T110249.99,DELTA,54,100,55,20,950,yes,4,-8100
2025-05-21T18:04:10.839749,KXBTCD-25MAY2122-T110249.99,DELTA,54,100,55,20,951,yes,6,5400
2025-05-21T18:04:10.898085,KXBTCD-25MAY2122-T110249.99,DELTA,54,100,55,20,952,yes,5,-20000
2025-05-21T18:04:10.939483,KXBTCD-25MAY2122-T110249.99,DELTA,54,100,55,20,953,yes,7,20000
2025-05-21T18:04:11.680286,KXBTCD-25MAY2122-T110249.99,DELTA,54,100,55,20,954,yes,40,-200
2025-05-21T18:04:11.681173,KXBTCD-25MAY2122-T110249.99,DELTA,54,100,55,20,955,yes,30,200
2025-05-21T18:04:11.739733,KXBTCD-25MAY2122-T110249.99,DELTA,54,100,55,20,956,yes,41,-2000
2025-05-21T18:04:11.740679,KXBTCD-25MAY2122-T110249.99,DELTA,54,100,55,20,957,yes,41,-1000
2025-05-21T18:04:11.799355,KXBTCD-25MAY2122-T110249.99,DELTA,54,100,55,20,958,yes,31,1000
2025-05-21T18:04:11.800068,KXBTCD-25MAY2122-T110249.99,DELTA,54,100,55,20,959,yes,31,2000
2025-05-21T18:04:12.139798,KXBTCD-25MAY2122-T110249.99,DELTA,54,100,55,20,960,no,38,-100
2025-05-21T18:04:12.216447,KXBTCD-25MAY2122-T110249.99,DELTA,54,100,55,20,961,no,39,-1000
2025-05-21T18:04:12.258729,KXBTCD-25MAY2122-T110249.99,DELTA,54,100,55,20,962,no,2,1000
2025-05-21T18:04:12.919645,KXBTCD-25MAY2122-T110249.99,DELTA,54,100,55,20,963,no,38,100
2025-05-21T18:04:12.978993,KXBTCD-25MAY2122-T110249.99,DELTA,54,100,55,20,964,no,2,-1000
2025-05-21T18:04:13.041532,KXBTCD-25MAY2122-T110249.99,DELTA,54,100,55,20,965,no,39,1000
2025-05-21T18:04:13.058128,KXBTCD-25MAY2122-T110249.99,DELTA,54,100,55,20,966,no,40,-8
2025-05-21T18:04:13.059259,KXBTCD-25MAY2122-T110249.99,DELTA,54,100,55,20,967,yes,42,-9
2025-05-21T18:04:13.078235,KXBTCD-25MAY2122-T110249.99,DELTA,54,100,55,20,968,yes,32,9
2025-05-21T18:04:13.078660,KXBTCD-25MAY2122-T110249.99,DELTA,54,100,55,20,969,no,31,1
2025-05-21T18:04:13.078866,KXBTCD-25MAY2122-T110249.99,DELTA,54,100,55,20,970,no,39,8
2025-05-21T18:04:13.161573,KXBTCD-25MAY2122-T110249.99,DELTA,54,100,55,20,971,no,38,-100
2025-05-21T18:04:13.219653,KXBTCD-25MAY2122-T110249.99,DELTA,54,100,55,20,972,no,39,-1000
2025-05-21T18:04:13.281197,KXBTCD-25MAY2122-T110249.99,DELTA,54,100,55,20,973,no,2,1000
2025-05-21T18:04:13.600075,KXBTCD-25MAY2122-T110249.99,DELTA,54,100,55,20,974,yes,30,-200
2025-05-21T18:04:13.600974,KXBTCD-25MAY2122-T110249.99,DELTA,54,100,55,20,975,yes,40,200
2025-05-21T18:04:13.699231,KXBTCD-25MAY2122-T110249.99,DELTA,54,100,55,20,976,yes,31,-2000
2025-05-21T18:04:13.699924,KXBTCD-25MAY2122-T110249.99,DELTA,54,100,55,20,977,yes,31,-1000
2025-05-21T18:04:13.758930,KXBTCD-25MAY2122-T110249.99,DELTA,54,100,55,20,978,yes,41,2000
2025-05-21T18:04:13.760346,KXBTCD-25MAY2122-T110249.99,DELTA,54,100,55,20,979,yes,41,1000
2025-05-21T18:04:13.819955,KXBTCD-25MAY2122-T110249.99,DELTA,54,100,55,20,980,yes,41,9
2025-05-21T18:04:13.839167,KXBTCD-25MAY2122-T110249.99,DELTA,54,100,55,20,981,no,22,1
2025-05-21T18:04:13.839665,KXBTCD-25MAY2122-T110249.99,DELTA,54,100,55,20,982,no,39,-8
2025-05-21T18:04:13.840044,KXBTCD-25MAY2122-T110249.99,DELTA,54,100,55,20,983,no,31,-1
2025-05-21T18:04:13.840409,KXBTCD-25MAY2122-T110249.99,DELTA,54,100,55,20,984,yes,32,-9
2025-05-21T18:04:14.081678,KXBTCD-25MAY2122-T110249.99,DELTA,54,100,55,20,985,yes,41,-1000
2025-05-21T18:04:14.139348,KXBTCD-25MAY2122-T110249.99,DELTA,54,100,55,20,986,no,31,8
2025-05-21T18:04:14.140083,KXBTCD-25MAY2122-T110249.99,DELTA,54,1100,55,20,987,yes,54,1000
2025-05-21T18:04:14.239790,KXBTCD-25MAY2122-T110249.99,DELTA,54,100,55,20,988,yes,54,-1000
2025-05-21T18:04:14.279343,KXBTCD-25MAY2122-T110249.99,DELTA,54,100,55,20,989,no,37,100
2025-05-21T18:04:14.279659,KXBTCD-25MAY2122-T110249.99,DELTA,54,100,55,20,990,yes,41,1000
2025-05-21T18:04:14.337487,KXBTCD-25MAY2122-T110249.99,DELTA,54,100,55,20,991,no,2,-1000
2025-05-21T18:04:14.379182,KXBTCD-25MAY2122-T110249.99,DELTA,54,100,55,20,992,no,38,1000
2025-05-21T18:04:14.600232,KXBTCD-25MAY2122-T110249.99,DELTA,54,100,55,20,993,yes,41,-1000
2025-05-21T18:04:14.638763,KXBTCD-25MAY2122-T110249.99,DELTA,54,1100,55,20,994,yes,54,1000
2025-05-21T18:04:14.720098,KXBTCD-25MAY2122-T110249.99,DELTA,54,1100,55,20,995,yes,41,-9
2025-05-21T18:04:14.741096,KXBTCD-25MAY2122-T110249.99,DELTA,54,1100,55,20,996,no,22,-1
2025-05-21T18:04:14.741835,KXBTCD-25MAY2122-T110249.99,DELTA,54,1100,55,20,997,no,31,-8
2025-05-21T18:04:14.742346,KXBTCD-25MAY2122-T110249.99,DELTA,54,1100,55,20,998,yes,42,9
2025-05-21T18:04:14.742812,KXBTCD-25MAY2122-T110249.99,DELTA,54,1100,55,20,999,no,39,8
2025-05-21T18:04:14.879941,KXBTCD-25MAY2122-T110249.99,DELTA,54,100,55,20,1000,yes,54,-1000
2025-05-21T18:04:14.958887,KXBTCD-25MAY2122-T110249.99,DELTA,54,100,55,20,1001,yes,41,1000
2025-05-21T18:04:15.385142,KXBTCD-25MAY2122-T110249.99,DELTA,54,100,55,20,1002,no,37,-100
2025-05-21T18:04:15.459167,KXBTCD-25MAY2122-T110249.99,DELTA,54,100,55,20,1003,no,38,-1000
2025-05-21T18:04:15.600448,KXBTCD-25MAY2122-T110249.99,DELTA,54,100,55,20,1004,no,2,1000
2025-05-21T18:04:16.419626,KXBTCD-25MAY2122-T110249.99,DELTA,54,100,55,20,1005,yes,6,-5400
2025-05-21T18:04:16.420634,KXBTCD-25MAY2122-T110249.99,DELTA,54,100,55,20,1006,yes,4,8100
2025-05-21T18:04:16.480564,KXBTCD-25MAY2122-T110249.99,DELTA,54,100,55,20,1007,yes,7,-20000
2025-05-21T18:04:16.539582,KXBTCD-25MAY2122-T110249.99,DELTA,54,100,55,20,1008,no,31,8
2025-05-21T18:04:16.540485,KXBTCD-25MAY2122-T110249.99,DELTA,54,100,55,20,1009,no,39,-8
2025-05-21T18:04:16.541005,KXBTCD-25MAY2122-T110249.99,DELTA,54,100,55,20,1010,no,22,1
2025-05-21T18:04:16.579496,KXBTCD-25MAY2122-T110249.99,DELTA,54,100,55,20,1011,yes,5,20000
2025-05-21T18:04:16.719941,KXBTCD-25MAY2122-T110249.99,DELTA,54,100,55,20,1012,no,37,100
2025-05-21T18:04:16.782717,KXBTCD-25MAY2122-T110249.99,DELTA,54,100,55,20,1013,no,2,-1000
2025-05-21T18:04:16.839495,KXBTCD-25MAY2122-T110249.99,DELTA,54,100,55,20,1014,no,38,1000
2025-05-21T18:04:16.938059,KXBTCD-25MAY2122-T110249.99,DELTA,54,100,55,20,1015,no,37,-100
2025-05-21T18:04:16.997971,KXBTCD-25MAY2122-T110249.99,DELTA,54,100,55,20,1016,no,38,-1000
2025-05-21T18:04:17.060356,KXBTCD-25MAY2122-T110249.99,DELTA,54,100,55,20,1017,no,2,1000
2025-05-21T18:04:18.040139,KXBTCD-25MAY2122-T110249.99,DELTA,54,100,55,20,1018,no,38,100
2025-05-21T18:04:18.120682,KXBTCD-25MAY2122-T110249.99,DELTA,54,100,55,20,1019,no,2,-1000
2025-05-21T18:04:18.160967,KXBTCD-25MAY2122-T110249.99,DELTA,54,100,55,20,1020,yes,40,-200
2025-05-21T18:04:18.161687,KXBTCD-25MAY2122-T110249.99,DELTA,54,100,55,20,1021,yes,30,200
2025-05-21T18:04:18.180379,KXBTCD-25MAY2122-T110249.99,DELTA,54,100,55,20,1022,no,31,-8
2025-05-21T18:04:18.180951,KXBTCD-25MAY2122-T110249.99,DELTA,54,100,55,20,1023,no,39,8
2025-05-21T18:04:18.181466,KXBTCD-25MAY2122-T110249.99,DELTA,54,100,55,20,1024,no,31,1
2025-05-21T18:04:18.181939,KXBTCD-25MAY2122-T110249.99,DELTA,54,100,55,20,1025,no,39,1000
2025-05-21T18:04:18.220599,KXBTCD-25MAY2122-T110249.99,DELTA,54,100,55,20,1026,no,22,-1
2025-05-21T18:04:18.239299,KXBTCD-25MAY2122-T110249.99,DELTA,54,100,55,20,1027,yes,41,-2000
2025-05-21T18:04:18.239791,KXBTCD-25MAY2122-T110249.99,DELTA,54,100,55,20,1028,yes,41,-1000
2025-05-21T18:04:18.279029,KXBTCD-25MAY2122-T110249.99,DELTA,54,100,55,20,1029,yes,31,2000
2025-05-21T18:04:18.299735,KXBTCD-25MAY2122-T110249.99,DELTA,54,100,55,20,1030,yes,31,1000
2025-05-21T18:04:18.479949,KXBTCD-25MAY2122-T110249.99,DELTA,54,100,55,20,1031,yes,53,-24
2025-05-21T18:04:18.499856,KXBTCD-25MAY2122-T110249.99,DELTA,54,100,55,20,1032,no,30,-24
2025-05-21T18:04:18.599402,KXBTCD-25MAY2122-T110249.99,DELTA,54,100,55,20,1033,no,10,200
2025-05-21T18:04:18.639690,KXBTCD-25MAY2122-T110249.99,DELTA,54,100,55,20,1034,yes,51,24
2025-05-21T18:04:18.640873,KXBTCD-25MAY2122-T110249.99,DELTA,54,100,55,20,1035,no,32,24
2025-05-21T18:04:18.679298,KXBTCD-25MAY2122-T110249.99,DELTA,54,100,55,20,1036,no,2,-2000
2025-05-21T18:04:18.698300,KXBTCD-25MAY2122-T110249.99,DELTA,54,100,55,20,1037,yes,51,-24
2025-05-21T18:04:18.699325,KXBTCD-25MAY2122-T110249.99,DELTA,54,100,55,20,1038,yes,50,24
2025-05-21T18:04:18.719490,KXBTCD-25MAY2122-T110249.99,DELTA,54,100,55,20,1039,no,32,-24
2025-05-21T18:04:18.720206,KXBTCD-25MAY2122-T110249.99,DELTA,54,100,55,20,1040,no,33,24
2025-05-21T18:04:18.720733,KXBTCD-25MAY2122-T110249.99,DELTA,54,100,55,20,1041,no,11,2000
2025-05-21T18:04:18.778110,KXBTCD-25MAY2122-T110249.99,DELTA,54,100,55,20,1042,yes,4,-8100
2025-05-21T18:04:18.778599,KXBTCD-25MAY2122-T110249.99,DELTA,54,100,55,20,1043,yes,6,5400
2025-05-21T18:04:18.840591,KXBTCD-25MAY2122-T110249.99,DELTA,54,100,55,20,1044,yes,5,-20000
2025-05-21T18:04:18.916274,KXBTCD-25MAY2122-T110249.99,DELTA,54,100,55,20,1045,yes,7,20000
2025-05-21T18:04:18.959652,KXBTCD-25MAY2122-T110249.99,DELTA,54,100,55,20,1046,yes,32,9
2025-05-21T18:04:18.960501,KXBTCD-25MAY2122-T110249.99,DELTA,54,100,55,20,1047,no,31,-1
2025-05-21T18:04:18.980160,KXBTCD-25MAY2122-T110249.99,DELTA,54,100,55,20,1048,yes,42,-9
2025-05-21T18:04:18.980654,KXBTCD-25MAY2122-T110249.99,DELTA,54,100,55,20,1049,no,39,-8
2025-05-21T18:04:19.039727,KXBTCD-25MAY2122-T110249.99,DELTA,54,100,55,20,1050,no,38,-100
2025-05-21T18:04:19.040397,KXBTCD-25MAY2122-T110249.99,DELTA,54,100,55,20,1051,no,40,8
2025-05-21T18:04:19.099905,KXBTCD-25MAY2122-T110249.99,DELTA,54,100,55,20,1052,no,39,-1000
2025-05-21T18:04:19.200287,KXBTCD-25MAY2122-T110249.99,DELTA,54,100,55,20,1053,yes,1,-8000
2025-05-21T18:04:19.239026,KXBTCD-25MAY2122-T110249.99,DELTA,54,100,55,20,1054,no,11,1000
2025-05-21T18:04:19.318767,KXBTCD-25MAY2122-T110249.99,DELTA,50,24,55,20,1055,yes,54,-100
2025-05-21T18:04:19.879404,KXBTCD-25MAY2122-T110249.99,DELTA,50,24,55,20,1056,yes,6,-5400
2025-05-21T18:04:19.880480,KXBTCD-25MAY2122-T110249.99,DELTA,50,24,55,20,1057,yes,7,4628
2025-05-21T18:04:19.940126,KXBTCD-25MAY2122-T110249.99,DELTA,50,24,55,20,1058,yes,7,-20000
2025-05-21T18:04:19.960182,KXBTCD-25MAY2122-T110249.99,DELTA,50,24,55,20,1059,no,42,100
2025-05-21T18:04:19.979835,KXBTCD-25MAY2122-T110249.99,DELTA,50,24,55,20,1060,yes,8,20000
2025-05-21T18:04:20.000439,KXBTCD-25MAY2122-T110249.99,DELTA,50,24,55,20,1061,no,34,8
2025-05-21T18:04:20.018549,KXBTCD-25MAY2122-T110249.99,DELTA,50,24,55,20,1062,no,22,1
2025-05-21T18:04:20.018893,KXBTCD-25MAY2122-T110249.99,DELTA,50,24,55,20,1063,no,40,-8
2025-05-21T18:04:20.019067,KXBTCD-25MAY2122-T110249.99,DELTA,50,24,55,20,1064,no,11,-1000
2025-05-21T18:04:20.059364,KXBTCD-25MAY2122-T110249.99,DELTA,50,24,55,20,1065,no,43,1000
2025-05-21T18:04:20.526302,KXBTCD-25MAY2122-T110249.99,DELTA,50,24,55,20,1066,yes,47,24
2025-05-21T18:04:20.526978,KXBTCD-25MAY2122-T110249.99,DELTA,47,24,55,20,1067,yes,50,-24
2025-05-21T18:04:20.540734,KXBTCD-25MAY2122-T110249.99,DELTA,47,24,55,20,1068,no,33,-24
2025-05-21T18:04:20.541286,KXBTCD-25MAY2122-T110249.99,DELTA,47,24,55,20,1069,no,36,24
2025-05-21T18:04:20.599138,KXBTCD-25MAY2122-T110249.99,DELTA,51,100,55,20,1070,yes,51,100
2025-05-21T18:04:20.938785,KXBTCD-25MAY2122-T110249.99,DELTA,51,100,55,20,1071,yes,7,-4628
2025-05-21T18:04:20.939042,KXBTCD-25MAY2122-T110249.99,DELTA,51,100,55,20,1072,yes,4,8100
2025-05-21T18:04:20.979969,KXBTCD-25MAY2122-T110249.99,DELTA,51,100,55,20,1073,no,1,-32400
2025-05-21T18:04:21.000268,KXBTCD-25MAY2122-T110249.99,DELTA,47,24,55,20,1074,yes,51,-100
2025-05-21T18:04:21.037501,KXBTCD-25MAY2122-T110249.99,DELTA,47,24,55,20,1075,yes,8,-20000
2025-05-21T18:04:21.038726,KXBTCD-25MAY2122-T110249.99,DELTA,47,24,55,20,1076,no,42,-100
2025-05-21T18:04:21.100491,KXBTCD-25MAY2122-T110249.99,DELTA,47,24,55,20,1077,no,2,-20000
2025-05-21T18:04:21.101019,KXBTCD-25MAY2122-T110249.99,DELTA,47,24,55,20,1078,no,34,-8
2025-05-21T18:04:21.101365,KXBTCD-25MAY2122-T110249.99,DELTA,47,24,55,20,1079,no,22,-1
2025-05-21T18:04:21.101662,KXBTCD-25MAY2122-T110249.99,DELTA,47,24,55,20,1080,yes,5,20000
2025-05-21T18:04:21.102249,KXBTCD-25MAY2122-T110249.99,DELTA,47,24,55,20,1081,no,43,-1000
2025-05-21T18:04:21.139340,KXBTCD-25MAY2122-T110249.99,DELTA,47,24,55,20,1082,no,11,1000
2025-05-21T18:04:21.840204,KXBTCD-25MAY2122-T110249.99,DELTA,47,24,55,19,1083,no,45,-1
2025-05-21T18:04:21.959355,KXBTCD-25MAY2122-T110249.99,DELTA,47,24,55,19,1084,no,22,2
2025-05-21T18:04:21.960374,KXBTCD-25MAY2122-T110249.99,DELTA,47,24,55,19,1085,no,37,7
2025-05-21T18:04:22.718848,KXBTCD-25MAY2122-T110249.99,DELTA,48,24,55,19,1086,yes,48,24
2025-05-21T18:04:22.719045,KXBTCD-25MAY2122-T110249.99,DELTA,48,24,55,19,1087,yes,47,-24
2025-05-21T18:04:22.739793,KXBTCD-25MAY2122-T110249.99,DELTA,48,24,55,19,1088,no,36,-24
2025-05-21T18:04:22.739957,KXBTCD-25MAY2122-T110249.99,DELTA,48,24,55,19,1089,no,34,24
2025-05-21T18:04:23.120422,KXBTCD-25MAY2122-T110249.99,DELTA,48,24,55,19,1090,yes,1,8000
2025-05-21T18:04:23.279182,KXBTCD-25MAY2122-T110249.99,DELTA,50,24,55,19,1091,yes,50,24
2025-05-21T18:04:23.279917,KXBTCD-25MAY2122-T110249.99,DELTA,50,24,55,19,1092,yes,48,-24
2025-05-21T18:04:23.298637,KXBTCD-25MAY2122-T110249.99,DELTA,50,24,55,19,1093,no,34,-24
2025-05-21T18:04:23.299055,KXBTCD-25MAY2122-T110249.99,DELTA,50,24,55,19,1094,no,33,24
2025-05-21T18:04:23.619963,KXBTCD-25MAY2122-T110249.99,DELTA,50,24,55,19,1095,yes,1,-8000
2025-05-21T18:04:23.718869,KXBTCD-25MAY2122-T110249.99,DELTA,51,100,55,19,1096,yes,51,100
2025-05-21T18:04:23.740035,KXBTCD-25MAY2122-T110249.99,DELTA,51,100,55,19,1097,no,41,100
2025-05-21T18:04:23.740745,KXBTCD-25MAY2122-T110249.99,DELTA,51,100,55,19,1098,no,37,-7
2025-05-21T18:04:23.741269,KXBTCD-25MAY2122-T110249.99,DELTA,51,100,55,19,1099,no,34,7
2025-05-21T18:04:23.799894,KXBTCD-25MAY2122-T110249.99,DELTA,51,100,55,19,1100,no,11,-1000
2025-05-21T18:04:23.839298,KXBTCD-25MAY2122-T110249.99,DELTA,51,100,55,19,1101,no,42,1000
2025-05-21T18:04:24.479526,KXBTCD-25MAY2122-T110249.99,DELTA,50,24,55,19,1102,yes,51,-100
2025-05-21T18:04:24.619316,KXBTCD-25MAY2122-T110249.99,DELTA,50,24,55,19,1103,no,34,-7
2025-05-21T18:04:24.620308,KXBTCD-25MAY2122-T110249.99,DELTA,50,24,55,19,1104,no,22,-2
2025-05-21T18:04:26.039428,KXBTCD-25MAY2122-T110249.99,DELTA,51,100,55,19,1105,yes,51,100
2025-05-21T18:04:26.500070,KXBTCD-25MAY2122-T110249.99,DELTA,51,100,55,19,1106,yes,1,8000
2025-05-21T18:04:26.640477,KXBTCD-25MAY2122-T110249.99,DELTA,50,24,55,19,1107,yes,51,-100
2025-05-21T18:04:27.298208,KXBTCD-25MAY2122-T110249.99,DELTA,50,24,55,19,1108,yes,4,-8100
2025-05-21T18:04:27.298401,KXBTCD-25MAY2122-T110249.99,DELTA,50,24,55,19,1109,yes,6,5400
2025-05-21T18:04:27.358845,KXBTCD-25MAY2122-T110249.99,DELTA,50,24,55,19,1110,yes,5,-20000
2025-05-21T18:04:27.377946,KXBTCD-25MAY2122-T110249.99,DELTA,50,24,55,19,1111,no,3,10800
2025-05-21T18:04:27.418015,KXBTCD-25MAY2122-T110249.99,DELTA,50,24,55,19,1112,yes,7,20000
2025-05-21T18:04:27.499317,KXBTCD-25MAY2122-T110249.99,DELTA,50,24,55,19,1113,no,4,20000
