timestamp,market_ticker,type,yes_bid_price_cents,yes_bid_qty,yes_ask_price_cents,yes_ask_qty_on_no_side,sequence_num,delta_side,delta_price_cents,delta_quantity
2025-05-22T17:05:56.445354,KXBTCD-25MAY2221-T111749.99,SNAPSHOT,29,264,35,3000,1,,,
2025-05-22T17:05:57.607811,KXBTCD-25MAY2221-T111749.99,DELTA,29,264,35,3000,2,no,64,-300
2025-05-22T17:05:57.624738,KXBTCD-25MAY2221-T111749.99,DELTA,29,264,34,50,3,no,66,50
2025-05-22T17:05:57.664455,KXBTCD-25MAY2221-T111749.99,DELTA,29,264,34,50,4,no,65,-2000
2025-05-22T17:05:57.684574,KXBTCD-25MAY2221-T111749.99,DELTA,29,264,34,50,5,no,64,-1250
2025-05-22T17:05:57.725047,KXBTCD-25MAY2221-T111749.99,DELTA,29,264,34,50,6,no,63,2000
2025-05-22T17:05:57.725219,KXBTCD-25MAY2221-T111749.99,DELTA,29,264,34,50,7,no,65,-1000
2025-05-22T17:05:57.743853,KXBTCD-25MAY2221-T111749.99,DELTA,29,264,34,50,8,no,63,1250
2025-05-22T17:05:57.784280,KXBTCD-25MAY2221-T111749.99,DELTA,29,264,33,1000,9,no,67,1000
2025-05-22T17:05:58.104911,KXBTCD-25MAY2221-T111749.99,DELTA,29,264,33,1000,10,yes,28,14
2025-05-22T17:05:58.105057,KXBTCD-25MAY2221-T111749.99,DELTA,29,264,33,1000,11,yes,28,-30
2025-05-22T17:05:58.105197,KXBTCD-25MAY2221-T111749.99,DELTA,29,250,33,1000,12,yes,29,-14
2025-05-22T17:05:58.105322,KXBTCD-25MAY2221-T111749.99,DELTA,29,250,33,1000,13,yes,27,30
2025-05-22T17:05:58.105414,KXBTCD-25MAY2221-T111749.99,DELTA,29,250,33,1000,14,no,62,30
2025-05-22T17:05:58.105485,KXBTCD-25MAY2221-T111749.99,DELTA,29,250,33,1000,15,no,62,-14
2025-05-22T17:05:58.105539,KXBTCD-25MAY2221-T111749.99,DELTA,29,250,33,1000,16,no,61,-30
2025-05-22T17:05:58.105588,KXBTCD-25MAY2221-T111749.99,DELTA,29,250,33,1000,17,no,63,14
2025-05-22T17:05:58.164683,KXBTCD-25MAY2221-T111749.99,DELTA,29,250,33,1000,18,no,64,250
2025-05-22T17:05:58.164850,KXBTCD-25MAY2221-T111749.99,DELTA,29,250,33,1000,19,no,54,-250
2025-05-22T17:05:58.184809,KXBTCD-25MAY2221-T111749.99,DELTA,28,14,33,1000,20,yes,29,-250
2025-05-22T17:05:58.203952,KXBTCD-25MAY2221-T111749.99,DELTA,28,14,33,1000,21,no,66,-50
2025-05-22T17:05:58.243869,KXBTCD-25MAY2221-T111749.99,DELTA,28,14,33,1000,22,no,63,-2000
2025-05-22T17:05:58.244484,KXBTCD-25MAY2221-T111749.99,DELTA,28,14,33,1000,23,no,63,-1250
2025-05-22T17:05:58.263912,KXBTCD-25MAY2221-T111749.99,DELTA,28,264,33,1000,24,yes,28,250
2025-05-22T17:05:58.264033,KXBTCD-25MAY2221-T111749.99,DELTA,28,264,36,350,25,no,67,-1000
2025-05-22T17:05:58.287312,KXBTCD-25MAY2221-T111749.99,DELTA,28,264,34,250,26,no,66,250
2025-05-22T17:05:58.305058,KXBTCD-25MAY2221-T111749.99,DELTA,28,264,34,250,27,no,65,2000
2025-05-22T17:05:58.305445,KXBTCD-25MAY2221-T111749.99,DELTA,28,264,34,250,28,no,65,1250
2025-05-22T17:05:58.324960,KXBTCD-25MAY2221-T111749.99,DELTA,28,264,34,250,29,no,65,1000
2025-05-22T17:05:58.384606,KXBTCD-25MAY2221-T111749.99,DELTA,28,264,34,250,30,no,64,-100
2025-05-22T17:05:58.384802,KXBTCD-25MAY2221-T111749.99,DELTA,28,264,34,250,31,no,65,-2000
2025-05-22T17:05:58.404622,KXBTCD-25MAY2221-T111749.99,DELTA,28,264,34,250,32,no,65,-1000
2025-05-22T17:05:58.444157,KXBTCD-25MAY2221-T111749.99,DELTA,28,264,33,1000,33,no,67,1000
2025-05-22T17:05:58.444243,KXBTCD-25MAY2221-T111749.99,DELTA,28,264,33,1000,34,no,66,2000
2025-05-22T17:05:58.664556,KXBTCD-25MAY2221-T111749.99,DELTA,28,264,33,1000,35,no,66,-2000
2025-05-22T17:05:58.683874,KXBTCD-25MAY2221-T111749.99,DELTA,28,264,33,1000,36,no,65,-1250
2025-05-22T17:05:58.743083,KXBTCD-25MAY2221-T111749.99,DELTA,28,264,33,1000,37,no,64,1250
2025-05-22T17:05:58.743208,KXBTCD-25MAY2221-T111749.99,DELTA,28,264,33,1000,38,no,65,2000
2025-05-22T17:05:59.163867,KXBTCD-25MAY2221-T111749.99,DELTA,28,264,33,1000,39,yes,20,-250
2025-05-22T17:05:59.164022,KXBTCD-25MAY2221-T111749.99,DELTA,28,264,33,1000,40,yes,10,250
2025-05-22T17:05:59.243863,KXBTCD-25MAY2221-T111749.99,DELTA,28,264,33,1000,41,yes,21,-2000
2025-05-22T17:05:59.264688,KXBTCD-25MAY2221-T111749.99,DELTA,28,264,33,1000,42,yes,21,-1000
2025-05-22T17:05:59.264820,KXBTCD-25MAY2221-T111749.99,DELTA,28,264,33,1000,43,yes,21,-1250
2025-05-22T17:05:59.323624,KXBTCD-25MAY2221-T111749.99,DELTA,28,264,33,1000,44,yes,19,2000
2025-05-22T17:05:59.343888,KXBTCD-25MAY2221-T111749.99,DELTA,28,264,33,1000,45,yes,19,1250
2025-05-22T17:05:59.343982,KXBTCD-25MAY2221-T111749.99,DELTA,28,264,33,1000,46,yes,19,1000
2025-05-22T17:05:59.927151,KXBTCD-25MAY2221-T111749.99,DELTA,28,264,33,1000,47,no,65,100
2025-05-22T17:05:59.984781,KXBTCD-25MAY2221-T111749.99,DELTA,28,264,33,1000,48,no,65,-2000
2025-05-22T17:05:59.985161,KXBTCD-25MAY2221-T111749.99,DELTA,28,264,33,1000,49,no,64,-1250
2025-05-22T17:06:00.024740,KXBTCD-25MAY2221-T111749.99,DELTA,28,264,33,1000,50,no,66,2000
2025-05-22T17:06:00.053935,KXBTCD-25MAY2221-T111749.99,DELTA,28,264,33,1000,51,yes,20,9
2025-05-22T17:06:00.054125,KXBTCD-25MAY2221-T111749.99,DELTA,28,264,33,1000,52,yes,22,-9
2025-05-22T17:06:00.054197,KXBTCD-25MAY2221-T111749.99,DELTA,28,264,33,1000,53,no,65,1250
2025-05-22T17:06:00.204202,KXBTCD-25MAY2221-T111749.99,DELTA,28,264,33,1000,54,no,66,-2000
2025-05-22T17:06:00.204363,KXBTCD-25MAY2221-T111749.99,DELTA,28,264,33,1000,55,no,65,-1250
2025-05-22T17:06:00.264851,KXBTCD-25MAY2221-T111749.99,DELTA,28,264,33,1000,56,no,66,2000
2025-05-22T17:06:00.265003,KXBTCD-25MAY2221-T111749.99,DELTA,28,264,33,1000,57,no,65,1250
2025-05-22T17:06:00.306336,KXBTCD-25MAY2221-T111749.99,DELTA,28,264,33,1000,58,yes,6,-5400
2025-05-22T17:06:00.306420,KXBTCD-25MAY2221-T111749.99,DELTA,28,264,33,1000,59,yes,8,4050
2025-05-22T17:06:00.324600,KXBTCD-25MAY2221-T111749.99,DELTA,28,14,33,1000,60,yes,28,-250
2025-05-22T17:06:00.345113,KXBTCD-25MAY2221-T111749.99,DELTA,28,14,33,1000,61,no,66,-2000
2025-05-22T17:06:00.345214,KXBTCD-25MAY2221-T111749.99,DELTA,28,14,33,1000,62,no,65,-1250
2025-05-22T17:06:00.384694,KXBTCD-25MAY2221-T111749.99,DELTA,28,14,33,1000,63,yes,7,-20000
2025-05-22T17:06:00.405089,KXBTCD-25MAY2221-T111749.99,DELTA,28,14,33,1000,64,no,66,-250
2025-05-22T17:06:00.444353,KXBTCD-25MAY2221-T111749.99,DELTA,28,14,33,1000,65,no,66,1250
2025-05-22T17:06:00.464366,KXBTCD-25MAY2221-T111749.99,DELTA,28,14,33,3000,66,no,67,2000
2025-05-22T17:06:00.464512,KXBTCD-25MAY2221-T111749.99,DELTA,28,14,33,3000,67,yes,27,150
2025-05-22T17:06:00.484026,KXBTCD-25MAY2221-T111749.99,DELTA,28,14,32,100,68,no,68,100
2025-05-22T17:06:00.484329,KXBTCD-25MAY2221-T111749.99,DELTA,28,14,32,100,69,yes,9,20000
2025-05-22T17:06:00.504997,KXBTCD-25MAY2221-T111749.99,DELTA,28,14,32,100,70,no,67,-1000
2025-05-22T17:06:00.585897,KXBTCD-25MAY2221-T111749.99,DELTA,28,14,32,100,71,yes,20,250
2025-05-22T17:06:00.587829,KXBTCD-25MAY2221-T111749.99,DELTA,28,14,32,100,72,yes,10,-250
2025-05-22T17:06:00.587937,KXBTCD-25MAY2221-T111749.99,DELTA,28,14,32,100,73,no,67,-2000
2025-05-22T17:06:00.588004,KXBTCD-25MAY2221-T111749.99,DELTA,28,14,32,100,74,no,66,-1250
2025-05-22T17:06:00.588120,KXBTCD-25MAY2221-T111749.99,DELTA,28,14,32,100,75,no,66,250
2025-05-22T17:06:00.588208,KXBTCD-25MAY2221-T111749.99,DELTA,28,14,32,100,76,no,56,-250
2025-05-22T17:06:00.624874,KXBTCD-25MAY2221-T111749.99,DELTA,28,14,32,100,77,no,66,1000
2025-05-22T17:06:00.664783,KXBTCD-25MAY2221-T111749.99,DELTA,28,14,32,100,78,no,65,2000
2025-05-22T17:06:00.664906,KXBTCD-25MAY2221-T111749.99,DELTA,28,14,32,100,79,no,65,1250
2025-05-22T17:06:00.684271,KXBTCD-25MAY2221-T111749.99,DELTA,28,14,32,100,80,yes,19,-2000
2025-05-22T17:06:00.684651,KXBTCD-25MAY2221-T111749.99,DELTA,28,14,32,100,81,yes,19,-1000
2025-05-22T17:06:00.704205,KXBTCD-25MAY2221-T111749.99,DELTA,28,14,32,100,82,yes,19,-1250
2025-05-22T17:06:00.704284,KXBTCD-25MAY2221-T111749.99,DELTA,28,14,32,100,83,no,65,-2000
2025-05-22T17:06:00.723868,KXBTCD-25MAY2221-T111749.99,DELTA,28,14,32,100,84,no,66,-1000
2025-05-22T17:06:00.723932,KXBTCD-25MAY2221-T111749.99,DELTA,28,14,32,100,85,no,65,-1250
2025-05-22T17:06:00.743868,KXBTCD-25MAY2221-T111749.99,DELTA,28,14,32,100,86,yes,21,2000
2025-05-22T17:06:00.743995,KXBTCD-25MAY2221-T111749.99,DELTA,28,14,32,100,87,yes,21,1000
2025-05-22T17:06:00.744057,KXBTCD-25MAY2221-T111749.99,DELTA,28,14,32,100,88,yes,21,1250
2025-05-22T17:06:00.783676,KXBTCD-25MAY2221-T111749.99,DELTA,28,14,31,1000,89,no,69,1000
2025-05-22T17:06:00.783819,KXBTCD-25MAY2221-T111749.99,DELTA,28,14,31,1000,90,no,66,1250
2025-05-22T17:06:00.783893,KXBTCD-25MAY2221-T111749.99,DELTA,28,14,31,1000,91,no,67,2000
2025-05-22T17:06:00.803902,KXBTCD-25MAY2221-T111749.99,DELTA,28,14,31,1000,92,yes,20,-9
2025-05-22T17:06:00.803985,KXBTCD-25MAY2221-T111749.99,DELTA,28,14,31,1000,93,yes,21,9
2025-05-22T17:06:00.904538,KXBTCD-25MAY2221-T111749.99,DELTA,28,14,31,1000,94,yes,26,14
2025-05-22T17:06:00.924576,KXBTCD-25MAY2221-T111749.99,DELTA,27,180,31,1000,95,yes,28,-14
2025-05-22T17:06:00.924669,KXBTCD-25MAY2221-T111749.99,DELTA,27,150,31,1000,96,yes,27,-30
2025-05-22T17:06:00.924739,KXBTCD-25MAY2221-T111749.99,DELTA,27,150,31,1000,97,no,65,14
2025-05-22T17:06:00.924804,KXBTCD-25MAY2221-T111749.99,DELTA,27,150,31,1000,98,yes,25,30
2025-05-22T17:06:00.924866,KXBTCD-25MAY2221-T111749.99,DELTA,27,150,31,1000,99,no,62,-30
2025-05-22T17:06:00.924922,KXBTCD-25MAY2221-T111749.99,DELTA,27,150,31,1000,100,no,64,30
2025-05-22T17:06:00.924978,KXBTCD-25MAY2221-T111749.99,DELTA,27,150,31,1000,101,no,63,-14
2025-05-22T17:06:00.944370,KXBTCD-25MAY2221-T111749.99,DELTA,27,150,31,1000,102,no,12,-8000
2025-05-22T17:06:01.015652,KXBTCD-25MAY2221-T111749.99,DELTA,27,150,31,1000,103,no,13,8000
2025-05-22T17:06:01.015766,KXBTCD-25MAY2221-T111749.99,DELTA,27,150,31,1000,104,yes,21,-1000
2025-05-22T17:06:01.025019,KXBTCD-25MAY2221-T111749.99,DELTA,26,14,31,1000,105,yes,27,-150
2025-05-22T17:06:01.084162,KXBTCD-25MAY2221-T111749.99,DELTA,26,14,31,1000,106,yes,25,1000
2025-05-22T17:06:01.104304,KXBTCD-25MAY2221-T111749.99,DELTA,26,264,31,1000,107,yes,26,250
2025-05-22T17:06:01.205713,KXBTCD-25MAY2221-T111749.99,DELTA,26,264,31,1000,108,no,68,250
2025-05-22T17:06:01.205870,KXBTCD-25MAY2221-T111749.99,DELTA,26,264,31,1000,109,no,58,-250
2025-05-22T17:06:01.664612,KXBTCD-25MAY2221-T111749.99,DELTA,26,264,31,1000,110,yes,25,-1000
2025-05-22T17:06:01.684173,KXBTCD-25MAY2221-T111749.99,DELTA,26,264,31,1000,111,no,66,-1250
2025-05-22T17:06:01.724032,KXBTCD-25MAY2221-T111749.99,DELTA,26,264,31,1000,112,yes,21,1000
2025-05-22T17:06:01.744142,KXBTCD-25MAY2221-T111749.99,DELTA,26,264,31,1000,113,no,67,1250
2025-05-22T17:06:01.843777,KXBTCD-25MAY2221-T111749.99,DELTA,26,264,31,1000,114,yes,21,-9
2025-05-22T17:06:01.843915,KXBTCD-25MAY2221-T111749.99,DELTA,26,264,31,1000,115,yes,22,9
2025-05-22T17:06:01.964292,KXBTCD-25MAY2221-T111749.99,DELTA,26,264,31,1000,116,no,65,-100
2025-05-22T17:06:02.064312,KXBTCD-25MAY2221-T111749.99,DELTA,26,264,31,1000,117,yes,21,-1000
2025-05-22T17:06:02.064425,KXBTCD-25MAY2221-T111749.99,DELTA,26,264,31,1000,118,no,67,-1250
2025-05-22T17:06:02.124572,KXBTCD-25MAY2221-T111749.99,DELTA,26,264,31,1000,119,no,66,1250
2025-05-22T17:06:02.124662,KXBTCD-25MAY2221-T111749.99,DELTA,26,264,31,1000,120,yes,25,1000
2025-05-22T17:06:03.083488,KXBTCD-25MAY2221-T111749.99,DELTA,26,264,31,1000,121,yes,8,-4050
2025-05-22T17:06:03.083647,KXBTCD-25MAY2221-T111749.99,DELTA,26,264,31,1000,122,yes,9,3600
2025-05-22T17:06:03.143919,KXBTCD-25MAY2221-T111749.99,DELTA,26,264,31,1000,123,no,13,-2492
2025-05-22T17:06:03.144083,KXBTCD-25MAY2221-T111749.99,DELTA,26,264,31,1000,124,no,14,2314
2025-05-22T17:06:03.144370,KXBTCD-25MAY2221-T111749.99,DELTA,26,264,31,1000,125,yes,9,-20000
2025-05-22T17:06:03.203905,KXBTCD-25MAY2221-T111749.99,DELTA,26,264,31,1000,126,yes,22,-9
2025-05-22T17:06:03.204078,KXBTCD-25MAY2221-T111749.99,DELTA,26,264,31,1000,127,yes,10,20000
2025-05-22T17:06:03.503453,KXBTCD-25MAY2221-T111749.99,DELTA,26,264,31,1000,128,no,68,-100
2025-05-22T17:06:03.543745,KXBTCD-25MAY2221-T111749.99,DELTA,26,264,31,1000,129,no,68,250
2025-05-22T17:06:04.367011,KXBTCD-25MAY2221-T111749.99,DELTA,26,264,31,1000,130,yes,25,-1000
2025-05-22T17:06:04.367146,KXBTCD-25MAY2221-T111749.99,DELTA,26,264,31,1000,131,no,67,-2000
2025-05-22T17:06:04.377716,KXBTCD-25MAY2221-T111749.99,DELTA,26,264,31,1000,132,no,66,-1250
2025-05-22T17:06:04.389020,KXBTCD-25MAY2221-T111749.99,DELTA,26,264,31,1000,133,yes,9,-3600
2025-05-22T17:06:04.389137,KXBTCD-25MAY2221-T111749.99,DELTA,26,264,31,1000,134,yes,6,5400
2025-05-22T17:06:04.424402,KXBTCD-25MAY2221-T111749.99,DELTA,26,264,31,1000,135,no,68,2000
2025-05-22T17:06:04.444412,KXBTCD-25MAY2221-T111749.99,DELTA,26,264,31,1000,136,no,67,1250
2025-05-22T17:06:04.444548,KXBTCD-25MAY2221-T111749.99,DELTA,26,264,31,1000,137,yes,21,1000
2025-05-22T17:06:04.466517,KXBTCD-25MAY2221-T111749.99,DELTA,26,264,31,1000,138,yes,10,-20000
2025-05-22T17:06:04.524529,KXBTCD-25MAY2221-T111749.99,DELTA,26,264,31,1000,139,yes,22,9
2025-05-22T17:06:04.524652,KXBTCD-25MAY2221-T111749.99,DELTA,26,264,31,1000,140,no,65,100
2025-05-22T17:06:04.544024,KXBTCD-25MAY2221-T111749.99,DELTA,26,264,31,1000,141,yes,7,20000
2025-05-22T17:06:04.766748,KXBTCD-25MAY2221-T111749.99,DELTA,26,264,31,1000,142,no,65,-100
2025-05-22T17:06:04.873153,KXBTCD-25MAY2221-T111749.99,DELTA,26,264,31,1000,143,yes,21,-1250
2025-05-22T17:06:04.873306,KXBTCD-25MAY2221-T111749.99,DELTA,26,264,31,1000,144,no,41,-3000
2025-05-22T17:06:04.873376,KXBTCD-25MAY2221-T111749.99,DELTA,26,264,31,1000,145,no,13,-8000
2025-05-22T17:06:04.926438,KXBTCD-25MAY2221-T111749.99,DELTA,26,14,31,1000,146,yes,26,-250
2025-05-22T17:06:04.926566,KXBTCD-25MAY2221-T111749.99,DELTA,26,14,31,1000,147,no,68,-250
2025-05-22T17:06:04.984152,KXBTCD-25MAY2221-T111749.99,DELTA,26,14,31,1000,148,no,14,8000
2025-05-22T17:06:04.984291,KXBTCD-25MAY2221-T111749.99,DELTA,26,14,31,1000,149,no,67,-1250
2025-05-22T17:06:04.984559,KXBTCD-25MAY2221-T111749.99,DELTA,26,14,31,1000,150,yes,20,1250
2025-05-22T17:06:04.984626,KXBTCD-25MAY2221-T111749.99,DELTA,26,14,31,1000,151,no,52,3000
2025-05-22T17:06:05.060874,KXBTCD-25MAY2221-T111749.99,DELTA,26,14,31,1000,152,yes,25,150
2025-05-22T17:06:05.061103,KXBTCD-25MAY2221-T111749.99,DELTA,26,14,30,100,153,no,70,100
2025-05-22T17:06:05.071300,KXBTCD-25MAY2221-T111749.99,DELTA,26,14,30,100,154,no,68,1250
2025-05-22T17:06:05.144137,KXBTCD-25MAY2221-T111749.99,DELTA,26,14,30,100,155,no,69,-1000
2025-05-22T17:06:05.184066,KXBTCD-25MAY2221-T111749.99,DELTA,26,14,30,100,156,no,60,-250
2025-05-22T17:06:05.184378,KXBTCD-25MAY2221-T111749.99,DELTA,26,14,30,350,157,no,70,250
2025-05-22T17:06:05.184460,KXBTCD-25MAY2221-T111749.99,DELTA,26,14,29,1000,158,no,71,1000
2025-05-22T17:06:05.184533,KXBTCD-25MAY2221-T111749.99,DELTA,26,14,29,1000,159,yes,10,250
2025-05-22T17:06:05.204047,KXBTCD-25MAY2221-T111749.99,DELTA,26,14,29,1000,160,yes,20,-250
2025-05-22T17:06:05.284195,KXBTCD-25MAY2221-T111749.99,DELTA,26,14,29,1000,161,yes,21,-2000
2025-05-22T17:06:05.284367,KXBTCD-25MAY2221-T111749.99,DELTA,26,14,29,1000,162,yes,21,-1000
2025-05-22T17:06:05.303901,KXBTCD-25MAY2221-T111749.99,DELTA,26,14,29,1000,163,yes,20,-1250
2025-05-22T17:06:05.343508,KXBTCD-25MAY2221-T111749.99,DELTA,26,14,29,1000,164,yes,19,1250
2025-05-22T17:06:05.343597,KXBTCD-25MAY2221-T111749.99,DELTA,26,14,29,1000,165,yes,19,1000
2025-05-22T17:06:05.343666,KXBTCD-25MAY2221-T111749.99,DELTA,26,14,29,1000,166,yes,19,2000
2025-05-22T17:06:05.503764,KXBTCD-25MAY2221-T111749.99,DELTA,26,14,29,1000,167,yes,6,-5400
2025-05-22T17:06:05.503920,KXBTCD-25MAY2221-T111749.99,DELTA,26,14,29,1000,168,yes,8,4050
2025-05-22T17:06:05.543708,KXBTCD-25MAY2221-T111749.99,DELTA,26,14,29,1000,169,no,14,-2314
2025-05-22T17:06:05.543887,KXBTCD-25MAY2221-T111749.99,DELTA,26,14,29,1000,170,no,15,2160
2025-05-22T17:06:05.584674,KXBTCD-25MAY2221-T111749.99,DELTA,26,14,29,1000,171,yes,7,-20000
2025-05-22T17:06:05.623782,KXBTCD-25MAY2221-T111749.99,DELTA,26,14,29,1000,172,yes,9,20000
2025-05-22T17:06:06.211467,KXBTCD-25MAY2221-T111749.99,DELTA,26,14,29,1000,173,no,68,-1250
2025-05-22T17:06:06.244709,KXBTCD-25MAY2221-T111749.99,DELTA,26,14,29,1000,174,no,67,1250
2025-05-22T17:06:06.265087,KXBTCD-25MAY2221-T111749.99,DELTA,26,14,29,1000,175,no,66,100
2025-05-22T17:06:06.324325,KXBTCD-25MAY2221-T111749.99,DELTA,26,14,29,1000,176,yes,22,-9
2025-05-22T17:06:06.324541,KXBTCD-25MAY2221-T111749.99,DELTA,26,14,29,1000,177,yes,20,9
2025-05-22T17:06:06.424401,KXBTCD-25MAY2221-T111749.99,DELTA,26,14,29,1000,178,no,68,-2000
2025-05-22T17:06:06.444435,KXBTCD-25MAY2221-T111749.99,DELTA,26,14,29,1000,179,no,67,-1250
2025-05-22T17:06:06.444688,KXBTCD-25MAY2221-T111749.99,DELTA,26,14,29,1000,180,no,14,-8000
2025-05-22T17:06:06.505861,KXBTCD-25MAY2221-T111749.99,DELTA,26,14,29,1000,181,no,15,8000
2025-05-22T17:06:06.506022,KXBTCD-25MAY2221-T111749.99,DELTA,26,14,29,1000,182,no,69,2000
2025-05-22T17:06:06.523505,KXBTCD-25MAY2221-T111749.99,DELTA,26,14,29,1000,183,no,68,1250
2025-05-22T17:06:06.724326,KXBTCD-25MAY2221-T111749.99,DELTA,26,14,29,1000,184,yes,8,-4050
2025-05-22T17:06:06.724813,KXBTCD-25MAY2221-T111749.99,DELTA,26,14,29,1000,185,yes,6,5400
2025-05-22T17:06:06.784926,KXBTCD-25MAY2221-T111749.99,DELTA,26,14,29,1000,186,no,15,-2160
2025-05-22T17:06:06.785472,KXBTCD-25MAY2221-T111749.99,DELTA,26,14,29,1000,187,no,16,2025
2025-05-22T17:06:06.785772,KXBTCD-25MAY2221-T111749.99,DELTA,26,14,29,1000,188,yes,9,-20000
2025-05-22T17:06:06.844526,KXBTCD-25MAY2221-T111749.99,DELTA,26,14,29,1000,189,yes,7,20000
2025-05-22T17:06:08.023691,KXBTCD-25MAY2221-T111749.99,DELTA,26,14,29,1000,190,yes,6,-5400
2025-05-22T17:06:08.024025,KXBTCD-25MAY2221-T111749.99,DELTA,26,14,29,1000,191,yes,8,4050
2025-05-22T17:06:08.084914,KXBTCD-25MAY2221-T111749.99,DELTA,26,14,29,1000,192,yes,24,14
2025-05-22T17:06:08.085244,KXBTCD-25MAY2221-T111749.99,DELTA,26,14,29,1000,193,yes,23,30
2025-05-22T17:06:08.085423,KXBTCD-25MAY2221-T111749.99,DELTA,25,180,29,1000,194,yes,26,-14
2025-05-22T17:06:08.085503,KXBTCD-25MAY2221-T111749.99,DELTA,25,180,29,1000,195,yes,7,-20000
2025-05-22T17:06:08.085560,KXBTCD-25MAY2221-T111749.99,DELTA,25,180,29,1000,196,no,67,14
2025-05-22T17:06:08.085610,KXBTCD-25MAY2221-T111749.99,DELTA,25,180,29,1000,197,no,65,-14
2025-05-22T17:06:08.085656,KXBTCD-25MAY2221-T111749.99,DELTA,25,180,29,1000,198,no,66,30
2025-05-22T17:06:08.170523,KXBTCD-25MAY2221-T111749.99,DELTA,25,180,29,1000,199,yes,9,20000
2025-05-22T17:06:08.170725,KXBTCD-25MAY2221-T111749.99,DELTA,25,150,29,1000,200,yes,25,-30
2025-05-22T17:06:08.170841,KXBTCD-25MAY2221-T111749.99,DELTA,25,150,29,1000,201,no,64,-30
2025-05-22T17:06:08.170933,KXBTCD-25MAY2221-T111749.99,DELTA,25,150,29,1000,202,yes,19,-1000
2025-05-22T17:06:08.206639,KXBTCD-25MAY2221-T111749.99,DELTA,25,150,29,1000,203,yes,23,1000
2025-05-22T17:06:08.364468,KXBTCD-25MAY2221-T111749.99,DELTA,25,150,29,1000,204,no,66,-100
2025-05-22T17:06:09.864847,KXBTCD-25MAY2221-T111749.99,DELTA,24,14,29,1000,205,yes,25,-150
2025-05-22T17:06:09.866164,KXBTCD-25MAY2221-T111749.99,DELTA,24,14,29,1000,206,no,70,-100
2025-05-22T17:06:09.904669,KXBTCD-25MAY2221-T111749.99,DELTA,24,14,29,1000,207,no,68,-1250
2025-05-22T17:06:09.905094,KXBTCD-25MAY2221-T111749.99,DELTA,24,264,29,1000,208,yes,24,250
2025-05-22T17:06:09.923722,KXBTCD-25MAY2221-T111749.99,DELTA,24,264,29,1000,209,no,70,300
2025-05-22T17:06:09.924227,KXBTCD-25MAY2221-T111749.99,DELTA,24,264,29,1000,210,yes,23,-1000
2025-05-22T17:06:09.945330,KXBTCD-25MAY2221-T111749.99,DELTA,24,264,29,1000,211,no,15,-8000
2025-05-22T17:06:09.985362,KXBTCD-25MAY2221-T111749.99,DELTA,24,14,29,1000,212,yes,24,-250
2025-05-22T17:06:09.985518,KXBTCD-25MAY2221-T111749.99,DELTA,24,14,29,1000,213,yes,20,-9
2025-05-22T17:06:10.065376,KXBTCD-25MAY2221-T111749.99,DELTA,24,14,29,1000,214,yes,23,300
2025-05-22T17:06:10.086101,KXBTCD-25MAY2221-T111749.99,DELTA,24,14,29,1000,215,no,69,1250
2025-05-22T17:06:10.105129,KXBTCD-25MAY2221-T111749.99,DELTA,24,14,29,1000,216,yes,19,1000
2025-05-22T17:06:10.105312,KXBTCD-25MAY2221-T111749.99,DELTA,24,14,29,1000,217,no,67,100
2025-05-22T17:06:10.144336,KXBTCD-25MAY2221-T111749.99,DELTA,24,14,29,1000,218,no,16,8000
2025-05-22T17:06:10.224350,KXBTCD-25MAY2221-T111749.99,DELTA,24,14,29,1000,219,no,69,-2000
2025-05-22T17:06:10.284322,KXBTCD-25MAY2221-T111749.99,DELTA,24,14,29,1000,220,no,70,2000
2025-05-22T17:06:11.524129,KXBTCD-25MAY2221-T111749.99,DELTA,24,14,29,1000,221,no,67,-100
2025-05-22T17:06:11.623614,KXBTCD-25MAY2221-T111749.99,DELTA,24,14,29,1000,222,yes,20,9
2025-05-22T17:06:12.184011,KXBTCD-25MAY2221-T111749.99,DELTA,24,14,29,1000,223,yes,19,-1000
2025-05-22T17:06:12.184216,KXBTCD-25MAY2221-T111749.99,DELTA,24,14,29,1000,224,no,70,-2000
2025-05-22T17:06:12.223941,KXBTCD-25MAY2221-T111749.99,DELTA,24,14,29,1000,225,no,69,2000
2025-05-22T17:06:12.243175,KXBTCD-25MAY2221-T111749.99,DELTA,24,14,29,1000,226,yes,23,1000
2025-05-22T17:06:12.874246,KXBTCD-25MAY2221-T111749.99,DELTA,24,14,29,1000,227,no,69,-1250
2025-05-22T17:06:12.874377,KXBTCD-25MAY2221-T111749.99,DELTA,24,14,29,1000,228,no,67,100
2025-05-22T17:06:12.874720,KXBTCD-25MAY2221-T111749.99,DELTA,24,14,29,1000,229,no,68,1250
2025-05-22T17:06:12.923712,KXBTCD-25MAY2221-T111749.99,DELTA,24,14,29,1000,230,yes,20,-9
2025-05-22T17:06:13.266382,KXBTCD-25MAY2221-T111749.99,DELTA,24,14,29,1000,231,yes,23,-300
2025-05-22T17:06:13.323897,KXBTCD-25MAY2221-T111749.99,DELTA,25,100,29,1000,232,yes,25,100
2025-05-22T17:06:13.366547,KXBTCD-25MAY2221-T111749.99,DELTA,24,14,29,1000,233,yes,25,-100
2025-05-22T17:06:13.446484,KXBTCD-25MAY2221-T111749.99,DELTA,25,250,29,1000,234,yes,25,250
2025-05-22T17:06:13.703643,KXBTCD-25MAY2221-T111749.99,DELTA,25,250,29,1000,235,yes,23,-1000
2025-05-22T17:06:13.704448,KXBTCD-25MAY2221-T111749.99,DELTA,25,250,29,1000,236,no,69,-2000
2025-05-22T17:06:13.724475,KXBTCD-25MAY2221-T111749.99,DELTA,25,250,29,1000,237,no,68,-1250
2025-05-22T17:06:13.764858,KXBTCD-25MAY2221-T111749.99,DELTA,25,250,29,1000,238,no,68,2000
2025-05-22T17:06:13.765152,KXBTCD-25MAY2221-T111749.99,DELTA,25,250,29,1000,239,yes,24,1000
2025-05-22T17:06:13.765231,KXBTCD-25MAY2221-T111749.99,DELTA,25,250,29,1000,240,no,67,1250
2025-05-22T17:06:13.783273,KXBTCD-25MAY2221-T111749.99,DELTA,25,250,29,1000,241,no,70,-300
2025-05-22T17:06:13.824020,KXBTCD-25MAY2221-T111749.99,DELTA,25,250,29,1000,242,yes,20,9
2025-05-22T17:06:13.824129,KXBTCD-25MAY2221-T111749.99,DELTA,25,250,29,1000,243,no,69,100
2025-05-22T17:06:13.884366,KXBTCD-25MAY2221-T111749.99,DELTA,25,250,29,1000,244,no,69,-100
2025-05-22T17:06:13.983953,KXBTCD-25MAY2221-T111749.99,DELTA,24,1014,29,1000,245,yes,25,-250
2025-05-22T17:06:13.985159,KXBTCD-25MAY2221-T111749.99,DELTA,24,1014,29,1000,246,yes,8,-4050
2025-05-22T17:06:13.985229,KXBTCD-25MAY2221-T111749.99,DELTA,24,1014,29,1000,247,yes,6,5400
2025-05-22T17:06:14.024030,KXBTCD-25MAY2221-T111749.99,DELTA,27,100,29,1000,248,yes,27,100
2025-05-22T17:06:14.044029,KXBTCD-25MAY2221-T111749.99,DELTA,27,100,29,1000,249,no,68,150
2025-05-22T17:06:14.044174,KXBTCD-25MAY2221-T111749.99,DELTA,27,100,29,1000,250,no,16,-2025
2025-05-22T17:06:14.044240,KXBTCD-25MAY2221-T111749.99,DELTA,27,100,29,1000,251,no,17,1905
2025-05-22T17:06:14.084834,KXBTCD-25MAY2221-T111749.99,DELTA,27,100,29,1000,252,yes,9,-20000
2025-05-22T17:06:14.144070,KXBTCD-25MAY2221-T111749.99,DELTA,27,100,29,1000,253,yes,7,20000
2025-05-22T17:06:14.185030,KXBTCD-25MAY2221-T111749.99,DELTA,27,100,29,1000,254,no,60,250
2025-05-22T17:06:14.203928,KXBTCD-25MAY2221-T111749.99,DELTA,27,100,29,1000,255,no,70,-250
2025-05-22T17:06:14.204085,KXBTCD-25MAY2221-T111749.99,DELTA,27,100,29,1000,256,yes,20,250
2025-05-22T17:06:14.223575,KXBTCD-25MAY2221-T111749.99,DELTA,27,100,29,1000,257,yes,10,-250
2025-05-22T17:06:14.263949,KXBTCD-25MAY2221-T111749.99,DELTA,27,100,29,1000,258,yes,19,-2000
2025-05-22T17:06:14.284055,KXBTCD-25MAY2221-T111749.99,DELTA,27,100,29,1000,259,yes,19,-1250
2025-05-22T17:06:14.284183,KXBTCD-25MAY2221-T111749.99,DELTA,27,100,32,2400,260,no,71,-1000
2025-05-22T17:06:14.344229,KXBTCD-25MAY2221-T111749.99,DELTA,27,100,32,2400,261,yes,21,2000
2025-05-22T17:06:14.344425,KXBTCD-25MAY2221-T111749.99,DELTA,27,100,32,2400,262,yes,20,1250
2025-05-22T17:06:14.344504,KXBTCD-25MAY2221-T111749.99,DELTA,27,100,31,1000,263,no,69,1000
2025-05-22T17:06:14.644646,KXBTCD-25MAY2221-T111749.99,DELTA,27,100,31,1000,264,yes,20,-1250
2025-05-22T17:06:14.664972,KXBTCD-25MAY2221-T111749.99,DELTA,27,100,31,1000,265,no,68,-2000
2025-05-22T17:06:14.665053,KXBTCD-25MAY2221-T111749.99,DELTA,27,100,31,1000,266,no,67,-1250
2025-05-22T17:06:14.725068,KXBTCD-25MAY2221-T111749.99,DELTA,27,100,31,1000,267,no,67,2000
2025-05-22T17:06:14.725143,KXBTCD-25MAY2221-T111749.99,DELTA,27,100,31,1000,268,yes,21,1250
2025-05-22T17:06:14.804426,KXBTCD-25MAY2221-T111749.99,DELTA,27,100,31,1000,269,yes,20,-9
2025-05-22T17:06:14.844845,KXBTCD-25MAY2221-T111749.99,DELTA,27,100,31,1000,270,no,66,1250
2025-05-22T17:06:15.744316,KXBTCD-25MAY2221-T111749.99,DELTA,24,1014,31,1000,271,yes,27,-100
2025-05-22T17:06:15.783623,KXBTCD-25MAY2221-T111749.99,DELTA,26,300,31,1000,272,yes,26,300
2025-05-22T17:06:16.937605,KXBTCD-25MAY2221-T111749.99,DELTA,26,300,31,1000,273,yes,6,-5400
2025-05-22T17:06:16.937986,KXBTCD-25MAY2221-T111749.99,DELTA,26,300,31,1000,274,yes,7,4628
2025-05-22T17:06:16.938119,KXBTCD-25MAY2221-T111749.99,DELTA,26,300,31,1000,275,yes,7,-20000
2025-05-22T17:06:17.029844,KXBTCD-25MAY2221-T111749.99,DELTA,26,300,31,1000,276,yes,8,20000
2025-05-22T17:06:18.003882,KXBTCD-25MAY2221-T111749.99,DELTA,26,300,31,1000,277,yes,7,-4628
2025-05-22T17:06:18.004009,KXBTCD-25MAY2221-T111749.99,DELTA,26,300,31,1000,278,yes,6,5400
2025-05-22T17:06:18.064521,KXBTCD-25MAY2221-T111749.99,DELTA,26,300,31,1000,279,yes,8,-20000
2025-05-22T17:06:18.124225,KXBTCD-25MAY2221-T111749.99,DELTA,26,300,31,1000,280,yes,7,20000
2025-05-22T17:06:19.144316,KXBTCD-25MAY2221-T111749.99,DELTA,26,300,31,1000,281,no,60,-250
2025-05-22T17:06:19.144434,KXBTCD-25MAY2221-T111749.99,DELTA,26,300,31,1000,282,yes,21,-1250
2025-05-22T17:06:19.164251,KXBTCD-25MAY2221-T111749.99,DELTA,26,300,31,1000,283,no,67,-2000
2025-05-22T17:06:19.164336,KXBTCD-25MAY2221-T111749.99,DELTA,26,300,30,250,284,no,70,250
2025-05-22T17:06:19.164394,KXBTCD-25MAY2221-T111749.99,DELTA,26,300,30,250,285,no,66,-1250
2025-05-22T17:06:19.164448,KXBTCD-25MAY2221-T111749.99,DELTA,24,1014,30,250,286,yes,26,-300
2025-05-22T17:06:19.204188,KXBTCD-25MAY2221-T111749.99,DELTA,24,1014,30,250,287,yes,6,-5400
2025-05-22T17:06:19.204274,KXBTCD-25MAY2221-T111749.99,DELTA,24,1014,30,250,288,yes,7,4628
2025-05-22T17:06:19.224176,KXBTCD-25MAY2221-T111749.99,DELTA,25,250,30,250,289,yes,25,250
2025-05-22T17:06:19.243733,KXBTCD-25MAY2221-T111749.99,DELTA,25,250,30,250,290,no,68,2000
2025-05-22T17:06:19.243848,KXBTCD-25MAY2221-T111749.99,DELTA,25,250,30,250,291,yes,20,1250
2025-05-22T17:06:19.243912,KXBTCD-25MAY2221-T111749.99,DELTA,25,250,30,250,292,no,67,1250
2025-05-22T17:06:19.303910,KXBTCD-25MAY2221-T111749.99,DELTA,25,250,30,250,293,yes,7,-20000
2025-05-22T17:06:19.304015,KXBTCD-25MAY2221-T111749.99,DELTA,25,250,30,250,294,yes,20,-1250
2025-05-22T17:06:19.324964,KXBTCD-25MAY2221-T111749.99,DELTA,25,250,30,250,295,no,69,-1000
2025-05-22T17:06:19.363238,KXBTCD-25MAY2221-T111749.99,DELTA,25,250,30,250,296,yes,8,20000
2025-05-22T17:06:19.363335,KXBTCD-25MAY2221-T111749.99,DELTA,25,250,30,250,297,yes,21,1250
2025-05-22T17:06:19.363394,KXBTCD-25MAY2221-T111749.99,DELTA,25,250,29,1000,298,no,71,1000
2025-05-22T17:06:19.963762,KXBTCD-25MAY2221-T111749.99,DELTA,25,250,29,1000,299,no,68,-150
2025-05-22T17:06:19.983829,KXBTCD-25MAY2221-T111749.99,DELTA,25,250,29,1000,300,no,70,50
2025-05-22T17:06:20.144038,KXBTCD-25MAY2221-T111749.99,DELTA,25,250,29,1000,301,no,60,250
2025-05-22T17:06:20.163673,KXBTCD-25MAY2221-T111749.99,DELTA,25,250,29,1000,302,no,70,-250
2025-05-22T17:06:20.303141,KXBTCD-25MAY2221-T111749.99,DELTA,25,250,29,1000,303,yes,7,-4628
2025-05-22T17:06:20.303244,KXBTCD-25MAY2221-T111749.99,DELTA,25,250,29,1000,304,yes,6,5400
2025-05-22T17:06:20.365120,KXBTCD-25MAY2221-T111749.99,DELTA,25,250,29,1000,305,yes,21,-1250
2025-05-22T17:06:20.384510,KXBTCD-25MAY2221-T111749.99,DELTA,25,250,29,1000,306,yes,8,-20000
2025-05-22T17:06:20.423981,KXBTCD-25MAY2221-T111749.99,DELTA,24,1014,29,1000,307,yes,25,-250
2025-05-22T17:06:20.424105,KXBTCD-25MAY2221-T111749.99,DELTA,24,1014,29,1000,308,yes,20,1250
2025-05-22T17:06:20.424163,KXBTCD-25MAY2221-T111749.99,DELTA,24,1014,29,1000,309,no,70,-50
2025-05-22T17:06:20.464239,KXBTCD-25MAY2221-T111749.99,DELTA,24,1014,29,1000,310,yes,10,250
2025-05-22T17:06:20.464391,KXBTCD-25MAY2221-T111749.99,DELTA,24,1014,29,1000,311,yes,20,-250
2025-05-22T17:06:20.464519,KXBTCD-25MAY2221-T111749.99,DELTA,24,1014,29,1000,312,yes,7,20000
2025-05-22T17:06:20.525103,KXBTCD-25MAY2221-T111749.99,DELTA,24,1014,29,1000,313,yes,21,-2000
2025-05-22T17:06:20.545129,KXBTCD-25MAY2221-T111749.99,DELTA,24,14,29,1000,314,yes,24,-1000
2025-05-22T17:06:20.545455,KXBTCD-25MAY2221-T111749.99,DELTA,24,214,29,1000,315,yes,24,200
2025-05-22T17:06:20.545865,KXBTCD-25MAY2221-T111749.99,DELTA,24,214,29,1000,316,no,68,-2000
2025-05-22T17:06:20.546208,KXBTCD-25MAY2221-T111749.99,DELTA,24,214,32,250,317,no,71,-1000
2025-05-22T17:06:20.564466,KXBTCD-25MAY2221-T111749.99,DELTA,24,214,29,50,318,no,71,50
2025-05-22T17:06:20.564679,KXBTCD-25MAY2221-T111749.99,DELTA,24,214,29,50,319,no,67,-1250
2025-05-22T17:06:20.584588,KXBTCD-25MAY2221-T111749.99,DELTA,24,214,29,50,320,yes,20,-1250
2025-05-22T17:06:20.643686,KXBTCD-25MAY2221-T111749.99,DELTA,24,214,29,50,321,no,58,250
2025-05-22T17:06:20.643811,KXBTCD-25MAY2221-T111749.99,DELTA,24,214,29,50,322,no,68,-250
2025-05-22T17:06:20.664377,KXBTCD-25MAY2221-T111749.99,DELTA,24,214,29,50,323,no,68,1250
2025-05-22T17:06:20.664468,KXBTCD-25MAY2221-T111749.99,DELTA,24,214,29,50,324,no,69,2000
2025-05-22T17:06:20.664527,KXBTCD-25MAY2221-T111749.99,DELTA,24,214,29,50,325,yes,19,2000
2025-05-22T17:06:20.664583,KXBTCD-25MAY2221-T111749.99,DELTA,24,214,29,50,326,no,69,1000
2025-05-22T17:06:20.664727,KXBTCD-25MAY2221-T111749.99,DELTA,24,214,29,50,327,yes,23,1000
2025-05-22T17:06:20.683793,KXBTCD-25MAY2221-T111749.99,DELTA,24,214,29,50,328,yes,19,1250
2025-05-22T17:06:20.744485,KXBTCD-25MAY2221-T111749.99,DELTA,24,214,29,50,329,no,69,-2000
2025-05-22T17:06:20.744661,KXBTCD-25MAY2221-T111749.99,DELTA,24,214,29,50,330,no,69,-1000
2025-05-22T17:06:20.764527,KXBTCD-25MAY2221-T111749.99,DELTA,24,214,29,50,331,no,68,-1250
2025-05-22T17:06:20.824290,KXBTCD-25MAY2221-T111749.99,DELTA,24,214,29,50,332,no,67,1250
2025-05-22T17:06:20.824434,KXBTCD-25MAY2221-T111749.99,DELTA,24,214,28,1000,333,no,72,1000
2025-05-22T17:06:20.824507,KXBTCD-25MAY2221-T111749.99,DELTA,24,214,28,1000,334,no,67,2000
2025-05-22T17:06:20.884124,KXBTCD-25MAY2221-T111749.99,DELTA,24,214,28,1000,335,no,68,250
2025-05-22T17:06:20.905451,KXBTCD-25MAY2221-T111749.99,DELTA,24,214,28,1000,336,no,58,-250
2025-05-22T17:06:20.945229,KXBTCD-25MAY2221-T111749.99,DELTA,24,214,28,1000,337,no,67,-2000
2025-05-22T17:06:20.963816,KXBTCD-25MAY2221-T111749.99,DELTA,24,214,28,1000,338,no,67,-1250
2025-05-22T17:06:21.004941,KXBTCD-25MAY2221-T111749.99,DELTA,24,214,28,1000,339,no,68,1250
2025-05-22T17:06:21.005050,KXBTCD-25MAY2221-T111749.99,DELTA,24,214,28,1000,340,no,69,2000
2025-05-22T17:06:21.124458,KXBTCD-25MAY2221-T111749.99,DELTA,24,214,28,1000,341,no,17,-1905
2025-05-22T17:06:21.124601,KXBTCD-25MAY2221-T111749.99,DELTA,24,214,28,1000,342,yes,6,-5400
2025-05-22T17:06:21.165907,KXBTCD-25MAY2221-T111749.99,DELTA,24,214,28,1000,343,no,60,-250
2025-05-22T17:06:21.185806,KXBTCD-25MAY2221-T111749.99,DELTA,24,214,28,1000,344,no,70,250
2025-05-22T17:06:21.185904,KXBTCD-25MAY2221-T111749.99,DELTA,24,214,28,1000,345,no,71,-50
2025-05-22T17:06:21.204305,KXBTCD-25MAY2221-T111749.99,DELTA,24,214,28,1000,346,yes,7,-20000
2025-05-22T17:06:21.225401,KXBTCD-25MAY2221-T111749.99,DELTA,24,214,28,1000,347,no,70,300
2025-05-22T17:06:21.264229,KXBTCD-25MAY2221-T111749.99,DELTA,24,214,30,550,348,no,72,-1000
2025-05-22T17:06:21.323267,KXBTCD-25MAY2221-T111749.99,DELTA,24,214,29,1000,349,no,71,1000
2025-05-22T17:06:22.084719,KXBTCD-25MAY2221-T111749.99,DELTA,24,214,29,1000,350,yes,23,-1000
2025-05-22T17:06:22.084854,KXBTCD-25MAY2221-T111749.99,DELTA,24,214,29,1000,351,no,69,-2000
2025-05-22T17:06:22.104796,KXBTCD-25MAY2221-T111749.99,DELTA,24,214,29,1000,352,no,68,-1250
2025-05-22T17:06:22.144946,KXBTCD-25MAY2221-T111749.99,DELTA,24,214,29,1000,353,no,67,1250
2025-05-22T17:06:22.145045,KXBTCD-25MAY2221-T111749.99,DELTA,24,1214,29,1000,354,yes,24,1000
2025-05-22T17:06:22.164760,KXBTCD-25MAY2221-T111749.99,DELTA,24,1214,29,1000,355,no,68,2000
2025-05-22T17:06:22.203109,KXBTCD-25MAY2221-T111749.99,DELTA,24,1214,29,1000,356,yes,20,9
2025-05-22T17:06:22.465558,KXBTCD-25MAY2221-T111749.99,DELTA,24,214,29,1000,357,yes,24,-1000
2025-05-22T17:06:22.467351,KXBTCD-25MAY2221-T111749.99,DELTA,24,214,29,1000,358,no,68,-2000
2025-05-22T17:06:22.467428,KXBTCD-25MAY2221-T111749.99,DELTA,24,214,29,1000,359,no,67,-1250
2025-05-22T17:06:22.504451,KXBTCD-25MAY2221-T111749.99,DELTA,24,214,29,1000,360,yes,23,1000
2025-05-22T17:06:22.523832,KXBTCD-25MAY2221-T111749.99,DELTA,24,214,29,1000,361,no,69,2000
2025-05-22T17:06:22.523946,KXBTCD-25MAY2221-T111749.99,DELTA,24,214,29,1000,362,no,68,1250
2025-05-22T17:06:25.804983,KXBTCD-25MAY2221-T111749.99,DELTA,24,214,29,1000,363,yes,23,-1000
2025-05-22T17:06:25.825040,KXBTCD-25MAY2221-T111749.99,DELTA,24,214,29,1000,364,no,69,-2000
2025-05-22T17:06:25.825185,KXBTCD-25MAY2221-T111749.99,DELTA,24,214,29,1000,365,no,68,-1250
2025-05-22T17:06:25.884761,KXBTCD-25MAY2221-T111749.99,DELTA,24,1214,29,1000,366,yes,24,1000
2025-05-22T17:06:25.884907,KXBTCD-25MAY2221-T111749.99,DELTA,24,1214,29,1000,367,no,67,1250
2025-05-22T17:06:25.904179,KXBTCD-25MAY2221-T111749.99,DELTA,24,1214,29,1000,368,no,68,2000
2025-05-22T17:06:26.224753,KXBTCD-25MAY2221-T111749.99,DELTA,24,214,29,1000,369,yes,24,-1000
2025-05-22T17:06:26.244174,KXBTCD-25MAY2221-T111749.99,DELTA,24,214,29,1000,370,no,67,-1250
2025-05-22T17:06:26.302652,KXBTCD-25MAY2221-T111749.99,DELTA,24,214,29,1000,371,yes,23,1000
2025-05-22T17:06:26.302771,KXBTCD-25MAY2221-T111749.99,DELTA,24,214,29,1000,372,no,68,1250
2025-05-22T17:06:27.663644,KXBTCD-25MAY2221-T111749.99,DELTA,24,214,29,1000,373,yes,23,-1000
2025-05-22T17:06:27.704157,KXBTCD-25MAY2221-T111749.99,DELTA,24,1214,29,1000,374,yes,24,1000
2025-05-22T17:06:28.282998,KXBTCD-25MAY2221-T111749.99,DELTA,24,214,29,1000,375,yes,24,-1000
2025-05-22T17:06:28.304809,KXBTCD-25MAY2221-T111749.99,DELTA,24,214,29,1000,376,no,68,-2000
2025-05-22T17:06:28.343775,KXBTCD-25MAY2221-T111749.99,DELTA,24,214,29,1000,377,no,69,2000
2025-05-22T17:06:28.343999,KXBTCD-25MAY2221-T111749.99,DELTA,24,214,29,1000,378,yes,23,1000
2025-05-22T17:06:28.363302,KXBTCD-25MAY2221-T111749.99,DELTA,24,214,29,1000,379,yes,6,5400
2025-05-22T17:06:28.404087,KXBTCD-25MAY2221-T111749.99,DELTA,24,214,29,1000,380,no,17,1905
2025-05-22T17:06:28.424004,KXBTCD-25MAY2221-T111749.99,DELTA,24,214,29,1000,381,yes,7,20000
2025-05-22T17:06:28.544015,KXBTCD-25MAY2221-T111749.99,DELTA,24,214,29,1000,382,yes,20,-9
2025-05-22T17:06:29.184320,KXBTCD-25MAY2221-T111749.99,DELTA,24,214,29,1000,383,no,67,-100
2025-05-22T17:06:29.263343,KXBTCD-25MAY2221-T111749.99,DELTA,24,214,29,672,384,no,71,-328
2025-05-22T17:06:30.305253,KXBTCD-25MAY2221-T111749.99,DELTA,24,214,29,672,385,yes,23,-1000
2025-05-22T17:06:30.305498,KXBTCD-25MAY2221-T111749.99,DELTA,24,214,29,672,386,no,69,-2000
2025-05-22T17:06:30.344465,KXBTCD-25MAY2221-T111749.99,DELTA,24,214,29,672,387,no,68,-1250
2025-05-22T17:06:30.383914,KXBTCD-25MAY2221-T111749.99,DELTA,24,214,29,672,388,no,68,2000
2025-05-22T17:06:30.384005,KXBTCD-25MAY2221-T111749.99,DELTA,24,1214,29,672,389,yes,24,1000
2025-05-22T17:06:30.384080,KXBTCD-25MAY2221-T111749.99,DELTA,24,1214,29,672,390,no,70,-300
2025-05-22T17:06:30.403811,KXBTCD-25MAY2221-T111749.99,DELTA,24,1014,29,672,391,yes,24,-200
2025-05-22T17:06:30.423701,KXBTCD-25MAY2221-T111749.99,DELTA,24,1014,29,672,392,no,67,1250
2025-05-22T17:06:30.423791,KXBTCD-25MAY2221-T111749.99,DELTA,24,1014,29,672,393,yes,20,9
2025-05-22T17:06:30.443604,KXBTCD-25MAY2221-T111749.99,DELTA,26,50,29,672,394,yes,26,50
2025-05-22T17:06:30.463727,KXBTCD-25MAY2221-T111749.99,DELTA,26,50,29,672,395,no,69,200
2025-05-22T17:06:30.523717,KXBTCD-25MAY2221-T111749.99,DELTA,24,1014,29,672,396,yes,26,-50
2025-05-22T17:06:30.543928,KXBTCD-25MAY2221-T111749.99,DELTA,24,1014,29,672,397,no,68,100
2025-05-22T17:06:30.563815,KXBTCD-25MAY2221-T111749.99,DELTA,25,200,29,672,398,yes,25,200
2025-05-22T17:06:31.043455,KXBTCD-25MAY2221-T111749.99,DELTA,25,200,29,672,399,yes,6,-5400
2025-05-22T17:06:31.043584,KXBTCD-25MAY2221-T111749.99,DELTA,25,200,29,672,400,yes,7,4628
2025-05-22T17:06:31.104047,KXBTCD-25MAY2221-T111749.99,DELTA,25,200,29,672,401,yes,7,-20000
2025-05-22T17:06:31.143814,KXBTCD-25MAY2221-T111749.99,DELTA,25,200,29,672,402,yes,20,250
2025-05-22T17:06:31.143909,KXBTCD-25MAY2221-T111749.99,DELTA,25,200,29,672,403,yes,10,-250
2025-05-22T17:06:31.164307,KXBTCD-25MAY2221-T111749.99,DELTA,25,200,29,672,404,yes,8,20000
2025-05-22T17:06:31.204305,KXBTCD-25MAY2221-T111749.99,DELTA,25,200,29,672,405,yes,20,-9
2025-05-22T17:06:31.204659,KXBTCD-25MAY2221-T111749.99,DELTA,25,200,29,672,406,yes,19,-2000
2025-05-22T17:06:31.224637,KXBTCD-25MAY2221-T111749.99,DELTA,25,200,29,672,407,yes,19,-1250
2025-05-22T17:06:31.263388,KXBTCD-25MAY2221-T111749.99,DELTA,25,200,29,672,408,yes,21,2000
2025-05-22T17:06:31.283627,KXBTCD-25MAY2221-T111749.99,DELTA,25,200,29,672,409,yes,20,1250
2025-05-22T17:06:32.143676,KXBTCD-25MAY2221-T111749.99,DELTA,25,200,29,672,410,yes,7,-4628
2025-05-22T17:06:32.143785,KXBTCD-25MAY2221-T111749.99,DELTA,25,200,29,672,411,yes,6,5400
2025-05-22T17:06:32.204771,KXBTCD-25MAY2221-T111749.99,DELTA,25,200,29,672,412,yes,8,-20000
2025-05-22T17:06:32.263818,KXBTCD-25MAY2221-T111749.99,DELTA,25,200,29,672,413,yes,7,20000
2025-05-22T17:06:33.263987,KXBTCD-25MAY2221-T111749.99,DELTA,25,200,29,672,414,yes,6,-5400
2025-05-22T17:06:33.264144,KXBTCD-25MAY2221-T111749.99,DELTA,25,200,29,672,415,yes,7,4628
2025-05-22T17:06:33.423757,KXBTCD-25MAY2221-T111749.99,DELTA,25,200,29,672,416,yes,7,-20000
2025-05-22T17:06:33.483334,KXBTCD-25MAY2221-T111749.99,DELTA,25,200,29,672,417,yes,8,20000
2025-05-22T17:06:33.865195,KXBTCD-25MAY2221-T111749.99,DELTA,25,200,29,672,418,no,67,-1250
2025-05-22T17:06:33.923749,KXBTCD-25MAY2221-T111749.99,DELTA,25,200,29,672,419,no,68,1250
2025-05-22T17:06:34.262981,KXBTCD-25MAY2221-T111749.99,DELTA,24,1014,29,672,420,yes,25,-200
2025-05-22T17:06:34.284191,KXBTCD-25MAY2221-T111749.99,DELTA,24,1364,29,672,421,yes,24,350
2025-05-22T17:06:34.364172,KXBTCD-25MAY2221-T111749.99,DELTA,24,1364,29,672,422,yes,7,-4628
2025-05-22T17:06:34.364309,KXBTCD-25MAY2221-T111749.99,DELTA,24,1364,29,672,423,yes,6,5400
2025-05-22T17:06:34.364376,KXBTCD-25MAY2221-T111749.99,DELTA,24,1364,29,672,424,no,69,-200
2025-05-22T17:06:34.403467,KXBTCD-25MAY2221-T111749.99,DELTA,24,1364,29,722,425,no,71,50
2025-05-22T17:06:34.424407,KXBTCD-25MAY2221-T111749.99,DELTA,24,1364,29,722,426,yes,8,-20000
2025-05-22T17:06:34.462938,KXBTCD-25MAY2221-T111749.99,DELTA,24,1364,29,722,427,yes,7,20000
2025-05-22T17:06:34.584721,KXBTCD-25MAY2221-T111749.99,DELTA,24,1364,29,722,428,yes,10,250
2025-05-22T17:06:34.584898,KXBTCD-25MAY2221-T111749.99,DELTA,24,1364,29,722,429,yes,21,-2000
2025-05-22T17:06:34.584997,KXBTCD-25MAY2221-T111749.99,DELTA,24,1364,29,722,430,yes,20,-250
2025-05-22T17:06:34.604257,KXBTCD-25MAY2221-T111749.99,DELTA,24,364,29,722,431,yes,24,-1000
2025-05-22T17:06:34.604503,KXBTCD-25MAY2221-T111749.99,DELTA,24,364,29,722,432,yes,20,-1250
2025-05-22T17:06:34.624253,KXBTCD-25MAY2221-T111749.99,DELTA,24,364,29,722,433,no,68,-2000
2025-05-22T17:06:34.624454,KXBTCD-25MAY2221-T111749.99,DELTA,24,364,29,50,434,no,71,-672
2025-05-22T17:06:34.643270,KXBTCD-25MAY2221-T111749.99,DELTA,24,364,30,250,435,no,71,-50
2025-05-22T17:06:34.663391,KXBTCD-25MAY2221-T111749.99,DELTA,24,364,29,150,436,no,71,150
2025-05-22T17:06:34.704740,KXBTCD-25MAY2221-T111749.99,DELTA,24,364,29,150,437,yes,23,1000
2025-05-22T17:06:34.704920,KXBTCD-25MAY2221-T111749.99,DELTA,24,364,29,150,438,yes,19,2000
2025-05-22T17:06:34.705006,KXBTCD-25MAY2221-T111749.99,DELTA,24,364,28,1000,439,no,72,1000
2025-05-22T17:06:34.705082,KXBTCD-25MAY2221-T111749.99,DELTA,24,364,28,1000,440,yes,19,1250
2025-05-22T17:06:34.770490,KXBTCD-25MAY2221-T111749.99,DELTA,24,364,28,1000,441,no,69,2000
2025-05-22T17:06:35.343485,KXBTCD-25MAY2221-T111749.99,DELTA,24,364,28,1000,442,no,71,-150
2025-05-22T17:06:35.364591,KXBTCD-25MAY2221-T111749.99,DELTA,24,364,28,1000,443,no,70,250
2025-05-22T17:06:35.405116,KXBTCD-25MAY2221-T111749.99,DELTA,24,364,30,500,444,no,72,-1000
2025-05-22T17:06:35.405272,KXBTCD-25MAY2221-T111749.99,DELTA,24,364,30,500,445,yes,6,-5400
2025-05-22T17:06:35.405348,KXBTCD-25MAY2221-T111749.99,DELTA,24,364,30,500,446,yes,7,4628
2025-05-22T17:06:35.464698,KXBTCD-25MAY2221-T111749.99,DELTA,24,364,29,1000,447,no,71,1000
2025-05-22T17:06:35.484080,KXBTCD-25MAY2221-T111749.99,DELTA,24,364,29,1000,448,yes,7,-20000
2025-05-22T17:06:35.583939,KXBTCD-25MAY2221-T111749.99,DELTA,24,364,29,1000,449,yes,8,20000
2025-05-22T17:06:36.303673,KXBTCD-25MAY2221-T111749.99,DELTA,24,364,29,1000,450,yes,23,14
2025-05-22T17:06:36.404124,KXBTCD-25MAY2221-T111749.99,DELTA,24,350,29,1000,451,yes,24,-14
2025-05-22T17:06:36.404285,KXBTCD-25MAY2221-T111749.99,DELTA,24,350,29,1000,452,yes,23,-30
2025-05-22T17:06:36.404361,KXBTCD-25MAY2221-T111749.99,DELTA,24,350,29,1000,453,no,68,-1250
2025-05-22T17:06:36.483514,KXBTCD-25MAY2221-T111749.99,DELTA,24,350,29,1000,454,yes,22,30
2025-05-22T17:06:36.483668,KXBTCD-25MAY2221-T111749.99,DELTA,24,350,29,1000,455,yes,23,-1000
2025-05-22T17:06:36.484158,KXBTCD-25MAY2221-T111749.99,DELTA,24,350,29,1000,456,yes,19,-1250
2025-05-22T17:06:36.484226,KXBTCD-25MAY2221-T111749.99,DELTA,24,350,29,1000,457,no,68,14
2025-05-22T17:06:36.484377,KXBTCD-25MAY2221-T111749.99,DELTA,24,350,29,1000,458,no,67,-14
2025-05-22T17:06:36.484469,KXBTCD-25MAY2221-T111749.99,DELTA,24,350,29,1000,459,no,66,-30
2025-05-22T17:06:36.504721,KXBTCD-25MAY2221-T111749.99,DELTA,24,350,29,1000,460,no,70,1250
2025-05-22T17:06:36.504849,KXBTCD-25MAY2221-T111749.99,DELTA,24,350,29,1000,461,no,69,-2000
2025-05-22T17:06:36.504913,KXBTCD-25MAY2221-T111749.99,DELTA,24,350,29,1000,462,no,67,30
2025-05-22T17:06:36.582851,KXBTCD-25MAY2221-T111749.99,DELTA,23,14,29,1000,463,yes,24,-350
2025-05-22T17:06:36.603902,KXBTCD-25MAY2221-T111749.99,DELTA,23,14,29,1000,464,yes,19,1000
2025-05-22T17:06:36.604040,KXBTCD-25MAY2221-T111749.99,DELTA,23,14,29,1000,465,yes,18,1250
2025-05-22T17:06:36.604103,KXBTCD-25MAY2221-T111749.99,DELTA,23,14,29,1000,466,no,70,-250
2025-05-22T17:06:36.683969,KXBTCD-25MAY2221-T111749.99,DELTA,23,14,29,1000,467,no,70,2000
2025-05-22T17:06:36.705328,KXBTCD-25MAY2221-T111749.99,DELTA,23,14,29,1000,468,yes,19,-1000
2025-05-22T17:06:36.705468,KXBTCD-25MAY2221-T111749.99,DELTA,23,14,29,1000,469,yes,20,30
2025-05-22T17:06:36.784071,KXBTCD-25MAY2221-T111749.99,DELTA,23,14,29,1000,470,yes,22,-30
2025-05-22T17:06:36.784187,KXBTCD-25MAY2221-T111749.99,DELTA,23,14,29,1000,471,yes,21,14
2025-05-22T17:06:36.784256,KXBTCD-25MAY2221-T111749.99,DELTA,21,14,29,1000,472,yes,23,-14
2025-05-22T17:06:36.784375,KXBTCD-25MAY2221-T111749.99,DELTA,21,14,29,1000,473,yes,19,-2000
2025-05-22T17:06:36.805465,KXBTCD-25MAY2221-T111749.99,DELTA,21,14,29,1000,474,no,69,30
2025-05-22T17:06:36.805555,KXBTCD-25MAY2221-T111749.99,DELTA,21,14,29,1000,475,no,68,-14
2025-05-22T17:06:36.805616,KXBTCD-25MAY2221-T111749.99,DELTA,21,14,29,1000,476,no,70,14
2025-05-22T17:06:36.805669,KXBTCD-25MAY2221-T111749.99,DELTA,21,14,29,1000,477,no,67,-30
2025-05-22T17:06:36.805719,KXBTCD-25MAY2221-T111749.99,DELTA,21,14,29,1000,478,no,16,-8000
2025-05-22T17:06:36.904849,KXBTCD-25MAY2221-T111749.99,DELTA,21,1014,29,1000,479,yes,21,1000
2025-05-22T17:06:37.004729,KXBTCD-25MAY2221-T111749.99,DELTA,21,1014,29,1000,480,no,18,8000
2025-05-22T17:06:37.004845,KXBTCD-25MAY2221-T111749.99,DELTA,21,1014,29,1000,481,yes,18,2000
2025-05-22T17:06:37.084677,KXBTCD-25MAY2221-T111749.99,DELTA,21,1014,29,1000,482,no,70,-2000
2025-05-22T17:06:37.304551,KXBTCD-25MAY2221-T111749.99,DELTA,21,1014,29,3000,483,no,71,2000
2025-05-22T17:06:37.384921,KXBTCD-25MAY2221-T111749.99,DELTA,21,1014,28,250,484,no,72,250
2025-05-22T17:06:37.403867,KXBTCD-25MAY2221-T111749.99,DELTA,21,1014,28,250,485,no,62,-250
2025-05-22T17:06:37.403973,KXBTCD-25MAY2221-T111749.99,DELTA,22,300,28,250,486,yes,22,300
2025-05-22T17:06:37.404049,KXBTCD-25MAY2221-T111749.99,DELTA,22,300,28,250,487,no,68,-100
2025-05-22T17:06:37.404112,KXBTCD-25MAY2221-T111749.99,DELTA,22,300,28,250,488,yes,8,250
2025-05-22T17:06:37.504080,KXBTCD-25MAY2221-T111749.99,DELTA,22,300,28,550,489,no,72,300
2025-05-22T17:06:37.504257,KXBTCD-25MAY2221-T111749.99,DELTA,22,300,28,550,490,yes,18,-250
2025-05-22T17:06:37.583714,KXBTCD-25MAY2221-T111749.99,DELTA,22,300,28,550,491,no,71,-1000
2025-05-22T17:06:37.584400,KXBTCD-25MAY2221-T111749.99,DELTA,22,300,28,550,492,yes,18,-2000
2025-05-22T17:06:37.707004,KXBTCD-25MAY2221-T111749.99,DELTA,22,300,28,550,493,yes,18,-1250
2025-05-22T17:06:37.803989,KXBTCD-25MAY2221-T111749.99,DELTA,22,300,27,1000,494,no,73,1000
2025-05-22T17:06:37.906674,KXBTCD-25MAY2221-T111749.99,DELTA,22,300,27,1000,495,yes,17,1250
2025-05-22T17:06:37.906915,KXBTCD-25MAY2221-T111749.99,DELTA,22,300,27,1000,496,yes,17,2000
2025-05-22T17:06:39.605609,KXBTCD-25MAY2221-T111749.99,DELTA,22,300,27,1000,497,yes,21,-1000
2025-05-22T17:06:39.684044,KXBTCD-25MAY2221-T111749.99,DELTA,22,300,27,1000,498,no,71,-2000
2025-05-22T17:06:39.805468,KXBTCD-25MAY2221-T111749.99,DELTA,22,300,27,1000,499,no,70,2000
2025-05-22T17:06:39.805748,KXBTCD-25MAY2221-T111749.99,DELTA,22,300,27,1000,500,yes,18,9
2025-05-22T17:06:39.806217,KXBTCD-25MAY2221-T111749.99,DELTA,22,1300,27,1000,501,yes,22,1000
2025-05-22T17:06:40.084359,KXBTCD-25MAY2221-T111749.99,DELTA,22,1300,27,1000,502,no,70,100
2025-05-22T17:06:42.324733,KXBTCD-25MAY2221-T111749.99,DELTA,22,1300,27,1000,503,no,72,-300
2025-05-22T17:06:42.344224,KXBTCD-25MAY2221-T111749.99,DELTA,22,1300,27,1000,504,no,70,-1250
2025-05-22T17:06:42.364906,KXBTCD-25MAY2221-T111749.99,DELTA,22,1300,27,1000,505,no,71,300
2025-05-22T17:06:42.444532,KXBTCD-25MAY2221-T111749.99,DELTA,22,1300,27,1000,506,yes,18,-9
2025-05-22T17:06:42.584426,KXBTCD-25MAY2221-T111749.99,DELTA,22,1300,27,1000,507,no,69,1250
2025-05-22T17:06:43.184280,KXBTCD-25MAY2221-T111749.99,DELTA,22,1300,27,1000,508,yes,8,-250
2025-05-22T17:06:43.184732,KXBTCD-25MAY2221-T111749.99,DELTA,22,1300,27,1000,509,yes,18,250
2025-05-22T17:06:43.243174,KXBTCD-25MAY2221-T111749.99,DELTA,22,1300,27,1000,510,yes,17,-2000
2025-05-22T17:06:43.264606,KXBTCD-25MAY2221-T111749.99,DELTA,22,1300,27,1000,511,yes,17,-1250
2025-05-22T17:06:43.304287,KXBTCD-25MAY2221-T111749.99,DELTA,22,1300,27,1000,512,yes,19,1250
2025-05-22T17:06:43.323345,KXBTCD-25MAY2221-T111749.99,DELTA,22,1300,27,1000,513,yes,19,2000
2025-05-22T17:06:43.403733,KXBTCD-25MAY2221-T111749.99,DELTA,22,300,27,1000,514,yes,22,-1000
2025-05-22T17:06:43.403903,KXBTCD-25MAY2221-T111749.99,DELTA,22,300,27,1000,515,no,70,-2000
2025-05-22T17:06:43.423479,KXBTCD-25MAY2221-T111749.99,DELTA,22,300,28,250,516,no,73,-1000
2025-05-22T17:06:43.464380,KXBTCD-25MAY2221-T111749.99,DELTA,22,300,28,250,517,no,69,2000
2025-05-22T17:06:43.484100,KXBTCD-25MAY2221-T111749.99,DELTA,22,300,28,1250,518,no,72,1000
2025-05-22T17:06:43.544242,KXBTCD-25MAY2221-T111749.99,DELTA,22,300,28,1250,519,yes,7,-4628
2025-05-22T17:06:43.544396,KXBTCD-25MAY2221-T111749.99,DELTA,22,300,28,1250,520,yes,6,5400
2025-05-22T17:06:43.584023,KXBTCD-25MAY2221-T111749.99,DELTA,23,1000,28,1250,521,yes,23,1000
2025-05-22T17:06:43.605526,KXBTCD-25MAY2221-T111749.99,DELTA,23,1000,28,1250,522,no,17,-1905
2025-05-22T17:06:43.605727,KXBTCD-25MAY2221-T111749.99,DELTA,23,1000,28,1250,523,no,19,1705
2025-05-22T17:06:43.624853,KXBTCD-25MAY2221-T111749.99,DELTA,23,1000,28,1250,524,yes,8,-20000
2025-05-22T17:06:43.683428,KXBTCD-25MAY2221-T111749.99,DELTA,23,1000,28,1250,525,no,70,-100
2025-05-22T17:06:43.917444,KXBTCD-25MAY2221-T111749.99,DELTA,23,1000,28,1000,526,no,72,-250
2025-05-22T17:06:43.917827,KXBTCD-25MAY2221-T111749.99,DELTA,23,1000,28,1000,527,no,62,250
2025-05-22T17:06:43.918315,KXBTCD-25MAY2221-T111749.99,DELTA,23,1000,28,1000,528,no,69,-1250
2025-05-22T17:06:43.918431,KXBTCD-25MAY2221-T111749.99,DELTA,23,1000,28,1000,529,no,70,-250
2025-05-22T17:06:43.924797,KXBTCD-25MAY2221-T111749.99,DELTA,23,1000,28,1000,530,yes,22,-300
2025-05-22T17:06:43.924969,KXBTCD-25MAY2221-T111749.99,DELTA,23,1000,28,1000,531,no,50,250
2025-05-22T17:06:43.925080,KXBTCD-25MAY2221-T111749.99,DELTA,23,1000,28,1000,532,no,62,-250
2025-05-22T17:06:43.944645,KXBTCD-25MAY2221-T111749.99,DELTA,23,1000,28,1000,533,no,64,-250
2025-05-22T17:06:43.944818,KXBTCD-25MAY2221-T111749.99,DELTA,23,1000,28,1000,534,no,67,1250
2025-05-22T17:06:43.944954,KXBTCD-25MAY2221-T111749.99,DELTA,24,150,28,1000,535,yes,24,150
2025-05-22T17:06:43.964736,KXBTCD-25MAY2221-T111749.99,DELTA,24,150,28,1000,536,no,66,-250
2025-05-22T17:06:43.965064,KXBTCD-25MAY2221-T111749.99,DELTA,24,150,28,1000,537,no,52,250
2025-05-22T17:06:43.965173,KXBTCD-25MAY2221-T111749.99,DELTA,24,150,28,1000,538,no,68,-250
2025-05-22T17:06:43.984187,KXBTCD-25MAY2221-T111749.99,DELTA,24,150,28,1000,539,no,54,250
2025-05-22T17:06:43.984402,KXBTCD-25MAY2221-T111749.99,DELTA,24,150,28,1000,540,no,56,250
2025-05-22T17:06:44.005494,KXBTCD-25MAY2221-T111749.99,DELTA,24,150,28,1000,541,no,58,250
2025-05-22T17:06:44.024793,KXBTCD-25MAY2221-T111749.99,DELTA,23,1000,28,1000,542,yes,24,-150
2025-05-22T17:06:44.024961,KXBTCD-25MAY2221-T111749.99,DELTA,23,1000,28,1000,543,yes,22,30
2025-05-22T17:06:44.025064,KXBTCD-25MAY2221-T111749.99,DELTA,23,1000,28,1000,544,yes,20,-30
2025-05-22T17:06:44.025161,KXBTCD-25MAY2221-T111749.99,DELTA,23,1014,28,1000,545,yes,23,14
2025-05-22T17:06:44.025252,KXBTCD-25MAY2221-T111749.99,DELTA,23,1014,28,1000,546,no,67,30
2025-05-22T17:06:44.026654,KXBTCD-25MAY2221-T111749.99,DELTA,23,1014,28,1000,547,no,68,14
2025-05-22T17:06:44.026821,KXBTCD-25MAY2221-T111749.99,DELTA,23,1014,28,1000,548,no,69,-30
2025-05-22T17:06:44.026981,KXBTCD-25MAY2221-T111749.99,DELTA,23,1014,28,1000,549,no,71,-300
2025-05-22T17:06:44.044147,KXBTCD-25MAY2221-T111749.99,DELTA,23,1014,28,1000,550,yes,21,-14
2025-05-22T17:06:44.064585,KXBTCD-25MAY2221-T111749.99,DELTA,23,1014,28,1000,551,no,70,-14
2025-05-22T17:06:44.084850,KXBTCD-25MAY2221-T111749.99,DELTA,23,1014,28,1000,552,no,67,-1250
2025-05-22T17:06:44.126074,KXBTCD-25MAY2221-T111749.99,DELTA,26,50,28,1000,553,yes,26,50
2025-05-22T17:06:44.144352,KXBTCD-25MAY2221-T111749.99,DELTA,26,50,28,1000,554,no,69,200
2025-05-22T17:06:44.166558,KXBTCD-25MAY2221-T111749.99,DELTA,26,50,28,1000,555,no,59,1250
2025-05-22T17:06:44.166737,KXBTCD-25MAY2221-T111749.99,DELTA,26,50,28,1000,556,no,69,-2000
2025-05-22T17:06:44.183783,KXBTCD-25MAY2221-T111749.99,DELTA,26,50,28,1000,557,no,64,250
2025-05-22T17:06:44.184009,KXBTCD-25MAY2221-T111749.99,DELTA,26,50,31,200,558,no,72,-1000
2025-05-22T17:06:44.184112,KXBTCD-25MAY2221-T111749.99,DELTA,26,50,31,200,559,yes,7,20000
2025-05-22T17:06:44.184196,KXBTCD-25MAY2221-T111749.99,DELTA,26,50,31,200,560,no,50,-250
2025-05-22T17:06:44.204027,KXBTCD-25MAY2221-T111749.99,DELTA,26,50,31,200,561,no,52,-250
2025-05-22T17:06:44.204205,KXBTCD-25MAY2221-T111749.99,DELTA,23,1014,31,200,562,yes,26,-50
2025-05-22T17:06:44.223581,KXBTCD-25MAY2221-T111749.99,DELTA,23,1014,31,200,563,no,54,-250
2025-05-22T17:06:44.223770,KXBTCD-25MAY2221-T111749.99,DELTA,23,1014,31,200,564,no,56,-250
2025-05-22T17:06:44.223873,KXBTCD-25MAY2221-T111749.99,DELTA,23,1014,30,250,565,no,70,250
2025-05-22T17:06:44.244282,KXBTCD-25MAY2221-T111749.99,DELTA,23,1014,30,250,566,no,60,250
2025-05-22T17:06:44.244549,KXBTCD-25MAY2221-T111749.99,DELTA,23,1014,30,250,567,no,58,-250
2025-05-22T17:06:44.244773,KXBTCD-25MAY2221-T111749.99,DELTA,23,1014,30,250,568,no,66,250
2025-05-22T17:06:44.244940,KXBTCD-25MAY2221-T111749.99,DELTA,23,1014,30,1250,569,no,70,1000
2025-05-22T17:06:44.245056,KXBTCD-25MAY2221-T111749.99,DELTA,25,300,30,1250,570,yes,25,300
2025-05-22T17:06:44.245161,KXBTCD-25MAY2221-T111749.99,DELTA,25,300,30,1250,571,no,62,250
2025-05-22T17:06:44.266620,KXBTCD-25MAY2221-T111749.99,DELTA,25,300,30,1250,572,no,68,250
2025-05-22T17:06:44.303543,KXBTCD-25MAY2221-T111749.99,DELTA,25,300,30,1250,573,no,60,-250
2025-05-22T17:06:44.383903,KXBTCD-25MAY2221-T111749.99,DELTA,25,300,30,1250,574,no,59,2000
2025-05-22T17:06:44.384275,KXBTCD-25MAY2221-T111749.99,DELTA,25,300,30,1000,575,no,70,-250
2025-05-22T17:06:44.864521,KXBTCD-25MAY2221-T111749.99,DELTA,25,300,30,1000,576,no,59,-2000
2025-05-22T17:06:44.884076,KXBTCD-25MAY2221-T111749.99,DELTA,25,300,30,1000,577,no,59,-1250
2025-05-22T17:06:44.944456,KXBTCD-25MAY2221-T111749.99,DELTA,25,300,30,1000,578,no,67,1250
2025-05-22T17:06:45.143974,KXBTCD-25MAY2221-T111749.99,DELTA,25,300,30,1250,579,no,70,250
2025-05-22T17:06:45.250465,KXBTCD-25MAY2221-T111749.99,DELTA,25,300,30,1250,580,no,68,2000
2025-05-22T17:06:45.262964,KXBTCD-25MAY2221-T111749.99,DELTA,25,300,30,1250,581,no,68,100
2025-05-22T17:06:45.303756,KXBTCD-25MAY2221-T111749.99,DELTA,25,300,30,250,582,no,70,-1000
2025-05-22T17:06:45.343547,KXBTCD-25MAY2221-T111749.99,DELTA,25,300,29,1000,583,no,71,1000
2025-05-22T17:06:47.124998,KXBTCD-25MAY2221-T111749.99,DELTA,25,300,29,1000,584,yes,10,-250
2025-05-22T17:06:47.125267,KXBTCD-25MAY2221-T111749.99,DELTA,25,300,29,1000,585,yes,20,250
2025-05-22T17:06:47.204600,KXBTCD-25MAY2221-T111749.99,DELTA,25,300,29,1000,586,yes,19,-2000
2025-05-22T17:06:47.204749,KXBTCD-25MAY2221-T111749.99,DELTA,25,300,29,1000,587,yes,19,-1250
2025-05-22T17:06:47.265010,KXBTCD-25MAY2221-T111749.99,DELTA,25,300,29,1000,588,yes,21,2000
2025-05-22T17:06:47.265153,KXBTCD-25MAY2221-T111749.99,DELTA,25,300,29,1000,589,yes,20,1250
2025-05-22T17:06:47.484304,KXBTCD-25MAY2221-T111749.99,DELTA,25,300,29,1000,590,yes,20,-1250
2025-05-22T17:06:47.504331,KXBTCD-25MAY2221-T111749.99,DELTA,25,300,29,1000,591,no,68,-2000
2025-05-22T17:06:47.504534,KXBTCD-25MAY2221-T111749.99,DELTA,25,300,30,250,592,no,71,-1000
2025-05-22T17:06:47.563892,KXBTCD-25MAY2221-T111749.99,DELTA,25,300,30,250,593,no,67,2000
2025-05-22T17:06:47.583495,KXBTCD-25MAY2221-T111749.99,DELTA,25,300,30,250,594,yes,21,1250
2025-05-22T17:06:47.583616,KXBTCD-25MAY2221-T111749.99,DELTA,25,300,30,250,595,no,69,-200
2025-05-22T17:06:47.604474,KXBTCD-25MAY2221-T111749.99,DELTA,25,300,30,1250,596,no,70,1000
2025-05-22T17:06:47.624446,KXBTCD-25MAY2221-T111749.99,DELTA,23,1014,30,1250,597,yes,25,-300
2025-05-22T17:06:47.683299,KXBTCD-25MAY2221-T111749.99,DELTA,26,350,30,1250,598,yes,26,350
2025-05-22T17:06:47.683439,KXBTCD-25MAY2221-T111749.99,DELTA,26,350,30,1250,599,no,68,200
2025-05-22T17:06:48.644506,KXBTCD-25MAY2221-T111749.99,DELTA,26,350,30,1000,600,no,70,-250
2025-05-22T17:06:48.645271,KXBTCD-25MAY2221-T111749.99,DELTA,26,350,30,1000,601,no,58,250
2025-05-22T17:06:48.666148,KXBTCD-25MAY2221-T111749.99,DELTA,26,350,30,1000,602,no,68,-250
2025-05-22T17:06:48.666533,KXBTCD-25MAY2221-T111749.99,DELTA,26,350,30,1000,603,yes,21,-1250
2025-05-22T17:06:48.666874,KXBTCD-25MAY2221-T111749.99,DELTA,26,350,30,1000,604,no,60,250
2025-05-22T17:06:48.684620,KXBTCD-25MAY2221-T111749.99,DELTA,26,350,30,1000,605,no,67,-2000
2025-05-22T17:06:48.684862,KXBTCD-25MAY2221-T111749.99,DELTA,26,350,32,314,606,no,70,-1000
2025-05-22T17:06:48.743608,KXBTCD-25MAY2221-T111749.99,DELTA,26,350,32,2314,607,no,68,2000
2025-05-22T17:06:48.744000,KXBTCD-25MAY2221-T111749.99,DELTA,26,350,32,2314,608,yes,20,1250
2025-05-22T17:06:49.066767,KXBTCD-25MAY2221-T111749.99,DELTA,26,350,31,1000,609,no,69,1000
2025-05-22T17:06:49.164120,KXBTCD-25MAY2221-T111749.99,DELTA,26,350,31,1000,610,no,58,-250
2025-05-22T17:06:49.184357,KXBTCD-25MAY2221-T111749.99,DELTA,26,350,31,1000,611,no,68,250
2025-05-22T17:06:49.543748,KXBTCD-25MAY2221-T111749.99,DELTA,26,350,31,1000,612,no,68,-100
2025-05-22T17:06:49.864912,KXBTCD-25MAY2221-T111749.99,DELTA,26,350,31,1000,613,yes,24,14
2025-05-22T17:06:49.865126,KXBTCD-25MAY2221-T111749.99,DELTA,26,350,31,1000,614,yes,23,-14
2025-05-22T17:06:49.865392,KXBTCD-25MAY2221-T111749.99,DELTA,26,350,31,1000,615,no,68,-14
2025-05-22T17:06:49.865468,KXBTCD-25MAY2221-T111749.99,DELTA,26,350,31,1000,616,no,67,14
2025-05-22T17:06:49.903800,KXBTCD-25MAY2221-T111749.99,DELTA,26,350,31,1000,617,yes,23,30
2025-05-22T17:06:49.925732,KXBTCD-25MAY2221-T111749.99,DELTA,26,350,31,1000,618,yes,22,-30
2025-05-22T17:06:49.925857,KXBTCD-25MAY2221-T111749.99,DELTA,26,350,31,1000,619,no,66,30
2025-05-22T17:06:49.925924,KXBTCD-25MAY2221-T111749.99,DELTA,26,350,31,1000,620,no,67,-30
2025-05-22T17:06:49.963908,KXBTCD-25MAY2221-T111749.99,DELTA,26,350,31,1000,621,yes,23,-1000
2025-05-22T17:06:50.006648,KXBTCD-25MAY2221-T111749.99,DELTA,26,350,31,1000,622,yes,24,1000
2025-05-22T17:06:50.984038,KXBTCD-25MAY2221-T111749.99,DELTA,24,1014,31,1000,623,yes,26,-350
2025-05-22T17:06:50.984320,KXBTCD-25MAY2221-T111749.99,DELTA,24,1014,31,1000,624,no,68,-200
2025-05-22T17:06:51.068771,KXBTCD-25MAY2221-T111749.99,DELTA,25,100,31,1000,625,yes,25,100
2025-05-22T17:06:51.068897,KXBTCD-25MAY2221-T111749.99,DELTA,25,100,30,150,626,no,70,150
2025-05-22T17:06:51.124613,KXBTCD-25MAY2221-T111749.99,DELTA,25,100,30,150,627,yes,21,-2000
2025-05-22T17:06:51.144355,KXBTCD-25MAY2221-T111749.99,DELTA,25,100,30,150,628,yes,24,-1000
2025-05-22T17:06:51.144475,KXBTCD-25MAY2221-T111749.99,DELTA,25,100,30,150,629,no,68,-2000
2025-05-22T17:06:51.164369,KXBTCD-25MAY2221-T111749.99,DELTA,25,100,30,150,630,no,60,-250
2025-05-22T17:06:51.164486,KXBTCD-25MAY2221-T111749.99,DELTA,25,100,30,150,631,no,67,-1250
2025-05-22T17:06:51.164549,KXBTCD-25MAY2221-T111749.99,DELTA,25,100,30,400,632,no,70,250
2025-05-22T17:06:51.244045,KXBTCD-25MAY2221-T111749.99,DELTA,25,100,30,400,633,no,69,-1000
2025-05-22T17:06:51.244164,KXBTCD-25MAY2221-T111749.99,DELTA,25,100,30,400,634,no,69,2000
2025-05-22T17:06:51.244231,KXBTCD-25MAY2221-T111749.99,DELTA,25,100,30,400,635,yes,23,1000
2025-05-22T17:06:51.244289,KXBTCD-25MAY2221-T111749.99,DELTA,25,100,30,400,636,yes,20,2000
2025-05-22T17:06:51.244344,KXBTCD-25MAY2221-T111749.99,DELTA,25,100,30,400,637,no,68,1250
2025-05-22T17:06:51.285295,KXBTCD-25MAY2221-T111749.99,DELTA,25,100,29,1000,638,no,71,1000
2025-05-22T17:06:51.324216,KXBTCD-25MAY2221-T111749.99,DELTA,25,100,29,1000,639,no,67,100
2025-05-22T17:06:51.704126,KXBTCD-25MAY2221-T111749.99,DELTA,24,14,29,1000,640,yes,25,-100
2025-05-22T17:06:51.704268,KXBTCD-25MAY2221-T111749.99,DELTA,24,14,29,1000,641,no,70,-150
2025-05-22T17:06:51.744853,KXBTCD-25MAY2221-T111749.99,DELTA,25,350,29,1000,642,yes,25,350
2025-05-22T17:06:51.744989,KXBTCD-25MAY2221-T111749.99,DELTA,25,350,29,1000,643,no,69,200
2025-05-22T17:06:52.084599,KXBTCD-25MAY2221-T111749.99,DELTA,25,350,29,1000,644,yes,20,-2000
2025-05-22T17:06:52.084847,KXBTCD-25MAY2221-T111749.99,DELTA,25,350,29,1000,645,yes,23,-1000
2025-05-22T17:06:52.108474,KXBTCD-25MAY2221-T111749.99,DELTA,25,350,29,1000,646,no,69,-2000
2025-05-22T17:06:52.108585,KXBTCD-25MAY2221-T111749.99,DELTA,25,350,29,1000,647,no,68,-1250
2025-05-22T17:06:52.164211,KXBTCD-25MAY2221-T111749.99,DELTA,25,350,29,1000,648,no,67,1250
2025-05-22T17:06:52.164403,KXBTCD-25MAY2221-T111749.99,DELTA,25,350,29,1000,649,yes,21,2000
2025-05-22T17:06:52.164490,KXBTCD-25MAY2221-T111749.99,DELTA,25,350,29,1000,650,yes,24,1000
2025-05-22T17:06:52.164562,KXBTCD-25MAY2221-T111749.99,DELTA,25,350,29,1000,651,no,68,2000
2025-05-22T17:06:52.803124,KXBTCD-25MAY2221-T111749.99,DELTA,25,350,29,1000,652,no,1,100
2025-05-22T17:06:55.165711,KXBTCD-25MAY2221-T111749.99,DELTA,24,1014,29,1000,653,yes,25,-350
2025-05-22T17:06:55.165832,KXBTCD-25MAY2221-T111749.99,DELTA,24,1014,29,1000,654,no,67,-1250
2025-05-22T17:06:55.165904,KXBTCD-25MAY2221-T111749.99,DELTA,24,1014,29,1000,655,yes,10,250
2025-05-22T17:06:55.165963,KXBTCD-25MAY2221-T111749.99,DELTA,24,1014,29,1000,656,yes,20,-250
2025-05-22T17:06:55.184341,KXBTCD-25MAY2221-T111749.99,DELTA,24,1364,29,1000,657,yes,24,350
2025-05-22T17:06:55.203856,KXBTCD-25MAY2221-T111749.99,DELTA,24,1364,29,1000,658,no,68,1250
2025-05-22T17:06:55.263627,KXBTCD-25MAY2221-T111749.99,DELTA,24,1364,29,1000,659,yes,21,-2000
2025-05-22T17:06:55.284145,KXBTCD-25MAY2221-T111749.99,DELTA,24,1364,29,1000,660,yes,20,-1250
2025-05-22T17:06:55.324680,KXBTCD-25MAY2221-T111749.99,DELTA,24,1364,29,1000,661,yes,19,2000
2025-05-22T17:06:55.324869,KXBTCD-25MAY2221-T111749.99,DELTA,24,1364,29,1000,662,yes,19,1250
2025-05-22T17:06:56.004887,KXBTCD-25MAY2221-T111749.99,DELTA,24,1364,29,1000,663,no,68,-1250
2025-05-22T17:06:56.064740,KXBTCD-25MAY2221-T111749.99,DELTA,24,1364,29,1000,664,no,67,1250
2025-05-22T17:06:56.123814,KXBTCD-25MAY2221-T111749.99,DELTA,24,1364,29,1000,665,yes,10,-250
2025-05-22T17:06:56.143436,KXBTCD-25MAY2221-T111749.99,DELTA,24,1364,29,1000,666,yes,20,250
2025-05-22T17:06:56.204362,KXBTCD-25MAY2221-T111749.99,DELTA,24,1364,29,1000,667,yes,19,-2000
2025-05-22T17:06:56.223531,KXBTCD-25MAY2221-T111749.99,DELTA,24,1364,29,1000,668,yes,19,-1250
2025-05-22T17:06:56.383560,KXBTCD-25MAY2221-T111749.99,DELTA,24,1364,29,1000,669,yes,21,2000
2025-05-22T17:06:56.544118,KXBTCD-25MAY2221-T111749.99,DELTA,24,1364,29,1000,670,yes,20,1250
2025-05-22T17:06:56.724229,KXBTCD-25MAY2221-T111749.99,DELTA,24,1014,29,1000,671,yes,24,-350
2025-05-22T17:06:56.744126,KXBTCD-25MAY2221-T111749.99,DELTA,26,50,29,1000,672,yes,26,50
2025-05-22T17:06:56.783992,KXBTCD-25MAY2221-T111749.99,DELTA,24,1014,29,1000,673,yes,26,-50
2025-05-22T17:06:56.784129,KXBTCD-25MAY2221-T111749.99,DELTA,24,1014,29,1000,674,no,69,-200
2025-05-22T17:06:56.844773,KXBTCD-25MAY2221-T111749.99,DELTA,26,200,29,1000,675,yes,26,200
2025-05-22T17:06:56.844937,KXBTCD-25MAY2221-T111749.99,DELTA,26,200,29,1000,676,no,69,50
2025-05-22T17:06:56.964607,KXBTCD-25MAY2221-T111749.99,DELTA,26,200,29,1000,677,no,69,-50
2025-05-22T17:06:57.003638,KXBTCD-25MAY2221-T111749.99,DELTA,26,200,29,1000,678,no,68,250
2025-05-22T17:06:57.065606,KXBTCD-25MAY2221-T111749.99,DELTA,26,200,29,1000,679,no,70,-250
2025-05-22T17:06:57.086002,KXBTCD-25MAY2221-T111749.99,DELTA,26,200,29,1000,680,no,60,250
2025-05-22T17:06:57.444498,KXBTCD-25MAY2221-T111749.99,DELTA,26,200,29,1000,681,yes,20,-1250
2025-05-22T17:06:57.463766,KXBTCD-25MAY2221-T111749.99,DELTA,26,200,29,1000,682,no,68,-2000
2025-05-22T17:06:57.463941,KXBTCD-25MAY2221-T111749.99,DELTA,26,200,32,500,683,no,71,-1000
2025-05-22T17:06:57.483424,KXBTCD-25MAY2221-T111749.99,DELTA,26,200,32,500,684,no,67,-1250
2025-05-22T17:06:57.523660,KXBTCD-25MAY2221-T111749.99,DELTA,26,200,32,500,685,no,67,2000
2025-05-22T17:06:57.523809,KXBTCD-25MAY2221-T111749.99,DELTA,26,200,32,500,686,no,66,1250
2025-05-22T17:06:57.523885,KXBTCD-25MAY2221-T111749.99,DELTA,26,200,32,500,687,yes,21,1250
2025-05-22T17:06:58.363860,KXBTCD-25MAY2221-T111749.99,DELTA,26,200,32,500,688,yes,6,-5400
2025-05-22T17:06:58.364111,KXBTCD-25MAY2221-T111749.99,DELTA,26,200,32,500,689,yes,7,4628
2025-05-22T17:06:58.465074,KXBTCD-25MAY2221-T111749.99,DELTA,26,200,31,1000,690,no,69,1000
2025-05-22T17:06:58.524276,KXBTCD-25MAY2221-T111749.99,DELTA,26,200,31,1000,691,yes,7,-20000
2025-05-22T17:06:58.624643,KXBTCD-25MAY2221-T111749.99,DELTA,26,200,31,1000,692,yes,8,20000
2025-05-22T17:06:59.056674,KXBTCD-25MAY2221-T111749.99,DELTA,26,200,31,1000,693,no,67,-2000
2025-05-22T17:06:59.056803,KXBTCD-25MAY2221-T111749.99,DELTA,26,200,31,1000,694,no,66,-1250
2025-05-22T17:06:59.056890,KXBTCD-25MAY2221-T111749.99,DELTA,26,200,31,1000,695,no,67,1250
2025-05-22T17:06:59.164998,KXBTCD-25MAY2221-T111749.99,DELTA,26,200,31,1000,696,no,67,-1250
2025-05-22T17:06:59.204113,KXBTCD-25MAY2221-T111749.99,DELTA,26,200,31,1000,697,no,66,1250
2025-05-22T17:06:59.503323,KXBTCD-25MAY2221-T111749.99,DELTA,26,200,31,1000,698,yes,7,-4628
2025-05-22T17:06:59.503475,KXBTCD-25MAY2221-T111749.99,DELTA,26,200,31,1000,699,yes,6,5400
2025-05-22T17:06:59.564811,KXBTCD-25MAY2221-T111749.99,DELTA,26,200,31,1000,700,yes,8,-20000
2025-05-22T17:06:59.623593,KXBTCD-25MAY2221-T111749.99,DELTA,26,200,31,1000,701,yes,7,20000
2025-05-22T17:07:00.165746,KXBTCD-25MAY2221-T111749.99,DELTA,26,200,31,1000,702,yes,21,-1250
2025-05-22T17:07:00.603540,KXBTCD-25MAY2221-T111749.99,DELTA,26,200,31,1000,703,yes,20,1250
2025-05-22T17:07:00.624141,KXBTCD-25MAY2221-T111749.99,DELTA,26,200,31,1000,704,yes,6,-5400
2025-05-22T17:07:00.624317,KXBTCD-25MAY2221-T111749.99,DELTA,26,200,31,1000,705,yes,7,4628
2025-05-22T17:07:00.724648,KXBTCD-25MAY2221-T111749.99,DELTA,26,200,31,1000,706,yes,7,-20000
2025-05-22T17:07:00.783437,KXBTCD-25MAY2221-T111749.99,DELTA,26,200,31,1000,707,yes,8,20000
2025-05-22T17:07:01.703893,KXBTCD-25MAY2221-T111749.99,DELTA,26,200,31,1000,708,yes,7,-4628
2025-05-22T17:07:01.704082,KXBTCD-25MAY2221-T111749.99,DELTA,26,200,31,1000,709,yes,6,5400
2025-05-22T17:07:01.723252,KXBTCD-25MAY2221-T111749.99,DELTA,26,200,31,1000,710,no,68,2000
2025-05-22T17:07:01.764126,KXBTCD-25MAY2221-T111749.99,DELTA,26,200,31,1000,711,yes,8,-20000
2025-05-22T17:07:01.784378,KXBTCD-25MAY2221-T111749.99,DELTA,26,200,31,1000,712,no,66,-1250
2025-05-22T17:07:01.883621,KXBTCD-25MAY2221-T111749.99,DELTA,26,200,31,1000,713,no,67,1250
2025-05-22T17:07:01.944106,KXBTCD-25MAY2221-T111749.99,DELTA,26,200,31,1000,714,yes,7,20000
2025-05-22T17:07:02.803516,KXBTCD-25MAY2221-T111749.99,DELTA,26,200,31,1000,715,yes,6,-5400
2025-05-22T17:07:02.803656,KXBTCD-25MAY2221-T111749.99,DELTA,26,200,31,1000,716,yes,7,4628
2025-05-22T17:07:03.084517,KXBTCD-25MAY2221-T111749.99,DELTA,26,200,31,1000,717,yes,7,-20000
2025-05-22T17:07:03.664244,KXBTCD-25MAY2221-T111749.99,DELTA,26,200,31,1000,718,yes,8,20000
2025-05-22T17:07:06.064366,KXBTCD-25MAY2221-T111749.99,DELTA,24,1014,31,1000,719,yes,26,-200
2025-05-22T17:07:06.084470,KXBTCD-25MAY2221-T111749.99,DELTA,25,350,31,1000,720,yes,25,350
2025-05-22T17:07:06.664249,KXBTCD-25MAY2221-T111749.99,DELTA,25,350,31,1000,721,no,68,-250
2025-05-22T17:07:06.723055,KXBTCD-25MAY2221-T111749.99,DELTA,25,350,30,100,722,no,70,100
2025-05-22T17:07:06.803931,KXBTCD-25MAY2221-T111749.99,DELTA,25,350,30,100,723,no,69,-1000
2025-05-22T17:07:07.124275,KXBTCD-25MAY2221-T111749.99,DELTA,25,350,30,100,724,no,60,-250
2025-05-22T17:07:07.124434,KXBTCD-25MAY2221-T111749.99,DELTA,25,350,30,100,725,yes,7,-4628
2025-05-22T17:07:07.124501,KXBTCD-25MAY2221-T111749.99,DELTA,25,350,30,100,726,yes,6,5400
2025-05-22T17:07:07.223553,KXBTCD-25MAY2221-T111749.99,DELTA,25,350,30,350,727,no,70,250
2025-05-22T17:07:07.344618,KXBTCD-25MAY2221-T111749.99,DELTA,25,350,30,350,728,yes,8,-20000
2025-05-22T17:07:07.383181,KXBTCD-25MAY2221-T111749.99,DELTA,25,350,29,1000,729,no,71,1000
2025-05-22T17:07:07.564122,KXBTCD-25MAY2221-T111749.99,DELTA,25,350,29,1000,730,yes,7,20000
2025-05-22T17:07:09.524456,KXBTCD-25MAY2221-T111749.99,DELTA,25,350,29,1000,731,yes,6,-5400
2025-05-22T17:07:09.524902,KXBTCD-25MAY2221-T111749.99,DELTA,25,350,29,1000,732,yes,7,4628
2025-05-22T17:07:09.664243,KXBTCD-25MAY2221-T111749.99,DELTA,25,350,29,1000,733,no,67,-1250
2025-05-22T17:07:09.704189,KXBTCD-25MAY2221-T111749.99,DELTA,25,350,29,1000,734,no,68,1250
2025-05-22T17:07:10.124064,KXBTCD-25MAY2221-T111749.99,DELTA,25,370,29,1000,735,yes,25,20
2025-05-22T17:07:10.584694,KXBTCD-25MAY2221-T111749.99,DELTA,25,370,29,1000,736,no,67,-100
2025-05-22T17:07:10.885499,KXBTCD-25MAY2221-T111749.99,DELTA,25,370,29,1000,737,no,68,-1250
2025-05-22T17:07:10.944609,KXBTCD-25MAY2221-T111749.99,DELTA,25,370,29,1000,738,no,67,1250
2025-05-22T17:07:11.305106,KXBTCD-25MAY2221-T111749.99,DELTA,25,370,29,1000,739,no,70,-100
2025-05-22T17:07:11.324814,KXBTCD-25MAY2221-T111749.99,DELTA,25,370,29,1000,740,no,69,250
2025-05-22T17:07:11.584542,KXBTCD-25MAY2221-T111749.99,DELTA,25,370,29,1000,741,no,70,-250
2025-05-22T17:07:11.585299,KXBTCD-25MAY2221-T111749.99,DELTA,25,370,29,1000,742,no,60,250
2025-05-22T17:07:11.604367,KXBTCD-25MAY2221-T111749.99,DELTA,25,370,29,1000,743,yes,7,-20000
2025-05-22T17:07:11.664204,KXBTCD-25MAY2221-T111749.99,DELTA,25,370,31,250,744,no,71,-1000
2025-05-22T17:07:11.763653,KXBTCD-25MAY2221-T111749.99,DELTA,25,370,31,250,745,yes,7,-4628
2025-05-22T17:07:11.763855,KXBTCD-25MAY2221-T111749.99,DELTA,25,370,31,250,746,yes,6,5400
2025-05-22T17:07:11.783675,KXBTCD-25MAY2221-T111749.99,DELTA,25,370,30,1000,747,no,70,1000
2025-05-22T17:07:11.823703,KXBTCD-25MAY2221-T111749.99,DELTA,25,370,30,1000,748,yes,8,20000
2025-05-22T17:07:11.903161,KXBTCD-25MAY2221-T111749.99,DELTA,25,370,30,1000,749,yes,8,-20000
2025-05-22T17:07:11.923834,KXBTCD-25MAY2221-T111749.99,DELTA,25,370,30,1000,750,yes,20,-1250
2025-05-22T17:07:12.064245,KXBTCD-25MAY2221-T111749.99,DELTA,25,370,30,1000,751,yes,21,1250
2025-05-22T17:07:12.064512,KXBTCD-25MAY2221-T111749.99,DELTA,25,370,30,1000,752,yes,7,20000
2025-05-22T17:07:12.146014,KXBTCD-25MAY2221-T111749.99,DELTA,25,370,30,1000,753,no,69,-250
2025-05-22T17:07:12.185895,KXBTCD-25MAY2221-T111749.99,DELTA,25,20,30,1000,754,yes,25,-350
2025-05-22T17:07:12.205648,KXBTCD-25MAY2221-T111749.99,DELTA,25,20,30,1000,755,yes,12,-250
2025-05-22T17:07:12.225342,KXBTCD-25MAY2221-T111749.99,DELTA,25,20,30,1000,756,yes,22,250
2025-05-22T17:07:12.244441,KXBTCD-25MAY2221-T111749.99,DELTA,27,150,30,1000,757,yes,27,150
2025-05-22T17:07:12.267550,KXBTCD-25MAY2221-T111749.99,DELTA,27,150,30,1000,758,no,68,100
2025-05-22T17:07:12.385021,KXBTCD-25MAY2221-T111749.99,DELTA,27,150,30,1000,759,no,68,-100
2025-05-22T17:07:12.425790,KXBTCD-25MAY2221-T111749.99,DELTA,27,150,30,1000,760,no,67,100
2025-05-22T17:07:12.444529,KXBTCD-25MAY2221-T111749.99,DELTA,27,150,30,1000,761,no,67,150
2025-05-22T17:07:12.525371,KXBTCD-25MAY2221-T111749.99,DELTA,27,164,30,1000,762,yes,27,14
2025-05-22T17:07:12.526284,KXBTCD-25MAY2221-T111749.99,DELTA,27,164,30,1000,763,yes,24,-14
2025-05-22T17:07:12.527701,KXBTCD-25MAY2221-T111749.99,DELTA,27,164,30,1000,764,yes,26,30
2025-05-22T17:07:12.528657,KXBTCD-25MAY2221-T111749.99,DELTA,27,164,30,1000,765,no,64,14
2025-05-22T17:07:12.529747,KXBTCD-25MAY2221-T111749.99,DELTA,27,164,30,1000,766,no,67,-14
2025-05-22T17:07:12.545021,KXBTCD-25MAY2221-T111749.99,DELTA,27,164,30,1000,767,no,63,30
2025-05-22T17:07:12.545732,KXBTCD-25MAY2221-T111749.99,DELTA,27,164,30,1000,768,yes,23,-30
2025-05-22T17:07:12.564435,KXBTCD-25MAY2221-T111749.99,DELTA,27,164,30,1000,769,no,66,-30
2025-05-22T17:07:12.624150,KXBTCD-25MAY2221-T111749.99,DELTA,27,14,30,1000,770,yes,27,-150
2025-05-22T17:07:12.643815,KXBTCD-25MAY2221-T111749.99,DELTA,27,14,30,1000,771,no,67,-150
2025-05-22T17:07:12.724287,KXBTCD-25MAY2221-T111749.99,DELTA,29,50,30,1000,772,yes,29,50
2025-05-22T17:07:12.743809,KXBTCD-25MAY2221-T111749.99,DELTA,29,50,30,1000,773,no,66,150
2025-05-22T17:07:12.824304,KXBTCD-25MAY2221-T111749.99,DELTA,29,50,30,1000,774,no,58,250
2025-05-22T17:07:12.824674,KXBTCD-25MAY2221-T111749.99,DELTA,29,50,30,1000,775,no,68,-250
2025-05-22T17:07:12.864933,KXBTCD-25MAY2221-T111749.99,DELTA,29,50,30,1000,776,yes,24,-1000
2025-05-22T17:07:12.865297,KXBTCD-25MAY2221-T111749.99,DELTA,29,50,30,1000,777,no,68,-2000
2025-05-22T17:07:12.883879,KXBTCD-25MAY2221-T111749.99,DELTA,29,50,33,1350,778,no,70,-1000
2025-05-22T17:07:12.884072,KXBTCD-25MAY2221-T111749.99,DELTA,29,50,33,100,779,no,67,-1250
2025-05-22T17:07:12.942461,KXBTCD-25MAY2221-T111749.99,DELTA,27,14,33,100,780,yes,29,-50
2025-05-22T17:07:12.942700,KXBTCD-25MAY2221-T111749.99,DELTA,27,14,33,100,781,no,66,-150
2025-05-22T17:07:12.942851,KXBTCD-25MAY2221-T111749.99,DELTA,27,14,33,100,782,yes,6,-5400
2025-05-22T17:07:12.942995,KXBTCD-25MAY2221-T111749.99,DELTA,27,14,33,100,783,yes,7,4628
2025-05-22T17:07:12.943333,KXBTCD-25MAY2221-T111749.99,DELTA,27,14,33,100,784,yes,21,-2000
2025-05-22T17:07:12.943471,KXBTCD-25MAY2221-T111749.99,DELTA,27,14,33,1100,785,no,67,1000
2025-05-22T17:07:12.979010,KXBTCD-25MAY2221-T111749.99,DELTA,27,14,33,1100,786,yes,21,-1250
2025-05-22T17:07:12.980006,KXBTCD-25MAY2221-T111749.99,DELTA,29,250,33,1100,787,yes,29,250
2025-05-22T17:07:12.988202,KXBTCD-25MAY2221-T111749.99,DELTA,29,250,33,1100,788,no,65,250
2025-05-22T17:07:12.988623,KXBTCD-25MAY2221-T111749.99,DELTA,29,250,33,1100,789,no,56,250
2025-05-22T17:07:12.988941,KXBTCD-25MAY2221-T111749.99,DELTA,29,250,33,1100,790,no,66,-250
2025-05-22T17:07:13.025395,KXBTCD-25MAY2221-T111749.99,DELTA,29,250,33,1100,791,yes,22,-250
2025-05-22T17:07:13.026139,KXBTCD-25MAY2221-T111749.99,DELTA,29,250,33,1100,792,yes,12,250
2025-05-22T17:07:13.044009,KXBTCD-25MAY2221-T111749.99,DELTA,29,250,33,1100,793,no,56,-250
2025-05-22T17:07:13.044777,KXBTCD-25MAY2221-T111749.99,DELTA,29,250,33,1100,794,no,66,250
2025-05-22T17:07:13.084239,KXBTCD-25MAY2221-T111749.99,DELTA,29,250,33,1100,795,no,64,1250
2025-05-22T17:07:13.084530,KXBTCD-25MAY2221-T111749.99,DELTA,29,250,33,1100,796,yes,23,1250
2025-05-22T17:07:13.167537,KXBTCD-25MAY2221-T111749.99,DELTA,29,250,33,1100,797,yes,14,-250
2025-05-22T17:07:13.167771,KXBTCD-25MAY2221-T111749.99,DELTA,29,250,33,1000,798,no,67,-100
2025-05-22T17:07:13.167940,KXBTCD-25MAY2221-T111749.99,DELTA,29,250,33,1000,799,yes,22,250
2025-05-22T17:07:13.184154,KXBTCD-25MAY2221-T111749.99,DELTA,29,250,33,1000,800,yes,12,-250
2025-05-22T17:07:13.204407,KXBTCD-25MAY2221-T111749.99,DELTA,29,250,33,1000,801,yes,24,250
2025-05-22T17:07:13.204682,KXBTCD-25MAY2221-T111749.99,DELTA,29,250,33,1000,802,yes,23,-1250
2025-05-22T17:07:13.287326,KXBTCD-25MAY2221-T111749.99,DELTA,29,250,33,1000,803,yes,24,9
2025-05-22T17:07:13.324375,KXBTCD-25MAY2221-T111749.99,DELTA,29,250,33,1000,804,yes,24,-250
2025-05-22T17:07:13.325218,KXBTCD-25MAY2221-T111749.99,DELTA,29,250,33,1000,805,yes,14,250
2025-05-22T17:07:13.368437,KXBTCD-25MAY2221-T111749.99,DELTA,29,250,33,1000,806,yes,27,1000
2025-05-22T17:07:13.566935,KXBTCD-25MAY2221-T111749.99,DELTA,29,250,33,1000,807,yes,23,1250
2025-05-22T17:07:13.661189,KXBTCD-25MAY2221-T111749.99,DELTA,29,250,33,1000,808,yes,23,2000
2025-05-22T17:07:13.767207,KXBTCD-25MAY2221-T111749.99,DELTA,29,250,33,1000,809,yes,24,250
2025-05-22T17:07:13.767367,KXBTCD-25MAY2221-T111749.99,DELTA,29,250,33,1000,810,yes,14,-250
2025-05-22T17:07:13.767443,KXBTCD-25MAY2221-T111749.99,DELTA,29,250,33,1000,811,no,56,250
2025-05-22T17:07:13.767507,KXBTCD-25MAY2221-T111749.99,DELTA,29,250,33,1000,812,no,66,-250
2025-05-22T17:07:13.783821,KXBTCD-25MAY2221-T111749.99,DELTA,29,250,33,1000,813,yes,7,-20000
2025-05-22T17:07:13.865216,KXBTCD-25MAY2221-T111749.99,DELTA,29,250,33,1000,814,no,64,-1250
2025-05-22T17:07:14.005269,KXBTCD-25MAY2221-T111749.99,DELTA,29,250,33,1000,815,yes,7,-4628
2025-05-22T17:07:14.005509,KXBTCD-25MAY2221-T111749.99,DELTA,29,250,33,1000,816,yes,5,6480
2025-05-22T17:07:14.064582,KXBTCD-25MAY2221-T111749.99,DELTA,29,250,33,1000,817,no,62,1250
2025-05-22T17:07:14.104844,KXBTCD-25MAY2221-T111749.99,DELTA,29,250,33,1000,818,yes,24,-9
2025-05-22T17:07:14.125436,KXBTCD-25MAY2221-T111749.99,DELTA,29,250,33,1000,819,yes,16,-250
2025-05-22T17:07:14.125674,KXBTCD-25MAY2221-T111749.99,DELTA,29,250,33,1000,820,yes,26,250
2025-05-22T17:07:14.143927,KXBTCD-25MAY2221-T111749.99,DELTA,29,250,33,1000,821,yes,23,-2000
2025-05-22T17:07:14.164707,KXBTCD-25MAY2221-T111749.99,DELTA,29,250,33,1000,822,yes,23,-1250
2025-05-22T17:07:14.164950,KXBTCD-25MAY2221-T111749.99,DELTA,29,250,35,250,823,no,67,-1000
2025-05-22T17:07:14.184328,KXBTCD-25MAY2221-T111749.99,DELTA,29,250,35,350,824,no,65,100
2025-05-22T17:07:14.205626,KXBTCD-25MAY2221-T111749.99,DELTA,29,250,35,350,825,yes,25,2000
2025-05-22T17:07:14.244678,KXBTCD-25MAY2221-T111749.99,DELTA,29,250,35,350,826,yes,24,1250
2025-05-22T17:07:14.385117,KXBTCD-25MAY2221-T111749.99,DELTA,29,250,35,2350,827,no,65,2000
2025-05-22T17:07:14.464095,KXBTCD-25MAY2221-T111749.99,DELTA,29,250,35,350,828,no,65,-2000
2025-05-22T17:07:14.505325,KXBTCD-25MAY2221-T111749.99,DELTA,29,250,35,350,829,yes,8,20000
2025-05-22T17:07:14.525451,KXBTCD-25MAY2221-T111749.99,DELTA,29,250,35,350,830,no,64,2000
2025-05-22T17:07:14.525854,KXBTCD-25MAY2221-T111749.99,DELTA,29,250,34,1000,831,no,66,1000
2025-05-22T17:07:14.944536,KXBTCD-25MAY2221-T111749.99,DELTA,29,250,34,1000,832,yes,8,-20000
2025-05-22T17:07:15.024266,KXBTCD-25MAY2221-T111749.99,DELTA,29,250,34,1000,833,yes,6,20000
2025-05-22T17:07:15.363663,KXBTCD-25MAY2221-T111749.99,DELTA,29,250,34,1000,834,yes,28,14
2025-05-22T17:07:15.384070,KXBTCD-25MAY2221-T111749.99,DELTA,29,250,34,1000,835,yes,27,-14
2025-05-22T17:07:15.384223,KXBTCD-25MAY2221-T111749.99,DELTA,29,250,34,1000,836,no,63,14
2025-05-22T17:07:15.384315,KXBTCD-25MAY2221-T111749.99,DELTA,29,250,34,1000,837,no,64,-14
2025-05-22T17:07:15.464531,KXBTCD-25MAY2221-T111749.99,DELTA,29,250,34,1000,838,yes,27,30
2025-05-22T17:07:15.464746,KXBTCD-25MAY2221-T111749.99,DELTA,29,250,34,1000,839,yes,26,-30
2025-05-22T17:07:15.464894,KXBTCD-25MAY2221-T111749.99,DELTA,29,250,34,1000,840,no,63,-30
2025-05-22T17:07:15.465035,KXBTCD-25MAY2221-T111749.99,DELTA,29,250,34,1000,841,no,62,30
2025-05-22T17:07:15.845335,KXBTCD-25MAY2221-T111749.99,DELTA,29,250,34,1000,842,no,65,-250
2025-05-22T17:07:15.884371,KXBTCD-25MAY2221-T111749.99,DELTA,29,250,34,1000,843,no,64,200
2025-05-22T17:07:16.665036,KXBTCD-25MAY2221-T111749.99,DELTA,29,250,34,1000,844,yes,25,-2000
2025-05-22T17:07:16.666222,KXBTCD-25MAY2221-T111749.99,DELTA,29,250,34,1000,845,no,64,-2000
2025-05-22T17:07:16.757931,KXBTCD-25MAY2221-T111749.99,DELTA,28,14,34,1000,846,yes,29,-250
2025-05-22T17:07:16.758209,KXBTCD-25MAY2221-T111749.99,DELTA,28,14,34,1000,847,yes,27,-1000
2025-05-22T17:07:16.758516,KXBTCD-25MAY2221-T111749.99,DELTA,31,50,34,1000,848,yes,31,50
2025-05-22T17:07:16.768163,KXBTCD-25MAY2221-T111749.99,DELTA,31,50,34,1000,849,yes,24,-1250
2025-05-22T17:07:16.844100,KXBTCD-25MAY2221-T111749.99,DELTA,31,50,34,1000,850,yes,28,1000
2025-05-22T17:07:16.944538,KXBTCD-25MAY2221-T111749.99,DELTA,31,50,34,1000,851,no,63,2000
2025-05-22T17:07:17.164845,KXBTCD-25MAY2221-T111749.99,DELTA,31,50,34,1000,852,yes,25,1250
2025-05-22T17:07:17.784415,KXBTCD-25MAY2221-T111749.99,DELTA,31,50,34,1000,853,no,65,-100
2025-05-22T17:07:17.843772,KXBTCD-25MAY2221-T111749.99,DELTA,31,50,36,450,854,no,66,-1000
2025-05-22T17:07:17.928324,KXBTCD-25MAY2221-T111749.99,DELTA,31,50,35,1000,855,no,65,1000
2025-05-22T17:07:18.185936,KXBTCD-25MAY2221-T111749.99,DELTA,31,50,35,1000,856,no,52,-3000
2025-05-22T17:07:18.223986,KXBTCD-25MAY2221-T111749.99,DELTA,31,50,35,1000,857,no,62,-1250
2025-05-22T17:07:18.224573,KXBTCD-25MAY2221-T111749.99,DELTA,31,50,35,1000,858,no,45,3000
2025-05-22T17:07:18.264728,KXBTCD-25MAY2221-T111749.99,DELTA,31,50,35,1000,859,no,61,1250
2025-05-22T17:07:18.343462,KXBTCD-25MAY2221-T111749.99,DELTA,31,50,35,1000,860,yes,26,2000
2025-05-22T17:07:18.543300,KXBTCD-25MAY2221-T111749.99,DELTA,31,50,35,1000,861,no,40,-200
2025-05-22T17:07:18.543730,KXBTCD-25MAY2221-T111749.99,DELTA,31,50,35,1000,862,no,30,200
2025-05-22T17:07:18.603965,KXBTCD-25MAY2221-T111749.99,DELTA,28,1014,35,1000,863,yes,31,-50
2025-05-22T17:07:18.643300,KXBTCD-25MAY2221-T111749.99,DELTA,31,150,35,1000,864,yes,31,150
2025-05-22T17:07:18.664328,KXBTCD-25MAY2221-T111749.99,DELTA,31,150,35,1000,865,yes,26,-2000
2025-05-22T17:07:18.683808,KXBTCD-25MAY2221-T111749.99,DELTA,31,150,35,1000,866,no,63,-2000
2025-05-22T17:07:18.703233,KXBTCD-25MAY2221-T111749.99,DELTA,31,150,35,1000,867,no,64,-200
2025-05-22T17:07:18.743081,KXBTCD-25MAY2221-T111749.99,DELTA,31,150,35,1000,868,no,63,250
2025-05-22T17:07:18.743218,KXBTCD-25MAY2221-T111749.99,DELTA,31,150,35,1000,869,no,62,2000
2025-05-22T17:07:18.743325,KXBTCD-25MAY2221-T111749.99,DELTA,31,150,35,1000,870,yes,27,2000
2025-05-22T17:07:19.184289,KXBTCD-25MAY2221-T111749.99,DELTA,31,150,35,1000,871,no,54,250
2025-05-22T17:07:19.185042,KXBTCD-25MAY2221-T111749.99,DELTA,31,150,35,1000,872,no,64,-250
2025-05-22T17:07:19.244590,KXBTCD-25MAY2221-T111749.99,DELTA,31,150,37,264,873,no,65,-1000
2025-05-22T17:07:19.284511,KXBTCD-25MAY2221-T111749.99,DELTA,31,150,37,364,874,no,63,100
2025-05-22T17:07:19.304279,KXBTCD-25MAY2221-T111749.99,DELTA,31,150,36,1000,875,no,64,1000
2025-05-22T17:07:20.343060,KXBTCD-25MAY2221-T111749.99,DELTA,31,150,36,1000,876,yes,29,30
2025-05-22T17:07:20.363978,KXBTCD-25MAY2221-T111749.99,DELTA,31,150,36,1000,877,yes,28,-14
2025-05-22T17:07:20.364298,KXBTCD-25MAY2221-T111749.99,DELTA,31,150,36,1000,878,yes,30,14
2025-05-22T17:07:20.364397,KXBTCD-25MAY2221-T111749.99,DELTA,31,150,36,1000,879,yes,27,-30
2025-05-22T17:07:20.364479,KXBTCD-25MAY2221-T111749.99,DELTA,31,150,36,1000,880,no,60,30
2025-05-22T17:07:20.364567,KXBTCD-25MAY2221-T111749.99,DELTA,31,150,36,1000,881,no,62,-30
2025-05-22T17:07:20.364640,KXBTCD-25MAY2221-T111749.99,DELTA,31,150,36,1000,882,no,61,14
2025-05-22T17:07:20.364707,KXBTCD-25MAY2221-T111749.99,DELTA,31,150,36,1000,883,no,63,-14
2025-05-22T17:07:20.403371,KXBTCD-25MAY2221-T111749.99,DELTA,31,150,36,1000,884,yes,28,-1000
2025-05-22T17:07:20.443836,KXBTCD-25MAY2221-T111749.99,DELTA,31,150,36,1000,885,yes,29,1000
2025-05-22T17:07:20.565405,KXBTCD-25MAY2221-T111749.99,DELTA,31,150,36,1000,886,yes,29,-1000
2025-05-22T17:07:20.566424,KXBTCD-25MAY2221-T111749.99,DELTA,31,150,36,1000,887,yes,25,-1250
2025-05-22T17:07:20.604901,KXBTCD-25MAY2221-T111749.99,DELTA,31,150,36,1000,888,yes,30,1000
2025-05-22T17:07:20.605830,KXBTCD-25MAY2221-T111749.99,DELTA,31,150,36,1000,889,yes,26,1250
2025-05-22T17:07:22.345018,KXBTCD-25MAY2221-T111749.99,DELTA,31,150,36,1000,890,yes,5,-6480
2025-05-22T17:07:22.345851,KXBTCD-25MAY2221-T111749.99,DELTA,31,150,36,1000,891,yes,4,8100
2025-05-22T17:07:22.404944,KXBTCD-25MAY2221-T111749.99,DELTA,31,150,36,1000,892,yes,6,-20000
2025-05-22T17:07:22.424840,KXBTCD-25MAY2221-T111749.99,DELTA,31,150,36,1000,893,yes,5,20000
2025-05-22T17:07:23.084535,KXBTCD-25MAY2221-T111749.99,DELTA,31,150,36,998,894,no,64,-2
2025-05-22T17:07:26.205345,KXBTCD-25MAY2221-T111749.99,DELTA,30,1014,36,998,895,yes,31,-150
2025-05-22T17:07:26.243938,KXBTCD-25MAY2221-T111749.99,DELTA,30,1314,36,998,896,yes,30,300
2025-05-22T17:07:26.664428,KXBTCD-25MAY2221-T111749.99,DELTA,30,1314,36,998,897,yes,27,-2000
2025-05-22T17:07:26.665208,KXBTCD-25MAY2221-T111749.99,DELTA,30,314,36,998,898,yes,30,-1000
2025-05-22T17:07:26.684805,KXBTCD-25MAY2221-T111749.99,DELTA,30,314,36,998,899,yes,26,-1250
2025-05-22T17:07:26.685457,KXBTCD-25MAY2221-T111749.99,DELTA,30,314,36,998,900,no,62,-2000
2025-05-22T17:07:26.818299,KXBTCD-25MAY2221-T111749.99,DELTA,30,314,36,998,901,yes,26,2000
2025-05-22T17:07:26.818537,KXBTCD-25MAY2221-T111749.99,DELTA,30,314,36,998,902,no,63,2000
2025-05-22T17:07:26.818687,KXBTCD-25MAY2221-T111749.99,DELTA,30,314,36,998,903,yes,25,1250
2025-05-22T17:07:26.818810,KXBTCD-25MAY2221-T111749.99,DELTA,30,314,36,998,904,yes,29,1000
2025-05-22T17:07:28.065747,KXBTCD-25MAY2221-T111749.99,DELTA,30,314,36,998,905,no,61,-1250
2025-05-22T17:07:28.124501,KXBTCD-25MAY2221-T111749.99,DELTA,30,314,36,998,906,no,54,-250
2025-05-22T17:07:28.144450,KXBTCD-25MAY2221-T111749.99,DELTA,30,314,36,998,907,no,62,1250
2025-05-22T17:07:28.145334,KXBTCD-25MAY2221-T111749.99,DELTA,30,314,36,1248,908,no,64,250
2025-05-22T17:07:28.205222,KXBTCD-25MAY2221-T111749.99,DELTA,30,314,36,250,909,no,64,-998
2025-05-22T17:07:28.244271,KXBTCD-25MAY2221-T111749.99,DELTA,30,314,35,1000,910,no,65,1000
2025-05-22T17:07:28.445038,KXBTCD-25MAY2221-T111749.99,DELTA,30,314,35,1000,911,no,63,-250
2025-05-22T17:07:28.484626,KXBTCD-25MAY2221-T111749.99,DELTA,30,314,35,1100,912,no,65,100
2025-05-22T17:07:28.544688,KXBTCD-25MAY2221-T111749.99,DELTA,30,314,35,100,913,no,65,-1000
2025-05-22T17:07:28.603521,KXBTCD-25MAY2221-T111749.99,DELTA,30,314,34,1000,914,no,66,1000
2025-05-22T17:07:30.544833,KXBTCD-25MAY2221-T111749.99,DELTA,30,314,34,1000,915,no,63,-100
2025-05-22T17:07:31.045124,KXBTCD-25MAY2221-T111749.99,DELTA,30,314,34,1000,916,yes,29,-1000
2025-05-22T17:07:31.065758,KXBTCD-25MAY2221-T111749.99,DELTA,30,314,34,1000,917,yes,25,-1250
2025-05-22T17:07:31.084730,KXBTCD-25MAY2221-T111749.99,DELTA,30,314,34,1000,918,yes,26,-2000
2025-05-22T17:07:31.105357,KXBTCD-25MAY2221-T111749.99,DELTA,30,314,34,1000,919,no,63,-2000
2025-05-22T17:07:31.105824,KXBTCD-25MAY2221-T111749.99,DELTA,30,314,34,1000,920,no,62,-1250
2025-05-22T17:07:31.124806,KXBTCD-25MAY2221-T111749.99,DELTA,30,314,34,1000,921,yes,24,1250
2025-05-22T17:07:31.125261,KXBTCD-25MAY2221-T111749.99,DELTA,30,314,34,1000,922,yes,27,1000
2025-05-22T17:07:31.145216,KXBTCD-25MAY2221-T111749.99,DELTA,30,14,34,1000,923,yes,30,-300
2025-05-22T17:07:31.145969,KXBTCD-25MAY2221-T111749.99,DELTA,30,14,34,1000,924,no,65,-100
2025-05-22T17:07:31.146230,KXBTCD-25MAY2221-T111749.99,DELTA,30,14,34,1000,925,yes,29,-30
2025-05-22T17:07:31.146452,KXBTCD-25MAY2221-T111749.99,DELTA,30,14,34,1000,926,yes,28,14
2025-05-22T17:07:31.164975,KXBTCD-25MAY2221-T111749.99,DELTA,30,14,34,1000,927,yes,27,30
2025-05-22T17:07:31.165420,KXBTCD-25MAY2221-T111749.99,DELTA,28,14,34,1000,928,yes,30,-14
2025-05-22T17:07:31.165677,KXBTCD-25MAY2221-T111749.99,DELTA,28,14,34,1000,929,no,63,14
2025-05-22T17:07:31.166152,KXBTCD-25MAY2221-T111749.99,DELTA,28,14,34,1000,930,no,60,-30
2025-05-22T17:07:31.167377,KXBTCD-25MAY2221-T111749.99,DELTA,28,14,34,1000,931,no,62,30
2025-05-22T17:07:31.167743,KXBTCD-25MAY2221-T111749.99,DELTA,28,14,34,1000,932,no,61,-14
2025-05-22T17:07:31.184734,KXBTCD-25MAY2221-T111749.99,DELTA,28,14,34,1000,933,no,63,1250
2025-05-22T17:07:31.185722,KXBTCD-25MAY2221-T111749.99,DELTA,28,14,34,1000,934,no,64,2000
2025-05-22T17:07:31.186181,KXBTCD-25MAY2221-T111749.99,DELTA,28,14,34,1000,935,yes,25,2000
2025-05-22T17:07:31.204835,KXBTCD-25MAY2221-T111749.99,DELTA,28,14,34,1000,936,no,30,-200
2025-05-22T17:07:31.205256,KXBTCD-25MAY2221-T111749.99,DELTA,28,14,34,1000,937,no,40,200
2025-05-22T17:07:31.224575,KXBTCD-25MAY2221-T111749.99,DELTA,28,14,34,1000,938,yes,24,-1250
2025-05-22T17:07:31.225092,KXBTCD-25MAY2221-T111749.99,DELTA,28,14,36,2250,939,no,66,-1000
2025-05-22T17:07:31.245017,KXBTCD-25MAY2221-T111749.99,DELTA,28,14,36,2250,940,yes,25,-2000
2025-05-22T17:07:31.264795,KXBTCD-25MAY2221-T111749.99,DELTA,28,164,36,2250,941,yes,28,150
2025-05-22T17:07:31.285523,KXBTCD-25MAY2221-T111749.99,DELTA,28,164,36,250,942,no,64,-2000
2025-05-22T17:07:31.286141,KXBTCD-25MAY2221-T111749.99,DELTA,28,164,36,250,943,yes,23,1250
2025-05-22T17:07:31.286642,KXBTCD-25MAY2221-T111749.99,DELTA,28,164,35,1000,944,no,65,1000
2025-05-22T17:07:31.287103,KXBTCD-25MAY2221-T111749.99,DELTA,28,164,33,50,945,no,67,50
2025-05-22T17:07:31.287535,KXBTCD-25MAY2221-T111749.99,DELTA,28,164,33,50,946,no,63,-1250
2025-05-22T17:07:31.326747,KXBTCD-25MAY2221-T111749.99,DELTA,28,164,33,50,947,yes,24,2000
2025-05-22T17:07:31.365906,KXBTCD-25MAY2221-T111749.99,DELTA,28,164,33,50,948,no,65,2000
2025-05-22T17:07:31.366723,KXBTCD-25MAY2221-T111749.99,DELTA,28,164,33,50,949,no,64,1250
2025-05-22T17:07:31.367071,KXBTCD-25MAY2221-T111749.99,DELTA,28,164,35,3000,950,no,67,-50
2025-05-22T17:07:31.429295,KXBTCD-25MAY2221-T111749.99,DELTA,28,164,33,200,951,no,67,200
2025-05-22T17:07:31.429806,KXBTCD-25MAY2221-T111749.99,DELTA,28,164,33,200,952,no,65,-1000
2025-05-22T17:07:31.483554,KXBTCD-25MAY2221-T111749.99,DELTA,28,164,32,1000,953,no,68,1000
2025-05-22T17:07:31.564813,KXBTCD-25MAY2221-T111749.99,DELTA,28,164,32,1000,954,yes,26,-250
2025-05-22T17:07:31.584339,KXBTCD-25MAY2221-T111749.99,DELTA,28,164,32,1000,955,yes,16,250
2025-05-22T17:07:31.784320,KXBTCD-25MAY2221-T111749.99,DELTA,28,164,32,1000,956,no,64,100
2025-05-22T17:07:32.163895,KXBTCD-25MAY2221-T111749.99,DELTA,28,164,32,1000,957,no,66,250
2025-05-22T17:07:32.185769,KXBTCD-25MAY2221-T111749.99,DELTA,28,164,32,1000,958,no,56,-250
2025-05-22T17:07:32.904922,KXBTCD-25MAY2221-T111749.99,DELTA,28,14,32,1000,959,yes,28,-150
2025-05-22T17:07:32.935109,KXBTCD-25MAY2221-T111749.99,DELTA,28,14,32,1000,960,yes,27,300
2025-05-22T17:07:33.484576,KXBTCD-25MAY2221-T111749.99,DELTA,28,14,32,1000,961,no,64,-100
2025-05-22T17:07:33.823888,KXBTCD-25MAY2221-T111749.99,DELTA,28,14,32,1000,962,yes,27,-1000
2025-05-22T17:07:33.824343,KXBTCD-25MAY2221-T111749.99,DELTA,28,14,32,1000,963,yes,4,-8100
2025-05-22T17:07:33.825138,KXBTCD-25MAY2221-T111749.99,DELTA,28,14,32,1000,964,yes,6,5400
2025-05-22T17:07:33.863568,KXBTCD-25MAY2221-T111749.99,DELTA,28,14,32,1000,965,yes,25,1000
2025-05-22T17:07:33.905168,KXBTCD-25MAY2221-T111749.99,DELTA,28,14,32,1000,966,yes,14,250
2025-05-22T17:07:33.905491,KXBTCD-25MAY2221-T111749.99,DELTA,28,14,32,1000,967,yes,24,-250
2025-05-22T17:07:33.905686,KXBTCD-25MAY2221-T111749.99,DELTA,28,14,32,1000,968,yes,24,-2000
2025-05-22T17:07:33.988246,KXBTCD-25MAY2221-T111749.99,DELTA,28,14,32,1000,969,yes,23,-1250
2025-05-22T17:07:33.989754,KXBTCD-25MAY2221-T111749.99,DELTA,28,14,32,1000,970,yes,25,-1000
2025-05-22T17:07:33.990092,KXBTCD-25MAY2221-T111749.99,DELTA,28,14,32,1000,971,no,65,-2000
2025-05-22T17:07:34.004546,KXBTCD-25MAY2221-T111749.99,DELTA,28,14,32,1000,972,no,64,-1250
2025-05-22T17:07:34.044850,KXBTCD-25MAY2221-T111749.99,DELTA,28,14,32,1000,973,yes,23,1000
2025-05-22T17:07:34.085370,KXBTCD-25MAY2221-T111749.99,DELTA,28,14,32,1000,974,no,66,2000
2025-05-22T17:07:34.085891,KXBTCD-25MAY2221-T111749.99,DELTA,28,14,32,1000,975,yes,23,2000
2025-05-22T17:07:34.105826,KXBTCD-25MAY2221-T111749.99,DELTA,28,14,32,1000,976,no,65,1250
2025-05-22T17:07:34.106264,KXBTCD-25MAY2221-T111749.99,DELTA,28,14,32,1000,977,yes,22,1250
2025-05-22T17:07:34.186288,KXBTCD-25MAY2221-T111749.99,DELTA,28,14,32,1000,978,no,58,-250
2025-05-22T17:07:34.186803,KXBTCD-25MAY2221-T111749.99,DELTA,28,14,32,1250,979,no,68,250
2025-05-22T17:07:34.206159,KXBTCD-25MAY2221-T111749.99,DELTA,28,14,32,1250,980,yes,5,-20000
2025-05-22T17:07:34.284766,KXBTCD-25MAY2221-T111749.99,DELTA,28,14,32,1250,981,yes,7,20000
2025-05-22T17:07:34.285364,KXBTCD-25MAY2221-T111749.99,DELTA,28,14,32,250,982,no,68,-1000
2025-05-22T17:07:34.364918,KXBTCD-25MAY2221-T111749.99,DELTA,28,14,31,1000,983,no,69,1000
2025-05-22T17:07:34.504331,KXBTCD-25MAY2221-T111749.99,DELTA,28,14,31,1000,984,yes,27,-300
2025-05-22T17:07:34.564317,KXBTCD-25MAY2221-T111749.99,DELTA,28,14,31,1000,985,yes,26,250
2025-05-22T17:07:35.086559,KXBTCD-25MAY2221-T111749.99,DELTA,28,14,31,1000,986,yes,6,-5400
2025-05-22T17:07:35.087602,KXBTCD-25MAY2221-T111749.99,DELTA,28,14,31,1000,987,yes,7,4628
2025-05-22T17:07:35.148519,KXBTCD-25MAY2221-T111749.99,DELTA,28,14,31,1000,988,yes,7,-20000
2025-05-22T17:07:35.185120,KXBTCD-25MAY2221-T111749.99,DELTA,28,14,31,1000,989,no,65,100
2025-05-22T17:07:35.186105,KXBTCD-25MAY2221-T111749.99,DELTA,28,14,31,1000,990,yes,8,20000
2025-05-22T17:07:35.304125,KXBTCD-25MAY2221-T111749.99,DELTA,28,14,31,1000,991,yes,23,-1000
2025-05-22T17:07:35.364618,KXBTCD-25MAY2221-T111749.99,DELTA,28,14,31,1000,992,yes,26,1000
2025-05-22T17:07:35.504502,KXBTCD-25MAY2221-T111749.99,DELTA,28,14,31,1000,993,no,65,-100
2025-05-22T17:07:36.144545,KXBTCD-25MAY2221-T111749.99,DELTA,28,14,31,1000,994,yes,7,-4628
2025-05-22T17:07:36.145334,KXBTCD-25MAY2221-T111749.99,DELTA,28,14,31,1000,995,yes,6,5400
2025-05-22T17:07:36.203886,KXBTCD-25MAY2221-T111749.99,DELTA,28,14,31,1000,996,yes,8,-20000
2025-05-22T17:07:36.243810,KXBTCD-25MAY2221-T111749.99,DELTA,28,14,31,1000,997,yes,7,20000
2025-05-22T17:07:36.264592,KXBTCD-25MAY2221-T111749.99,DELTA,28,14,31,1000,998,yes,27,-30
2025-05-22T17:07:36.283731,KXBTCD-25MAY2221-T111749.99,DELTA,28,14,31,1000,999,yes,25,30
2025-05-22T17:07:36.285214,KXBTCD-25MAY2221-T111749.99,DELTA,28,14,31,1000,1000,no,62,-30
2025-05-22T17:07:36.285762,KXBTCD-25MAY2221-T111749.99,DELTA,28,14,31,1000,1001,yes,26,14
2025-05-22T17:07:36.286191,KXBTCD-25MAY2221-T111749.99,DELTA,28,14,31,1000,1002,no,65,14
2025-05-22T17:07:36.286601,KXBTCD-25MAY2221-T111749.99,DELTA,28,14,31,1000,1003,no,64,30
2025-05-22T17:07:36.303784,KXBTCD-25MAY2221-T111749.99,DELTA,26,1264,31,1000,1004,yes,28,-14
2025-05-22T17:07:36.304442,KXBTCD-25MAY2221-T111749.99,DELTA,26,1264,31,1000,1005,no,63,-14
2025-05-22T17:07:37.184538,KXBTCD-25MAY2221-T111749.99,DELTA,26,1264,31,1000,1006,no,66,100
2025-05-22T17:07:37.225275,KXBTCD-25MAY2221-T111749.99,DELTA,26,1264,31,1000,1007,yes,6,-5400
2025-05-22T17:07:37.226042,KXBTCD-25MAY2221-T111749.99,DELTA,26,1264,31,1000,1008,yes,7,4628
2025-05-22T17:07:37.284703,KXBTCD-25MAY2221-T111749.99,DELTA,26,1264,31,1000,1009,yes,7,-20000
2025-05-22T17:07:37.325267,KXBTCD-25MAY2221-T111749.99,DELTA,26,1264,31,1000,1010,yes,8,20000
2025-05-22T17:07:37.764729,KXBTCD-25MAY2221-T111749.99,DELTA,26,1264,31,1000,1011,yes,23,-2000
2025-05-22T17:07:37.765564,KXBTCD-25MAY2221-T111749.99,DELTA,26,264,31,1000,1012,yes,26,-1000
2025-05-22T17:07:37.766772,KXBTCD-25MAY2221-T111749.99,DELTA,26,264,31,1000,1013,no,66,-2000
2025-05-22T17:07:37.767273,KXBTCD-25MAY2221-T111749.99,DELTA,26,264,31,1000,1014,no,65,-1250
2025-05-22T17:07:37.785351,KXBTCD-25MAY2221-T111749.99,DELTA,26,264,31,1000,1015,yes,22,-250
2025-05-22T17:07:37.786085,KXBTCD-25MAY2221-T111749.99,DELTA,26,264,31,1000,1016,yes,12,250
2025-05-22T17:07:37.805317,KXBTCD-25MAY2221-T111749.99,DELTA,26,264,31,1000,1017,yes,22,-1250
2025-05-22T17:07:37.844909,KXBTCD-25MAY2221-T111749.99,DELTA,26,264,31,1000,1018,no,67,1250
2025-05-22T17:07:37.845448,KXBTCD-25MAY2221-T111749.99,DELTA,26,264,31,1000,1019,yes,23,1000
2025-05-22T17:07:37.865023,KXBTCD-25MAY2221-T111749.99,DELTA,26,264,31,1000,1020,no,67,2000
2025-05-22T17:07:37.865912,KXBTCD-25MAY2221-T111749.99,DELTA,26,264,31,1000,1021,yes,22,2000
2025-05-22T17:07:37.866460,KXBTCD-25MAY2221-T111749.99,DELTA,26,264,31,1000,1022,yes,21,1250
2025-05-22T17:07:37.944449,KXBTCD-25MAY2221-T111749.99,DELTA,26,264,31,1000,1023,yes,22,-2000
2025-05-22T17:07:37.945285,KXBTCD-25MAY2221-T111749.99,DELTA,26,264,31,1000,1024,yes,23,-1000
2025-05-22T17:07:37.966033,KXBTCD-25MAY2221-T111749.99,DELTA,26,264,31,1000,1025,no,67,-200
2025-05-22T17:07:37.985892,KXBTCD-25MAY2221-T111749.99,DELTA,26,14,31,1000,1026,yes,26,-250
2025-05-22T17:07:37.986677,KXBTCD-25MAY2221-T111749.99,DELTA,26,14,31,1000,1027,yes,21,2000
2025-05-22T17:07:37.987128,KXBTCD-25MAY2221-T111749.99,DELTA,26,14,31,1000,1028,yes,21,1000
2025-05-22T17:07:38.064057,KXBTCD-25MAY2221-T111749.99,DELTA,26,14,31,1000,1029,yes,22,9
2025-05-22T17:07:38.084917,KXBTCD-25MAY2221-T111749.99,DELTA,26,14,31,1000,1030,yes,25,250
2025-05-22T17:07:38.085614,KXBTCD-25MAY2221-T111749.99,DELTA,26,14,31,1300,1031,no,69,300
2025-05-22T17:07:38.185389,KXBTCD-25MAY2221-T111749.99,DELTA,26,14,31,300,1032,no,69,-1000
2025-05-22T17:07:38.246735,KXBTCD-25MAY2221-T111749.99,DELTA,26,14,30,1000,1033,no,70,1000
2025-05-22T17:07:38.310080,KXBTCD-25MAY2221-T111749.99,DELTA,26,14,30,1000,1034,yes,7,-4628
2025-05-22T17:07:38.310751,KXBTCD-25MAY2221-T111749.99,DELTA,26,14,30,1000,1035,yes,6,5400
2025-05-22T17:07:38.404727,KXBTCD-25MAY2221-T111749.99,DELTA,26,14,30,1000,1036,yes,8,-20000
2025-05-22T17:07:38.445797,KXBTCD-25MAY2221-T111749.99,DELTA,26,14,30,1000,1037,yes,7,20000
2025-05-22T17:07:38.892166,KXBTCD-25MAY2221-T111749.99,DELTA,26,14,30,1000,1038,yes,21,-1000
2025-05-22T17:07:38.893064,KXBTCD-25MAY2221-T111749.99,DELTA,26,14,30,1000,1039,no,67,-1250
2025-05-22T17:07:38.893669,KXBTCD-25MAY2221-T111749.99,DELTA,26,14,30,1000,1040,no,66,1250
2025-05-22T17:07:38.894047,KXBTCD-25MAY2221-T111749.99,DELTA,26,14,30,1000,1041,yes,25,1000
2025-05-22T17:07:38.894348,KXBTCD-25MAY2221-T111749.99,DELTA,26,14,30,1000,1042,no,69,-300
2025-05-22T17:07:38.923693,KXBTCD-25MAY2221-T111749.99,DELTA,26,14,30,1000,1043,no,68,250
2025-05-22T17:07:38.924294,KXBTCD-25MAY2221-T111749.99,DELTA,26,14,30,1000,1044,yes,25,-1000
2025-05-22T17:07:38.924640,KXBTCD-25MAY2221-T111749.99,DELTA,26,14,30,1000,1045,no,67,-2000
2025-05-22T17:07:38.945452,KXBTCD-25MAY2221-T111749.99,DELTA,26,14,32,500,1046,no,70,-1000
2025-05-22T17:07:38.945927,KXBTCD-25MAY2221-T111749.99,DELTA,26,14,32,500,1047,no,66,-1250
2025-05-22T17:07:39.004574,KXBTCD-25MAY2221-T111749.99,DELTA,26,14,31,1000,1048,no,69,1000
2025-05-22T17:07:39.024461,KXBTCD-25MAY2221-T111749.99,DELTA,26,1014,31,1000,1049,yes,26,1000
2025-05-22T17:07:39.025173,KXBTCD-25MAY2221-T111749.99,DELTA,26,1014,31,1000,1050,no,65,1250
2025-05-22T17:07:39.025746,KXBTCD-25MAY2221-T111749.99,DELTA,26,1014,31,1000,1051,no,66,2000
2025-05-22T17:07:39.163902,KXBTCD-25MAY2221-T111749.99,DELTA,26,1014,31,1000,1052,yes,25,-250
2025-05-22T17:07:39.204299,KXBTCD-25MAY2221-T111749.99,DELTA,27,100,31,1000,1053,yes,27,100
2025-05-22T17:07:39.205300,KXBTCD-25MAY2221-T111749.99,DELTA,27,100,31,1000,1054,yes,12,-250
2025-05-22T17:07:39.223527,KXBTCD-25MAY2221-T111749.99,DELTA,27,100,31,1000,1055,yes,22,250
2025-05-22T17:07:39.283999,KXBTCD-25MAY2221-T111749.99,DELTA,27,100,31,1000,1056,yes,21,-2000
2025-05-22T17:07:39.305309,KXBTCD-25MAY2221-T111749.99,DELTA,27,100,31,1000,1057,yes,21,-1250
2025-05-22T17:07:39.344186,KXBTCD-25MAY2221-T111749.99,DELTA,27,100,31,1000,1058,yes,22,1250
2025-05-22T17:07:39.345065,KXBTCD-25MAY2221-T111749.99,DELTA,27,100,31,1000,1059,yes,23,2000
2025-05-22T17:07:40.765515,KXBTCD-25MAY2221-T111749.99,DELTA,27,100,31,693,1060,no,69,-307
2025-05-22T17:07:40.883913,KXBTCD-25MAY2221-T111749.99,DELTA,27,100,31,693,1061,yes,22,-9
2025-05-22T17:07:41.523980,KXBTCD-25MAY2221-T111749.99,DELTA,26,1014,31,693,1062,yes,27,-100
2025-05-22T17:07:41.524443,KXBTCD-25MAY2221-T111749.99,DELTA,26,1014,31,693,1063,no,68,-250
2025-05-22T17:07:41.563421,KXBTCD-25MAY2221-T111749.99,DELTA,27,300,31,693,1064,yes,27,300
2025-05-22T17:07:41.583427,KXBTCD-25MAY2221-T111749.99,DELTA,27,300,31,693,1065,no,67,200
2025-05-22T17:07:41.624033,KXBTCD-25MAY2221-T111749.99,DELTA,27,300,31,693,1066,yes,22,-1250
2025-05-22T17:07:41.644497,KXBTCD-25MAY2221-T111749.99,DELTA,27,300,32,250,1067,no,69,-693
2025-05-22T17:07:41.645004,KXBTCD-25MAY2221-T111749.99,DELTA,27,300,32,250,1068,no,65,-1250
2025-05-22T17:07:41.684305,KXBTCD-25MAY2221-T111749.99,DELTA,27,300,32,250,1069,no,64,1250
2025-05-22T17:07:41.703583,KXBTCD-25MAY2221-T111749.99,DELTA,27,300,32,250,1070,yes,23,1250
2025-05-22T17:07:41.703942,KXBTCD-25MAY2221-T111749.99,DELTA,27,300,32,1250,1071,no,68,1000
2025-05-22T17:07:41.784101,KXBTCD-25MAY2221-T111749.99,DELTA,27,300,32,1250,1072,yes,26,-1000
2025-05-22T17:07:41.784395,KXBTCD-25MAY2221-T111749.99,DELTA,27,300,32,1250,1073,no,66,-2000
2025-05-22T17:07:41.888756,KXBTCD-25MAY2221-T111749.99,DELTA,27,300,32,1250,1074,no,65,2000
2025-05-22T17:07:41.889309,KXBTCD-25MAY2221-T111749.99,DELTA,27,1300,32,1250,1075,yes,27,1000
2025-05-22T17:07:42.004033,KXBTCD-25MAY2221-T111749.99,DELTA,27,1300,32,1000,1076,no,68,-250
2025-05-22T17:07:42.024781,KXBTCD-25MAY2221-T111749.99,DELTA,27,1300,32,1000,1077,no,58,250
2025-05-22T17:07:42.184298,KXBTCD-25MAY2221-T111749.99,DELTA,27,1300,32,1000,1078,yes,14,-250
2025-05-22T17:07:42.204299,KXBTCD-25MAY2221-T111749.99,DELTA,27,1300,32,1000,1079,yes,24,250
2025-05-22T17:07:42.267996,KXBTCD-25MAY2221-T111749.99,DELTA,27,1300,32,1000,1080,no,67,-200
2025-05-22T17:07:42.268760,KXBTCD-25MAY2221-T111749.99,DELTA,27,1300,32,1000,1081,yes,23,-2000
2025-05-22T17:07:42.304807,KXBTCD-25MAY2221-T111749.99,DELTA,27,1300,32,1000,1082,no,66,250
2025-05-22T17:07:42.325221,KXBTCD-25MAY2221-T111749.99,DELTA,27,1300,32,1000,1083,yes,24,2000
2025-05-22T17:07:42.325700,KXBTCD-25MAY2221-T111749.99,DELTA,27,1300,34,600,1084,no,68,-1000
2025-05-22T17:07:42.385388,KXBTCD-25MAY2221-T111749.99,DELTA,27,1300,33,1000,1085,no,67,1000
