timestamp,market_ticker,type,yes_bid_price_cents,yes_bid_qty,yes_ask_price_cents,yes_ask_qty_on_no_side,sequence_num,delta_side,delta_price_cents,delta_quantity
2025-05-21T14:00:47.372831,KXBTCD-25MAY2118-T107999.99,SNAPSHOT,61,50,66,50,1,,,
2025-05-21T14:00:48.409996,KXBTCD-25MAY2118-T107999.99,DELTA,61,50,66,50,2,no,3,80000
2025-05-21T14:00:48.411007,KXBTCD-25MAY2118-T107999.99,DELTA,61,50,66,50,3,no,10,3000
2025-05-21T14:00:48.600698,KXBTCD-25MAY2118-T107999.99,DELTA,61,50,66,50,4,yes,42,3000
2025-05-21T14:00:48.601415,KXBTCD-25MAY2118-T107999.99,DELTA,61,50,66,50,5,yes,3,80000
2025-05-21T14:00:48.601934,KXBTCD-25MAY2118-T107999.99,DELTA,61,50,66,50,6,yes,6,8000
2025-05-21T14:00:48.763352,KXBTCD-25MAY2118-T107999.99,DELTA,61,50,66,50,7,no,3,-9
2025-05-21T14:00:49.481591,KXBTCD-25MAY2118-T107999.99,DELTA,62,1000,66,50,8,yes,62,1000
2025-05-21T14:00:49.482325,KXBTCD-25MAY2118-T107999.99,DELTA,62,1000,66,50,9,no,2,1000
2025-05-21T14:00:49.482670,KXBTCD-25MAY2118-T107999.99,DELTA,62,1000,66,50,10,yes,41,2000
2025-05-21T14:00:49.581194,KXBTCD-25MAY2118-T107999.99,DELTA,62,1000,66,50,11,yes,6,20000
2025-05-21T14:00:49.581895,KXBTCD-25MAY2118-T107999.99,DELTA,62,1000,66,50,12,no,2,2000
2025-05-21T14:00:49.582514,KXBTCD-25MAY2118-T107999.99,DELTA,62,1000,66,50,13,no,2,20000
2025-05-21T14:00:49.885445,KXBTCD-25MAY2118-T107999.99,DELTA,62,1000,66,50,14,yes,41,-9
2025-05-21T14:00:49.885875,KXBTCD-25MAY2118-T107999.99,DELTA,62,1000,66,50,15,no,11,9
2025-05-21T14:00:51.585044,KXBTCD-25MAY2118-T107999.99,DELTA,62,1000,66,50,16,yes,5,-6480
2025-05-21T14:00:51.585478,KXBTCD-25MAY2118-T107999.99,DELTA,62,1000,66,50,17,yes,7,4628
2025-05-21T14:00:51.620140,KXBTCD-25MAY2118-T107999.99,DELTA,62,1000,66,50,18,no,1,-32400
2025-05-21T14:00:51.620381,KXBTCD-25MAY2118-T107999.99,DELTA,62,1000,66,50,19,no,3,10800
2025-05-21T14:00:51.700579,KXBTCD-25MAY2118-T107999.99,DELTA,62,1000,66,50,20,yes,6,-20000
2025-05-21T14:00:51.741063,KXBTCD-25MAY2118-T107999.99,DELTA,62,1000,66,50,21,no,2,-20000
2025-05-21T14:00:51.759964,KXBTCD-25MAY2118-T107999.99,DELTA,62,1000,66,50,22,no,2,-2000
2025-05-21T14:00:51.760312,KXBTCD-25MAY2118-T107999.99,DELTA,62,1000,66,50,23,no,2,-1000
2025-05-21T14:00:51.820376,KXBTCD-25MAY2118-T107999.99,DELTA,62,1000,66,50,24,yes,8,20000
2025-05-21T14:00:51.861727,KXBTCD-25MAY2118-T107999.99,DELTA,62,1000,66,50,25,no,4,2000
2025-05-21T14:00:51.880579,KXBTCD-25MAY2118-T107999.99,DELTA,62,1000,66,50,26,no,4,1000
2025-05-21T14:00:51.880908,KXBTCD-25MAY2118-T107999.99,DELTA,62,1000,66,50,27,no,4,20000
2025-05-21T14:00:51.920891,KXBTCD-25MAY2118-T107999.99,DELTA,62,1000,66,50,28,yes,56,24
2025-05-21T14:00:51.921452,KXBTCD-25MAY2118-T107999.99,DELTA,62,1000,66,50,29,no,26,24
2025-05-21T14:00:52.943045,KXBTCD-25MAY2118-T107999.99,DELTA,62,1000,66,50,30,yes,7,-4628
2025-05-21T14:00:52.943713,KXBTCD-25MAY2118-T107999.99,DELTA,62,1000,66,50,31,yes,9,3600
2025-05-21T14:00:53.061273,KXBTCD-25MAY2118-T107999.99,DELTA,62,1000,66,50,32,no,27,9
2025-05-21T14:00:53.061912,KXBTCD-25MAY2118-T107999.99,DELTA,62,1000,66,50,33,no,11,-9
2025-05-21T14:00:53.080205,KXBTCD-25MAY2118-T107999.99,DELTA,62,1000,66,50,34,yes,8,-20000
2025-05-21T14:00:53.181629,KXBTCD-25MAY2118-T107999.99,DELTA,62,1000,66,50,35,yes,10,20000
2025-05-21T14:00:54.161413,KXBTCD-25MAY2118-T107999.99,DELTA,62,1000,66,50,36,yes,9,-3600
2025-05-21T14:00:54.161965,KXBTCD-25MAY2118-T107999.99,DELTA,62,1000,66,50,37,yes,11,2945
2025-05-21T14:00:54.305832,KXBTCD-25MAY2118-T107999.99,DELTA,62,1000,66,50,38,yes,10,-20000
2025-05-21T14:00:54.445118,KXBTCD-25MAY2118-T107999.99,DELTA,62,1000,66,50,39,yes,5,20000
2025-05-21T14:00:55.389117,KXBTCD-25MAY2118-T107999.99,DELTA,62,1000,66,50,40,yes,11,-2945
2025-05-21T14:00:55.390086,KXBTCD-25MAY2118-T107999.99,DELTA,62,1000,66,50,41,yes,7,4628
2025-05-21T14:00:55.428733,KXBTCD-25MAY2118-T107999.99,DELTA,62,1000,66,50,42,no,3,-10800
2025-05-21T14:00:55.429407,KXBTCD-25MAY2118-T107999.99,DELTA,62,1000,66,50,43,no,4,8100
2025-05-21T14:00:55.487914,KXBTCD-25MAY2118-T107999.99,DELTA,62,1000,66,50,44,yes,5,-20000
2025-05-21T14:00:55.527634,KXBTCD-25MAY2118-T107999.99,DELTA,62,1000,66,50,45,no,4,-20000
2025-05-21T14:00:55.527926,KXBTCD-25MAY2118-T107999.99,DELTA,62,1000,66,50,46,no,4,-2000
2025-05-21T14:00:55.557511,KXBTCD-25MAY2118-T107999.99,DELTA,62,1000,66,50,47,no,4,-1000
2025-05-21T14:00:55.557758,KXBTCD-25MAY2118-T107999.99,DELTA,62,1000,66,50,48,yes,8,20000
2025-05-21T14:00:55.627658,KXBTCD-25MAY2118-T107999.99,DELTA,62,1000,66,50,49,no,5,20000
2025-05-21T14:00:55.627895,KXBTCD-25MAY2118-T107999.99,DELTA,62,1000,66,50,50,no,5,2000
2025-05-21T14:00:55.628223,KXBTCD-25MAY2118-T107999.99,DELTA,62,1000,66,50,51,no,5,1000
2025-05-21T14:00:56.586086,KXBTCD-25MAY2118-T107999.99,DELTA,62,1000,66,50,52,yes,7,-4628
2025-05-21T14:00:56.586528,KXBTCD-25MAY2118-T107999.99,DELTA,62,1000,66,50,53,yes,9,3600
2025-05-21T14:00:56.665139,KXBTCD-25MAY2118-T107999.99,DELTA,62,1000,66,50,54,yes,8,-20000
2025-05-21T14:00:56.726795,KXBTCD-25MAY2118-T107999.99,DELTA,62,1000,66,50,55,yes,10,20000
2025-05-21T14:00:58.070799,KXBTCD-25MAY2118-T107999.99,DELTA,63,250,66,50,56,yes,63,250
2025-05-21T14:00:58.071837,KXBTCD-25MAY2118-T107999.99,DELTA,63,250,66,50,57,no,32,250
2025-05-21T14:00:58.171668,KXBTCD-25MAY2118-T107999.99,DELTA,63,250,66,50,58,no,5,-1000
2025-05-21T14:00:58.251929,KXBTCD-25MAY2118-T107999.99,DELTA,63,250,66,50,59,no,32,1000
2025-05-21T14:00:59.346512,KXBTCD-25MAY2118-T107999.99,DELTA,63,250,66,50,60,yes,62,-1000
2025-05-21T14:00:59.385625,KXBTCD-25MAY2118-T107999.99,DELTA,63,1250,66,50,61,yes,63,1000
2025-05-21T14:00:59.465550,KXBTCD-25MAY2118-T107999.99,DELTA,63,1250,66,50,62,yes,43,9
2025-05-21T14:00:59.466636,KXBTCD-25MAY2118-T107999.99,DELTA,63,1250,66,50,63,no,27,-9
2025-05-21T14:01:00.105610,KXBTCD-25MAY2118-T107999.99,DELTA,63,250,66,50,64,yes,63,-1000
2025-05-21T14:01:00.165575,KXBTCD-25MAY2118-T107999.99,DELTA,63,250,66,50,65,yes,62,1000
2025-05-21T14:01:00.653738,KXBTCD-25MAY2118-T107999.99,DELTA,63,250,66,50,66,yes,62,-1000
2025-05-21T14:01:00.716205,KXBTCD-25MAY2118-T107999.99,DELTA,63,1250,66,50,67,yes,63,1000
2025-05-21T14:01:02.318212,KXBTCD-25MAY2118-T107999.99,DELTA,63,250,66,50,68,yes,63,-1000
2025-05-21T14:01:02.354935,KXBTCD-25MAY2118-T107999.99,DELTA,63,250,66,50,69,yes,62,1000
2025-05-21T14:01:02.434153,KXBTCD-25MAY2118-T107999.99,DELTA,63,250,66,50,70,yes,9,-3600
2025-05-21T14:01:02.434421,KXBTCD-25MAY2118-T107999.99,DELTA,63,250,66,50,71,yes,11,2945
2025-05-21T14:01:02.492183,KXBTCD-25MAY2118-T107999.99,DELTA,63,250,66,50,72,no,4,-8100
2025-05-21T14:01:02.492394,KXBTCD-25MAY2118-T107999.99,DELTA,63,250,66,50,73,no,6,5400
2025-05-21T14:01:02.513557,KXBTCD-25MAY2118-T107999.99,DELTA,63,250,66,50,74,yes,10,-20000
2025-05-21T14:01:02.552608,KXBTCD-25MAY2118-T107999.99,DELTA,63,250,66,50,75,yes,5,20000
2025-05-21T14:01:02.572887,KXBTCD-25MAY2118-T107999.99,DELTA,63,250,66,50,76,no,5,-20000
2025-05-21T14:01:02.574417,KXBTCD-25MAY2118-T107999.99,DELTA,63,250,66,50,77,no,5,-2000
2025-05-21T14:01:02.611862,KXBTCD-25MAY2118-T107999.99,DELTA,63,250,66,50,78,no,7,2000
2025-05-21T14:01:02.632012,KXBTCD-25MAY2118-T107999.99,DELTA,63,250,66,50,79,no,7,20000
2025-05-21T14:01:03.031443,KXBTCD-25MAY2118-T107999.99,DELTA,63,250,66,50,80,yes,62,-1000
2025-05-21T14:01:03.069739,KXBTCD-25MAY2118-T107999.99,DELTA,63,1250,66,50,81,yes,63,1000
2025-05-21T14:01:03.110645,KXBTCD-25MAY2118-T107999.99,DELTA,63,1250,66,50,82,no,32,-1000
2025-05-21T14:01:03.129771,KXBTCD-25MAY2118-T107999.99,DELTA,63,1250,66,50,83,yes,56,-24
2025-05-21T14:01:03.130449,KXBTCD-25MAY2118-T107999.99,DELTA,63,1250,66,50,84,yes,58,24
2025-05-21T14:01:03.130709,KXBTCD-25MAY2118-T107999.99,DELTA,63,1250,66,50,85,no,26,-24
2025-05-21T14:01:03.130930,KXBTCD-25MAY2118-T107999.99,DELTA,63,1250,66,50,86,no,25,24
2025-05-21T14:01:03.150471,KXBTCD-25MAY2118-T107999.99,DELTA,63,1250,66,50,87,no,7,1000
2025-05-21T14:01:03.191053,KXBTCD-25MAY2118-T107999.99,DELTA,63,1250,66,50,88,yes,43,-9
2025-05-21T14:01:03.191588,KXBTCD-25MAY2118-T107999.99,DELTA,63,1250,66,50,89,no,32,-250
2025-05-21T14:01:03.249793,KXBTCD-25MAY2118-T107999.99,DELTA,63,1000,66,50,90,yes,63,-250
2025-05-21T14:01:03.330211,KXBTCD-25MAY2118-T107999.99,DELTA,65,100,66,50,91,yes,65,100
2025-05-21T14:01:03.330686,KXBTCD-25MAY2118-T107999.99,DELTA,65,100,66,50,92,yes,63,-1000
2025-05-21T14:01:03.330841,KXBTCD-25MAY2118-T107999.99,DELTA,65,100,66,50,93,yes,6,-8000
2025-05-21T14:01:03.331006,KXBTCD-25MAY2118-T107999.99,DELTA,65,100,66,50,94,no,31,150
2025-05-21T14:01:03.430564,KXBTCD-25MAY2118-T107999.99,DELTA,65,100,66,50,95,yes,7,8000
2025-05-21T14:01:03.431374,KXBTCD-25MAY2118-T107999.99,DELTA,65,100,66,50,96,yes,62,1000
2025-05-21T14:01:03.432196,KXBTCD-25MAY2118-T107999.99,DELTA,65,100,66,50,97,no,7,-1000
2025-05-21T14:01:03.487497,KXBTCD-25MAY2118-T107999.99,DELTA,65,100,66,50,98,no,31,1000
2025-05-21T14:01:04.012992,KXBTCD-25MAY2118-T107999.99,DELTA,62,1000,66,50,99,yes,65,-100
2025-05-21T14:01:04.071786,KXBTCD-25MAY2118-T107999.99,DELTA,64,200,66,50,100,yes,64,200
2025-05-21T14:01:04.297961,KXBTCD-25MAY2118-T107999.99,DELTA,64,200,66,49,101,no,34,-1
2025-05-21T14:01:04.332162,KXBTCD-25MAY2118-T107999.99,DELTA,64,200,67,100,102,no,34,-49
2025-05-21T14:01:04.333107,KXBTCD-25MAY2118-T107999.99,DELTA,64,200,67,100,103,yes,61,-50
2025-05-21T14:01:04.412377,KXBTCD-25MAY2118-T107999.99,DELTA,64,200,67,100,104,yes,62,-1000
2025-05-21T14:01:04.473063,KXBTCD-25MAY2118-T107999.99,DELTA,64,200,67,100,105,yes,61,1000
2025-05-21T14:01:04.491998,KXBTCD-25MAY2118-T107999.99,DELTA,64,200,67,100,106,no,31,-1000
2025-05-21T14:01:04.532429,KXBTCD-25MAY2118-T107999.99,DELTA,64,200,67,100,107,no,32,1000
2025-05-21T14:01:04.552675,KXBTCD-25MAY2118-T107999.99,DELTA,64,200,67,100,108,yes,61,50
2025-05-21T14:01:04.553167,KXBTCD-25MAY2118-T107999.99,DELTA,64,200,66,50,109,no,34,50
2025-05-21T14:01:04.613874,KXBTCD-25MAY2118-T107999.99,DELTA,64,200,66,50,110,yes,61,-50
2025-05-21T14:01:04.614574,KXBTCD-25MAY2118-T107999.99,DELTA,64,200,67,100,111,no,34,-50
2025-05-21T14:01:04.652764,KXBTCD-25MAY2118-T107999.99,DELTA,64,200,67,100,112,yes,61,-1000
2025-05-21T14:01:04.692458,KXBTCD-25MAY2118-T107999.99,DELTA,60,100,67,100,113,yes,64,-200
2025-05-21T14:01:04.693210,KXBTCD-25MAY2118-T107999.99,DELTA,61,1000,67,100,114,yes,61,1000
2025-05-21T14:01:04.751936,KXBTCD-25MAY2118-T107999.99,DELTA,63,250,67,100,115,yes,63,250
2025-05-21T14:01:05.517696,KXBTCD-25MAY2118-T107999.99,DELTA,63,250,67,100,116,yes,11,-2945
2025-05-21T14:01:05.518862,KXBTCD-25MAY2118-T107999.99,DELTA,63,250,67,100,117,yes,8,4050
2025-05-21T14:01:05.574782,KXBTCD-25MAY2118-T107999.99,DELTA,63,250,67,100,118,no,6,-5400
2025-05-21T14:01:05.575167,KXBTCD-25MAY2118-T107999.99,DELTA,63,250,67,100,119,no,8,4050
2025-05-21T14:01:05.595994,KXBTCD-25MAY2118-T107999.99,DELTA,63,250,67,100,120,yes,5,-20000
2025-05-21T14:01:05.655672,KXBTCD-25MAY2118-T107999.99,DELTA,63,250,66,50,121,no,34,50
2025-05-21T14:01:05.655941,KXBTCD-25MAY2118-T107999.99,DELTA,63,250,66,50,122,yes,61,50
2025-05-21T14:01:05.677051,KXBTCD-25MAY2118-T107999.99,DELTA,63,250,66,50,123,no,7,-20000
2025-05-21T14:01:05.677230,KXBTCD-25MAY2118-T107999.99,DELTA,63,250,66,50,124,yes,9,20000
2025-05-21T14:01:05.677384,KXBTCD-25MAY2118-T107999.99,DELTA,63,250,66,50,125,no,7,-2000
2025-05-21T14:01:05.737942,KXBTCD-25MAY2118-T107999.99,DELTA,63,250,66,50,126,no,32,-1000
2025-05-21T14:01:05.738770,KXBTCD-25MAY2118-T107999.99,DELTA,63,250,66,50,127,no,9,2000
2025-05-21T14:01:05.739191,KXBTCD-25MAY2118-T107999.99,DELTA,63,250,66,50,128,no,9,20000
2025-05-21T14:01:05.756684,KXBTCD-25MAY2118-T107999.99,DELTA,63,250,66,50,129,yes,61,-1000
2025-05-21T14:01:05.803179,KXBTCD-25MAY2118-T107999.99,DELTA,63,250,66,50,130,no,31,-150
2025-05-21T14:01:05.816547,KXBTCD-25MAY2118-T107999.99,DELTA,63,250,66,50,131,no,33,1000
2025-05-21T14:01:05.817441,KXBTCD-25MAY2118-T107999.99,DELTA,63,250,66,50,132,yes,62,1000
2025-05-21T14:01:05.876909,KXBTCD-25MAY2118-T107999.99,DELTA,63,250,66,50,133,no,33,100
2025-05-21T14:01:06.835268,KXBTCD-25MAY2118-T107999.99,DELTA,63,250,66,50,134,yes,8,-4050
2025-05-21T14:01:06.836368,KXBTCD-25MAY2118-T107999.99,DELTA,63,250,66,50,135,yes,10,3240
2025-05-21T14:01:06.875923,KXBTCD-25MAY2118-T107999.99,DELTA,63,250,66,50,136,no,8,-4050
2025-05-21T14:01:06.876958,KXBTCD-25MAY2118-T107999.99,DELTA,63,250,66,50,137,no,10,3240
2025-05-21T14:01:06.917348,KXBTCD-25MAY2118-T107999.99,DELTA,63,250,66,50,138,yes,9,-20000
2025-05-21T14:01:06.958550,KXBTCD-25MAY2118-T107999.99,DELTA,63,250,66,50,139,no,9,-20000
2025-05-21T14:01:06.959106,KXBTCD-25MAY2118-T107999.99,DELTA,63,250,66,50,140,no,9,-2000
2025-05-21T14:01:06.959401,KXBTCD-25MAY2118-T107999.99,DELTA,63,250,66,50,141,yes,11,20000
2025-05-21T14:01:06.977520,KXBTCD-25MAY2118-T107999.99,DELTA,63,250,66,50,142,no,33,-100
2025-05-21T14:01:07.020735,KXBTCD-25MAY2118-T107999.99,DELTA,63,250,66,50,143,no,11,20000
2025-05-21T14:01:07.021768,KXBTCD-25MAY2118-T107999.99,DELTA,63,250,66,50,144,no,11,2000
2025-05-21T14:01:07.022143,KXBTCD-25MAY2118-T107999.99,DELTA,63,250,66,50,145,no,32,300
2025-05-21T14:01:07.974615,KXBTCD-25MAY2118-T107999.99,DELTA,63,250,66,50,146,yes,62,-1000
2025-05-21T14:01:07.994519,KXBTCD-25MAY2118-T107999.99,DELTA,63,250,66,50,147,yes,58,-24
2025-05-21T14:01:07.995397,KXBTCD-25MAY2118-T107999.99,DELTA,63,250,66,50,148,yes,56,24
2025-05-21T14:01:07.995971,KXBTCD-25MAY2118-T107999.99,DELTA,63,250,66,50,149,no,25,-24
2025-05-21T14:01:08.014283,KXBTCD-25MAY2118-T107999.99,DELTA,63,250,66,50,150,no,26,24
2025-05-21T14:01:08.014978,KXBTCD-25MAY2118-T107999.99,DELTA,63,250,66,50,151,yes,10,-3240
2025-05-21T14:01:08.015294,KXBTCD-25MAY2118-T107999.99,DELTA,63,250,66,50,152,yes,12,2700
2025-05-21T14:01:08.034578,KXBTCD-25MAY2118-T107999.99,DELTA,63,250,66,50,153,yes,61,1000
2025-05-21T14:01:08.092464,KXBTCD-25MAY2118-T107999.99,DELTA,63,250,66,50,154,yes,43,9
2025-05-21T14:01:08.112382,KXBTCD-25MAY2118-T107999.99,DELTA,63,250,66,50,155,yes,11,-20000
2025-05-21T14:01:08.131911,KXBTCD-25MAY2118-T107999.99,DELTA,61,1050,66,50,156,yes,63,-250
2025-05-21T14:01:08.171666,KXBTCD-25MAY2118-T107999.99,DELTA,61,1050,66,50,157,yes,5,20000
2025-05-21T14:01:08.191202,KXBTCD-25MAY2118-T107999.99,DELTA,61,1050,66,50,158,no,32,-300
2025-05-21T14:01:08.232599,KXBTCD-25MAY2118-T107999.99,DELTA,61,1050,66,50,159,yes,40,-200
2025-05-21T14:01:08.232961,KXBTCD-25MAY2118-T107999.99,DELTA,61,1050,66,50,160,yes,30,200
2025-05-21T14:01:08.270781,KXBTCD-25MAY2118-T107999.99,DELTA,61,1050,66,50,161,no,10,200
2025-05-21T14:01:08.291514,KXBTCD-25MAY2118-T107999.99,DELTA,62,100,66,50,162,yes,62,100
2025-05-21T14:01:08.291838,KXBTCD-25MAY2118-T107999.99,DELTA,62,100,66,150,163,no,34,100
2025-05-21T14:01:08.311578,KXBTCD-25MAY2118-T107999.99,DELTA,62,100,66,150,164,yes,41,-2000
2025-05-21T14:01:08.411437,KXBTCD-25MAY2118-T107999.99,DELTA,62,100,66,150,165,yes,31,2000
2025-05-21T14:01:08.411941,KXBTCD-25MAY2118-T107999.99,DELTA,62,100,66,150,166,yes,61,-1000
2025-05-21T14:01:08.412173,KXBTCD-25MAY2118-T107999.99,DELTA,62,100,66,150,167,no,33,-1000
2025-05-21T14:01:08.448277,KXBTCD-25MAY2118-T107999.99,DELTA,61,50,66,150,168,yes,62,-100
2025-05-21T14:01:08.468264,KXBTCD-25MAY2118-T107999.99,DELTA,61,50,66,50,169,no,34,-100
2025-05-21T14:01:08.486068,KXBTCD-25MAY2118-T107999.99,DELTA,61,1050,66,50,170,yes,61,1000
2025-05-21T14:01:08.486474,KXBTCD-25MAY2118-T107999.99,DELTA,61,1050,66,50,171,no,33,1000
2025-05-21T14:01:08.526299,KXBTCD-25MAY2118-T107999.99,DELTA,62,250,66,50,172,yes,62,250
2025-05-21T14:01:08.526938,KXBTCD-25MAY2118-T107999.99,DELTA,62,250,66,50,173,no,33,250
2025-05-21T14:01:09.125494,KXBTCD-25MAY2118-T107999.99,DELTA,62,250,66,50,174,yes,12,-2700
2025-05-21T14:01:09.126075,KXBTCD-25MAY2118-T107999.99,DELTA,62,250,66,50,175,yes,8,4050
2025-05-21T14:01:09.144994,KXBTCD-25MAY2118-T107999.99,DELTA,62,250,66,50,176,yes,61,-50
2025-05-21T14:01:09.145273,KXBTCD-25MAY2118-T107999.99,DELTA,62,250,66,50,177,yes,59,50
2025-05-21T14:01:09.167150,KXBTCD-25MAY2118-T107999.99,DELTA,62,250,66,50,178,yes,61,-1000
2025-05-21T14:01:09.167618,KXBTCD-25MAY2118-T107999.99,DELTA,62,250,66,50,179,no,33,-1000
2025-05-21T14:01:09.226134,KXBTCD-25MAY2118-T107999.99,DELTA,62,250,66,50,180,yes,60,1000
2025-05-21T14:01:09.226734,KXBTCD-25MAY2118-T107999.99,DELTA,62,250,66,1050,181,no,34,1000
2025-05-21T14:01:09.246429,KXBTCD-25MAY2118-T107999.99,DELTA,62,250,66,1050,182,yes,5,-20000
2025-05-21T14:01:09.246960,KXBTCD-25MAY2118-T107999.99,DELTA,62,250,66,1050,183,yes,43,-9
2025-05-21T14:01:09.306872,KXBTCD-25MAY2118-T107999.99,DELTA,60,1100,66,1050,184,yes,62,-250
2025-05-21T14:01:09.307220,KXBTCD-25MAY2118-T107999.99,DELTA,60,1100,66,1050,185,yes,9,20000
2025-05-21T14:01:09.366849,KXBTCD-25MAY2118-T107999.99,DELTA,61,250,66,1050,186,yes,61,250
2025-05-21T14:01:09.692445,KXBTCD-25MAY2118-T107999.99,DELTA,61,250,66,50,187,no,34,-1000
2025-05-21T14:01:09.751664,KXBTCD-25MAY2118-T107999.99,DELTA,61,250,65,1000,188,no,35,1000
2025-05-21T14:01:09.813319,KXBTCD-25MAY2118-T107999.99,DELTA,61,250,65,1000,189,no,34,-50
2025-05-21T14:01:09.813592,KXBTCD-25MAY2118-T107999.99,DELTA,61,250,64,50,190,no,36,50
2025-05-21T14:01:09.891918,KXBTCD-25MAY2118-T107999.99,DELTA,61,250,64,50,191,no,35,-1000
2025-05-21T14:01:09.953220,KXBTCD-25MAY2118-T107999.99,DELTA,61,250,64,50,192,no,34,1000
2025-05-21T14:01:09.954021,KXBTCD-25MAY2118-T107999.99,DELTA,61,250,66,1000,193,no,36,-50
2025-05-21T14:01:09.954565,KXBTCD-25MAY2118-T107999.99,DELTA,61,250,66,1050,194,no,34,50
2025-05-21T14:01:10.011542,KXBTCD-25MAY2118-T107999.99,DELTA,61,250,66,1050,195,no,12,9
2025-05-21T14:01:10.032541,KXBTCD-25MAY2118-T107999.99,DELTA,61,250,66,50,196,no,34,-1000
2025-05-21T14:01:10.072421,KXBTCD-25MAY2118-T107999.99,DELTA,61,250,65,1000,197,no,35,1000
2025-05-21T14:01:10.150023,KXBTCD-25MAY2118-T107999.99,DELTA,61,250,65,1000,198,yes,54,24
2025-05-21T14:01:10.169786,KXBTCD-25MAY2118-T107999.99,DELTA,61,250,65,1000,199,yes,56,-24
2025-05-21T14:01:10.169971,KXBTCD-25MAY2118-T107999.99,DELTA,61,250,65,1000,200,no,28,24
2025-05-21T14:01:10.170047,KXBTCD-25MAY2118-T107999.99,DELTA,61,250,65,1000,201,no,26,-24
2025-05-21T14:01:10.210658,KXBTCD-25MAY2118-T107999.99,DELTA,61,250,66,50,202,no,35,-1000
2025-05-21T14:01:10.269490,KXBTCD-25MAY2118-T107999.99,DELTA,61,250,66,50,203,yes,8,-4050
2025-05-21T14:01:10.269726,KXBTCD-25MAY2118-T107999.99,DELTA,61,250,66,50,204,yes,10,3240
2025-05-21T14:01:10.269846,KXBTCD-25MAY2118-T107999.99,DELTA,61,250,66,1050,205,no,34,1000
2025-05-21T14:01:10.368651,KXBTCD-25MAY2118-T107999.99,DELTA,61,250,66,1050,206,yes,9,-20000
2025-05-21T14:01:10.449651,KXBTCD-25MAY2118-T107999.99,DELTA,61,250,66,1050,207,yes,11,20000
2025-05-21T14:01:10.449909,KXBTCD-25MAY2118-T107999.99,DELTA,61,250,66,50,208,no,34,-1000
2025-05-21T14:01:10.697277,KXBTCD-25MAY2118-T107999.99,DELTA,61,250,65,1000,209,no,35,1000
2025-05-21T14:01:10.790636,KXBTCD-25MAY2118-T107999.99,DELTA,61,250,65,1000,210,no,12,-9
2025-05-21T14:01:10.852176,KXBTCD-25MAY2118-T107999.99,DELTA,61,250,65,1000,211,no,34,-50
2025-05-21T14:01:10.852699,KXBTCD-25MAY2118-T107999.99,DELTA,61,250,64,50,212,no,36,50
2025-05-21T14:01:10.934632,KXBTCD-25MAY2118-T107999.99,DELTA,61,250,64,50,213,no,35,-1000
2025-05-21T14:01:10.992924,KXBTCD-25MAY2118-T107999.99,DELTA,61,250,64,50,214,no,34,1000
2025-05-21T14:01:10.993549,KXBTCD-25MAY2118-T107999.99,DELTA,61,250,66,1000,215,no,36,-50
2025-05-21T14:01:10.993957,KXBTCD-25MAY2118-T107999.99,DELTA,61,250,66,1050,216,no,34,50
2025-05-21T14:01:11.072521,KXBTCD-25MAY2118-T107999.99,DELTA,61,250,66,50,217,no,34,-1000
2025-05-21T14:01:11.093074,KXBTCD-25MAY2118-T107999.99,DELTA,61,250,66,50,218,yes,60,-100
2025-05-21T14:01:11.093455,KXBTCD-25MAY2118-T107999.99,DELTA,61,250,66,50,219,no,33,-250
2025-05-21T14:01:11.093909,KXBTCD-25MAY2118-T107999.99,DELTA,61,250,66,50,220,no,33,-100
2025-05-21T14:01:11.113449,KXBTCD-25MAY2118-T107999.99,DELTA,61,250,65,1000,221,no,35,1000
2025-05-21T14:01:11.134055,KXBTCD-25MAY2118-T107999.99,DELTA,61,250,65,1050,222,no,35,50
2025-05-21T14:01:11.156619,KXBTCD-25MAY2118-T107999.99,DELTA,61,250,65,1050,223,no,34,-50
2025-05-21T14:01:11.156801,KXBTCD-25MAY2118-T107999.99,DELTA,61,250,65,1050,224,no,12,50
2025-05-21T14:01:11.192877,KXBTCD-25MAY2118-T107999.99,DELTA,61,250,65,1050,225,no,12,-50
2025-05-21T14:01:11.193013,KXBTCD-25MAY2118-T107999.99,DELTA,61,250,64,50,226,no,36,50
2025-05-21T14:01:11.694150,KXBTCD-25MAY2118-T107999.99,DELTA,61,250,64,50,227,yes,60,-1000
2025-05-21T14:01:11.794953,KXBTCD-25MAY2118-T107999.99,DELTA,61,250,64,50,228,yes,59,1000
2025-05-21T14:01:11.815342,KXBTCD-25MAY2118-T107999.99,DELTA,61,250,64,50,229,yes,43,9
2025-05-21T14:01:12.168480,KXBTCD-25MAY2118-T107999.99,DELTA,61,250,64,50,230,yes,59,-1000
2025-05-21T14:01:12.168907,KXBTCD-25MAY2118-T107999.99,DELTA,61,250,64,50,231,no,35,-1000
2025-05-21T14:01:12.216197,KXBTCD-25MAY2118-T107999.99,DELTA,61,250,64,50,232,yes,60,1000
2025-05-21T14:01:12.216588,KXBTCD-25MAY2118-T107999.99,DELTA,61,250,64,50,233,no,11,1000
2025-05-21T14:01:12.452324,KXBTCD-25MAY2118-T107999.99,DELTA,61,250,64,50,234,yes,58,100
2025-05-21T14:01:12.452784,KXBTCD-25MAY2118-T107999.99,DELTA,61,250,64,50,235,no,34,100
2025-05-21T14:01:12.531684,KXBTCD-25MAY2118-T107999.99,DELTA,61,250,64,50,236,no,11,-1000
2025-05-21T14:01:12.571338,KXBTCD-25MAY2118-T107999.99,DELTA,61,250,64,50,237,no,29,9
2025-05-21T14:01:12.571754,KXBTCD-25MAY2118-T107999.99,DELTA,61,250,64,50,238,yes,43,-9
2025-05-21T14:01:12.609415,KXBTCD-25MAY2118-T107999.99,DELTA,61,250,64,50,239,no,34,1000
2025-05-21T14:01:13.671449,KXBTCD-25MAY2118-T107999.99,DELTA,61,250,64,50,240,no,34,-100
2025-05-21T14:01:13.751442,KXBTCD-25MAY2118-T107999.99,DELTA,61,250,64,50,241,no,34,-1000
2025-05-21T14:01:13.789974,KXBTCD-25MAY2118-T107999.99,DELTA,61,250,64,50,242,no,29,-9
2025-05-21T14:01:13.790412,KXBTCD-25MAY2118-T107999.99,DELTA,61,250,64,50,243,no,11,1000
2025-05-21T14:01:14.504176,KXBTCD-25MAY2118-T107999.99,DELTA,61,250,64,50,244,no,34,100
2025-05-21T14:01:14.585914,KXBTCD-25MAY2118-T107999.99,DELTA,61,250,64,50,245,no,11,-1000
2025-05-21T14:01:14.606400,KXBTCD-25MAY2118-T107999.99,DELTA,61,250,64,50,246,no,29,9
2025-05-21T14:01:14.665442,KXBTCD-25MAY2118-T107999.99,DELTA,61,250,64,50,247,no,34,1000
2025-05-21T14:01:14.849333,KXBTCD-25MAY2118-T107999.99,DELTA,61,250,65,50,248,no,36,-50
2025-05-21T14:01:14.850629,KXBTCD-25MAY2118-T107999.99,DELTA,61,250,66,1100,249,no,35,-50
2025-05-21T14:01:14.908674,KXBTCD-25MAY2118-T107999.99,DELTA,61,250,66,1100,250,yes,59,-50
2025-05-21T14:01:14.947354,KXBTCD-25MAY2118-T107999.99,DELTA,61,250,65,50,251,no,35,50
2025-05-21T14:01:14.988042,KXBTCD-25MAY2118-T107999.99,DELTA,61,250,65,50,252,yes,60,-1000
2025-05-21T14:01:15.048521,KXBTCD-25MAY2118-T107999.99,DELTA,61,250,65,50,253,yes,59,1000
2025-05-21T14:01:15.147989,KXBTCD-25MAY2118-T107999.99,DELTA,61,250,65,50,254,yes,59,50
2025-05-21T14:01:15.148268,KXBTCD-25MAY2118-T107999.99,DELTA,61,250,64,50,255,no,36,50
2025-05-21T14:01:15.187925,KXBTCD-25MAY2118-T107999.99,DELTA,61,250,65,50,256,no,36,-50
2025-05-21T14:01:15.188193,KXBTCD-25MAY2118-T107999.99,DELTA,61,250,65,50,257,yes,59,-50
2025-05-21T14:01:15.248790,KXBTCD-25MAY2118-T107999.99,DELTA,61,250,65,50,258,yes,59,-1000
2025-05-21T14:01:15.269360,KXBTCD-25MAY2118-T107999.99,DELTA,61,250,65,50,259,yes,10,-3240
2025-05-21T14:01:15.269586,KXBTCD-25MAY2118-T107999.99,DELTA,61,250,65,50,260,yes,12,2700
2025-05-21T14:01:15.289278,KXBTCD-25MAY2118-T107999.99,DELTA,61,250,65,50,261,no,34,-1000
2025-05-21T14:01:15.310203,KXBTCD-25MAY2118-T107999.99,DELTA,61,250,65,50,262,yes,59,1000
2025-05-21T14:01:15.348514,KXBTCD-25MAY2118-T107999.99,DELTA,61,250,65,1050,263,no,35,1000
2025-05-21T14:01:15.367201,KXBTCD-25MAY2118-T107999.99,DELTA,61,250,65,1050,264,yes,11,-20000
2025-05-21T14:01:15.387354,KXBTCD-25MAY2118-T107999.99,DELTA,61,250,65,1050,265,no,29,-9
2025-05-21T14:01:15.387553,KXBTCD-25MAY2118-T107999.99,DELTA,61,250,65,1050,266,yes,43,9
2025-05-21T14:01:15.486985,KXBTCD-25MAY2118-T107999.99,DELTA,61,250,65,1050,267,yes,5,20000
2025-05-21T14:01:15.749346,KXBTCD-25MAY2118-T107999.99,DELTA,61,250,65,1000,268,no,35,-50
2025-05-21T14:01:15.829338,KXBTCD-25MAY2118-T107999.99,DELTA,61,250,65,1200,269,no,35,200
2025-05-21T14:01:15.870759,KXBTCD-25MAY2118-T107999.99,DELTA,61,250,65,1200,270,no,34,-100
2025-05-21T14:01:16.201101,KXBTCD-25MAY2118-T107999.99,DELTA,61,250,65,200,271,no,35,-1000
2025-05-21T14:01:16.279846,KXBTCD-25MAY2118-T107999.99,DELTA,61,250,64,50,272,no,36,50
2025-05-21T14:01:16.280460,KXBTCD-25MAY2118-T107999.99,DELTA,61,250,64,50,273,yes,59,50
2025-05-21T14:01:16.280878,KXBTCD-25MAY2118-T107999.99,DELTA,61,250,64,50,274,no,11,1000
2025-05-21T14:01:16.321358,KXBTCD-25MAY2118-T107999.99,DELTA,61,250,64,50,275,yes,43,-9
2025-05-21T14:01:16.321698,KXBTCD-25MAY2118-T107999.99,DELTA,61,250,64,50,276,yes,59,-50
2025-05-21T14:01:16.321879,KXBTCD-25MAY2118-T107999.99,DELTA,61,250,64,50,277,no,29,9
2025-05-21T14:01:16.322026,KXBTCD-25MAY2118-T107999.99,DELTA,61,250,65,200,278,no,36,-50
2025-05-21T14:01:16.402861,KXBTCD-25MAY2118-T107999.99,DELTA,61,250,65,200,279,yes,59,-1000
2025-05-21T14:01:16.421660,KXBTCD-25MAY2118-T107999.99,DELTA,61,250,71,9,280,no,35,-200
2025-05-21T14:01:16.461717,KXBTCD-25MAY2118-T107999.99,DELTA,61,1250,71,9,281,yes,61,1000
2025-05-21T14:01:16.560823,KXBTCD-25MAY2118-T107999.99,DELTA,61,1250,66,150,282,no,34,150
2025-05-21T14:01:16.693855,KXBTCD-25MAY2118-T107999.99,DELTA,61,1226,66,150,283,yes,61,-24
2025-05-21T14:01:16.694818,KXBTCD-25MAY2118-T107999.99,DELTA,61,1226,66,150,284,no,11,-1000
2025-05-21T14:01:16.741818,KXBTCD-25MAY2118-T107999.99,DELTA,61,1226,66,1150,285,no,34,1000
2025-05-21T14:01:17.089411,KXBTCD-25MAY2118-T107999.99,DELTA,61,1226,66,150,286,no,34,-1000
2025-05-21T14:01:17.140541,KXBTCD-25MAY2118-T107999.99,DELTA,61,1226,66,150,287,no,11,1000
2025-05-21T14:01:17.169246,KXBTCD-25MAY2118-T107999.99,DELTA,61,1000,66,150,288,yes,61,-226
2025-05-21T14:01:17.169479,KXBTCD-25MAY2118-T107999.99,DELTA,61,1000,71,9,289,no,34,-150
2025-05-21T14:01:17.221815,KXBTCD-25MAY2118-T107999.99,DELTA,61,1000,66,100,290,no,34,100
2025-05-21T14:01:17.260403,KXBTCD-25MAY2118-T107999.99,DELTA,58,100,66,100,291,yes,61,-1000
2025-05-21T14:01:17.293539,KXBTCD-25MAY2118-T107999.99,DELTA,62,9,66,100,292,yes,62,9
2025-05-21T14:01:17.293727,KXBTCD-25MAY2118-T107999.99,DELTA,62,9,66,100,293,no,12,9
2025-05-21T14:01:17.321108,KXBTCD-25MAY2118-T107999.99,DELTA,62,9,66,100,294,yes,59,1000
2025-05-21T14:01:17.321252,KXBTCD-25MAY2118-T107999.99,DELTA,63,50,66,100,295,yes,63,50
2025-05-21T14:01:17.341151,KXBTCD-25MAY2118-T107999.99,DELTA,63,50,66,100,296,no,33,150
2025-05-21T14:01:17.361463,KXBTCD-25MAY2118-T107999.99,DELTA,63,50,66,100,297,yes,59,50
2025-05-21T14:01:17.361701,KXBTCD-25MAY2118-T107999.99,DELTA,63,50,65,50,298,no,35,50
2025-05-21T14:01:17.402181,KXBTCD-25MAY2118-T107999.99,DELTA,63,50,65,50,299,yes,59,-50
2025-05-21T14:01:17.402368,KXBTCD-25MAY2118-T107999.99,DELTA,63,50,65,50,300,yes,61,50
2025-05-21T14:01:17.460409,KXBTCD-25MAY2118-T107999.99,DELTA,63,50,65,50,301,yes,59,-1000
2025-05-21T14:01:17.499932,KXBTCD-25MAY2118-T107999.99,DELTA,63,50,65,50,302,yes,62,1000
2025-05-21T14:01:17.547043,KXBTCD-25MAY2118-T107999.99,DELTA,63,50,65,50,303,yes,58,-100
2025-05-21T14:01:18.101014,KXBTCD-25MAY2118-T107999.99,DELTA,63,50,65,50,304,yes,12,-2700
2025-05-21T14:01:18.101391,KXBTCD-25MAY2118-T107999.99,DELTA,63,50,65,50,305,yes,8,4050
2025-05-21T14:01:18.180260,KXBTCD-25MAY2118-T107999.99,DELTA,63,50,65,50,306,yes,5,-20000
2025-05-21T14:01:18.220984,KXBTCD-25MAY2118-T107999.99,DELTA,63,50,65,50,307,yes,9,20000
2025-05-21T14:01:18.221215,KXBTCD-25MAY2118-T107999.99,DELTA,63,50,65,50,308,yes,62,-9
2025-05-21T14:01:18.221328,KXBTCD-25MAY2118-T107999.99,DELTA,63,50,65,50,309,no,12,9
2025-05-21T14:01:18.221422,KXBTCD-25MAY2118-T107999.99,DELTA,63,50,65,50,310,no,29,-9
2025-05-21T14:01:18.239398,KXBTCD-25MAY2118-T107999.99,DELTA,63,50,65,50,311,no,12,-9
2025-05-21T14:01:18.659888,KXBTCD-25MAY2118-T107999.99,DELTA,63,50,65,50,312,yes,59,100
2025-05-21T14:01:19.202615,KXBTCD-25MAY2118-T107999.99,DELTA,63,50,65,50,313,yes,8,-4050
2025-05-21T14:01:19.203180,KXBTCD-25MAY2118-T107999.99,DELTA,63,50,65,50,314,yes,10,3240
2025-05-21T14:01:19.321910,KXBTCD-25MAY2118-T107999.99,DELTA,63,50,65,50,315,yes,9,-20000
2025-05-21T14:01:19.381423,KXBTCD-25MAY2118-T107999.99,DELTA,63,50,65,50,316,yes,11,20000
2025-05-21T14:01:20.203419,KXBTCD-25MAY2118-T107999.99,DELTA,63,50,65,50,317,yes,10,-3240
2025-05-21T14:01:20.203797,KXBTCD-25MAY2118-T107999.99,DELTA,63,50,65,50,318,yes,12,2700
2025-05-21T14:01:20.283480,KXBTCD-25MAY2118-T107999.99,DELTA,63,50,65,50,319,yes,11,-20000
2025-05-21T14:01:20.343661,KXBTCD-25MAY2118-T107999.99,DELTA,63,50,65,50,320,yes,5,20000
2025-05-21T14:01:21.205412,KXBTCD-25MAY2118-T107999.99,DELTA,63,50,65,50,321,yes,12,-2700
2025-05-21T14:01:21.205861,KXBTCD-25MAY2118-T107999.99,DELTA,63,50,65,50,322,yes,8,4050
2025-05-21T14:01:21.285255,KXBTCD-25MAY2118-T107999.99,DELTA,63,50,65,50,323,yes,5,-20000
2025-05-21T14:01:21.345810,KXBTCD-25MAY2118-T107999.99,DELTA,63,50,65,50,324,yes,9,20000
2025-05-21T14:01:21.686370,KXBTCD-25MAY2118-T107999.99,DELTA,63,50,65,50,325,no,11,-1000
2025-05-21T14:01:21.728391,KXBTCD-25MAY2118-T107999.99,DELTA,63,50,65,50,326,no,33,1000
2025-05-21T14:01:21.766331,KXBTCD-25MAY2118-T107999.99,DELTA,62,1000,65,50,327,yes,63,-50
2025-05-21T14:01:21.905227,KXBTCD-25MAY2118-T107999.99,DELTA,63,150,65,50,328,yes,63,150
2025-05-21T14:01:22.408807,KXBTCD-25MAY2118-T107999.99,DELTA,63,150,65,50,329,no,33,-1000
2025-05-21T14:01:22.446825,KXBTCD-25MAY2118-T107999.99,DELTA,63,150,65,50,330,no,11,1000
2025-05-21T14:01:24.468061,KXBTCD-25MAY2118-T107999.99,DELTA,63,150,65,50,331,no,11,-1000
2025-05-21T14:01:24.470002,KXBTCD-25MAY2118-T107999.99,DELTA,63,150,65,50,332,no,33,1000
2025-05-21T14:01:24.570146,KXBTCD-25MAY2118-T107999.99,DELTA,63,150,65,50,333,no,12,-9
2025-05-21T14:01:24.912058,KXBTCD-25MAY2118-T107999.99,DELTA,63,150,65,50,334,yes,62,-1000
2025-05-21T14:01:24.972461,KXBTCD-25MAY2118-T107999.99,DELTA,61,50,65,50,335,yes,63,-150
2025-05-21T14:01:24.973368,KXBTCD-25MAY2118-T107999.99,DELTA,61,1050,65,50,336,yes,61,1000
2025-05-21T14:01:25.052682,KXBTCD-25MAY2118-T107999.99,DELTA,61,1050,65,50,337,no,33,-1000
2025-05-21T14:01:25.053532,KXBTCD-25MAY2118-T107999.99,DELTA,61,50,65,50,338,yes,61,-1000
2025-05-21T14:01:25.112672,KXBTCD-25MAY2118-T107999.99,DELTA,59,100,65,50,339,yes,61,-50
2025-05-21T14:01:25.113341,KXBTCD-25MAY2118-T107999.99,DELTA,60,50,65,50,340,yes,60,50
2025-05-21T14:01:25.132044,KXBTCD-25MAY2118-T107999.99,DELTA,60,50,65,50,341,no,34,1000
2025-05-21T14:01:25.151346,KXBTCD-25MAY2118-T107999.99,DELTA,60,1050,65,50,342,yes,60,1000
2025-05-21T14:01:25.172001,KXBTCD-25MAY2118-T107999.99,DELTA,60,1050,65,50,343,no,33,-150
2025-05-21T14:01:25.252149,KXBTCD-25MAY2118-T107999.99,DELTA,61,200,65,50,344,yes,61,200
2025-05-21T14:01:25.252297,KXBTCD-25MAY2118-T107999.99,DELTA,61,200,65,50,345,no,34,300
2025-05-21T14:01:25.530786,KXBTCD-25MAY2118-T107999.99,DELTA,61,200,65,50,346,yes,8,-4050
2025-05-21T14:01:25.530961,KXBTCD-25MAY2118-T107999.99,DELTA,61,200,65,50,347,yes,10,3240
2025-05-21T14:01:25.632212,KXBTCD-25MAY2118-T107999.99,DELTA,61,200,65,50,348,yes,9,-20000
2025-05-21T14:01:25.731426,KXBTCD-25MAY2118-T107999.99,DELTA,61,200,65,50,349,yes,11,20000
2025-05-21T14:01:27.215055,KXBTCD-25MAY2118-T107999.99,DELTA,61,200,65,50,350,no,34,-1000
2025-05-21T14:01:27.253803,KXBTCD-25MAY2118-T107999.99,DELTA,61,200,65,1050,351,no,35,1000
2025-05-21T14:01:27.355770,KXBTCD-25MAY2118-T107999.99,DELTA,61,200,65,1000,352,no,35,-50
2025-05-21T14:01:27.356044,KXBTCD-25MAY2118-T107999.99,DELTA,61,200,64,50,353,no,36,50
2025-05-21T14:01:27.356379,KXBTCD-25MAY2118-T107999.99,DELTA,61,200,64,50,354,no,12,9
2025-05-21T14:01:27.834954,KXBTCD-25MAY2118-T107999.99,DELTA,61,200,64,50,355,yes,10,-3240
2025-05-21T14:01:27.835284,KXBTCD-25MAY2118-T107999.99,DELTA,61,200,64,50,356,yes,12,2700
2025-05-21T14:01:27.915488,KXBTCD-25MAY2118-T107999.99,DELTA,61,200,64,50,357,yes,11,-20000
2025-05-21T14:01:27.975157,KXBTCD-25MAY2118-T107999.99,DELTA,61,200,64,50,358,yes,5,20000
2025-05-21T14:01:28.088530,KXBTCD-25MAY2118-T107999.99,DELTA,61,200,64,50,359,no,12,-9
2025-05-21T14:01:28.835725,KXBTCD-25MAY2118-T107999.99,DELTA,61,200,64,50,360,yes,12,-2700
2025-05-21T14:01:28.836028,KXBTCD-25MAY2118-T107999.99,DELTA,61,200,64,50,361,yes,8,4050
2025-05-21T14:01:28.915492,KXBTCD-25MAY2118-T107999.99,DELTA,61,200,64,50,362,yes,5,-20000
2025-05-21T14:01:28.956370,KXBTCD-25MAY2118-T107999.99,DELTA,61,200,64,50,363,yes,9,20000
2025-05-21T14:01:29.076926,KXBTCD-25MAY2118-T107999.99,DELTA,61,200,64,50,364,yes,60,-1000
2025-05-21T14:01:29.117143,KXBTCD-25MAY2118-T107999.99,DELTA,61,200,64,50,365,yes,59,1000
2025-05-21T14:01:29.177004,KXBTCD-25MAY2118-T107999.99,DELTA,60,50,64,50,366,yes,61,-200
2025-05-21T14:01:29.296877,KXBTCD-25MAY2118-T107999.99,DELTA,60,300,64,50,367,yes,60,250
2025-05-21T14:01:29.338044,KXBTCD-25MAY2118-T107999.99,DELTA,60,300,64,50,368,no,34,-100
2025-05-21T14:01:29.355577,KXBTCD-25MAY2118-T107999.99,DELTA,60,300,64,50,369,yes,59,-100
2025-05-21T14:01:29.437926,KXBTCD-25MAY2118-T107999.99,DELTA,60,300,64,50,370,yes,59,-1000
2025-05-21T14:01:29.496406,KXBTCD-25MAY2118-T107999.99,DELTA,60,300,64,50,371,yes,31,1000
2025-05-21T14:01:29.816722,KXBTCD-25MAY2118-T107999.99,DELTA,60,300,64,50,372,yes,8,-4050
2025-05-21T14:01:29.817088,KXBTCD-25MAY2118-T107999.99,DELTA,60,300,64,50,373,yes,10,3240
2025-05-21T14:01:29.917268,KXBTCD-25MAY2118-T107999.99,DELTA,60,300,64,50,374,yes,9,-20000
2025-05-21T14:01:29.917608,KXBTCD-25MAY2118-T107999.99,DELTA,60,300,64,50,375,yes,43,9
2025-05-21T14:01:29.977132,KXBTCD-25MAY2118-T107999.99,DELTA,60,300,64,50,376,yes,11,20000
2025-05-21T14:01:30.238575,KXBTCD-25MAY2118-T107999.99,DELTA,60,300,64,50,377,no,35,-1000
2025-05-21T14:01:30.277169,KXBTCD-25MAY2118-T107999.99,DELTA,60,300,64,1050,378,no,36,1000
2025-05-21T14:01:30.297678,KXBTCD-25MAY2118-T107999.99,DELTA,60,300,64,1000,379,no,36,-50
2025-05-21T14:01:30.298007,KXBTCD-25MAY2118-T107999.99,DELTA,60,300,64,1000,380,no,35,50
2025-05-21T14:01:30.337081,KXBTCD-25MAY2118-T107999.99,DELTA,60,300,64,1000,381,no,34,-300
2025-05-21T14:01:30.358208,KXBTCD-25MAY2118-T107999.99,DELTA,60,300,64,1000,382,no,35,-50
2025-05-21T14:01:30.358435,KXBTCD-25MAY2118-T107999.99,DELTA,60,300,63,50,383,no,37,50
2025-05-21T14:01:30.377223,KXBTCD-25MAY2118-T107999.99,DELTA,60,300,63,50,384,no,36,50
2025-05-21T14:01:30.438757,KXBTCD-25MAY2118-T107999.99,DELTA,60,300,63,50,385,no,36,-1000
2025-05-21T14:01:30.499181,KXBTCD-25MAY2118-T107999.99,DELTA,60,300,63,50,386,no,36,1000
2025-05-21T14:01:30.518452,KXBTCD-25MAY2118-T107999.99,DELTA,60,250,63,50,387,yes,60,-50
2025-05-21T14:01:30.519714,KXBTCD-25MAY2118-T107999.99,DELTA,60,250,63,50,388,yes,59,50
2025-05-21T14:01:30.657988,KXBTCD-25MAY2118-T107999.99,DELTA,60,250,63,50,389,no,36,-1000
2025-05-21T14:01:30.740064,KXBTCD-25MAY2118-T107999.99,DELTA,60,250,63,50,390,no,36,-50
2025-05-21T14:01:30.740439,KXBTCD-25MAY2118-T107999.99,DELTA,60,250,63,1050,391,no,37,1000
2025-05-21T14:01:30.757055,KXBTCD-25MAY2118-T107999.99,DELTA,60,250,63,1050,392,no,35,100
2025-05-21T14:01:30.757724,KXBTCD-25MAY2118-T107999.99,DELTA,60,250,63,1050,393,yes,57,100
2025-05-21T14:01:30.777995,KXBTCD-25MAY2118-T107999.99,DELTA,60,250,63,1050,394,no,29,9
2025-05-21T14:01:30.799624,KXBTCD-25MAY2118-T107999.99,DELTA,60,250,63,1000,395,no,37,-50
2025-05-21T14:01:30.800106,KXBTCD-25MAY2118-T107999.99,DELTA,60,250,62,50,396,no,38,50
2025-05-21T14:01:30.818937,KXBTCD-25MAY2118-T107999.99,DELTA,59,50,62,50,397,yes,60,-250
2025-05-21T14:01:30.891370,KXBTCD-25MAY2118-T107999.99,DELTA,59,50,62,50,398,yes,10,-3240
2025-05-21T14:01:30.892102,KXBTCD-25MAY2118-T107999.99,DELTA,59,50,62,50,399,yes,12,2700
2025-05-21T14:01:30.892616,KXBTCD-25MAY2118-T107999.99,DELTA,59,50,62,50,400,yes,31,-1000
2025-05-21T14:01:30.900004,KXBTCD-25MAY2118-T107999.99,DELTA,59,350,62,50,401,yes,59,300
2025-05-21T14:01:30.900520,KXBTCD-25MAY2118-T107999.99,DELTA,59,350,62,50,402,no,10,-3240
2025-05-21T14:01:30.900844,KXBTCD-25MAY2118-T107999.99,DELTA,59,350,62,50,403,no,4,8100
2025-05-21T14:01:30.901090,KXBTCD-25MAY2118-T107999.99,DELTA,59,350,62,50,404,no,36,200
2025-05-21T14:01:30.919238,KXBTCD-25MAY2118-T107999.99,DELTA,59,350,62,50,405,no,37,-1000
2025-05-21T14:01:30.939734,KXBTCD-25MAY2118-T107999.99,DELTA,59,350,62,50,406,yes,57,1000
2025-05-21T14:01:30.958618,KXBTCD-25MAY2118-T107999.99,DELTA,59,350,62,50,407,yes,11,-20000
2025-05-21T14:01:30.979004,KXBTCD-25MAY2118-T107999.99,DELTA,59,350,64,200,408,no,38,-50
2025-05-21T14:01:30.979427,KXBTCD-25MAY2118-T107999.99,DELTA,59,350,63,50,409,no,37,50
2025-05-21T14:01:30.998924,KXBTCD-25MAY2118-T107999.99,DELTA,59,350,63,50,410,no,36,1000
2025-05-21T14:01:31.019273,KXBTCD-25MAY2118-T107999.99,DELTA,59,350,63,50,411,no,11,-20000
2025-05-21T14:01:31.019775,KXBTCD-25MAY2118-T107999.99,DELTA,59,350,64,1200,412,no,37,-50
2025-05-21T14:01:31.020312,KXBTCD-25MAY2118-T107999.99,DELTA,59,350,61,50,413,no,39,50
2025-05-21T14:01:31.038826,KXBTCD-25MAY2118-T107999.99,DELTA,59,350,61,50,414,yes,5,20000
2025-05-21T14:01:31.059752,KXBTCD-25MAY2118-T107999.99,DELTA,59,350,64,1200,415,no,39,-50
2025-05-21T14:01:31.060297,KXBTCD-25MAY2118-T107999.99,DELTA,59,350,63,50,416,no,37,50
2025-05-21T14:01:31.098656,KXBTCD-25MAY2118-T107999.99,DELTA,59,350,63,50,417,no,5,20000
2025-05-21T14:01:31.099450,KXBTCD-25MAY2118-T107999.99,DELTA,59,350,63,50,418,no,36,-1000
2025-05-21T14:01:31.099968,KXBTCD-25MAY2118-T107999.99,DELTA,59,350,64,200,419,no,37,-50
2025-05-21T14:01:31.100227,KXBTCD-25MAY2118-T107999.99,DELTA,59,350,61,50,420,no,39,50
2025-05-21T14:01:31.158368,KXBTCD-25MAY2118-T107999.99,DELTA,59,350,64,200,421,no,39,-50
2025-05-21T14:01:31.158579,KXBTCD-25MAY2118-T107999.99,DELTA,59,350,63,50,422,no,37,50
2025-05-21T14:01:31.258239,KXBTCD-25MAY2118-T107999.99,DELTA,59,350,63,1050,423,no,37,1000
2025-05-21T14:01:31.299837,KXBTCD-25MAY2118-T107999.99,DELTA,59,350,63,1050,424,yes,57,-1000
2025-05-21T14:01:31.317936,KXBTCD-25MAY2118-T107999.99,DELTA,59,350,63,1000,425,no,37,-50
2025-05-21T14:01:31.318129,KXBTCD-25MAY2118-T107999.99,DELTA,59,350,62,50,426,no,38,50
2025-05-21T14:01:31.337798,KXBTCD-25MAY2118-T107999.99,DELTA,59,350,62,50,427,no,37,-1000
2025-05-21T14:01:31.378529,KXBTCD-25MAY2118-T107999.99,DELTA,59,350,62,50,428,yes,58,1000
2025-05-21T14:01:31.398957,KXBTCD-25MAY2118-T107999.99,DELTA,59,350,62,50,429,no,36,1000
2025-05-21T14:01:31.418981,KXBTCD-25MAY2118-T107999.99,DELTA,59,350,64,1200,430,no,38,-50
2025-05-21T14:01:31.419085,KXBTCD-25MAY2118-T107999.99,DELTA,59,350,63,50,431,no,37,50
2025-05-21T14:01:31.438239,KXBTCD-25MAY2118-T107999.99,DELTA,59,350,63,50,432,no,35,-100
2025-05-21T14:01:31.458369,KXBTCD-25MAY2118-T107999.99,DELTA,59,350,64,1200,433,no,37,-50
2025-05-21T14:01:31.458455,KXBTCD-25MAY2118-T107999.99,DELTA,59,350,61,50,434,no,39,50
2025-05-21T14:01:31.518538,KXBTCD-25MAY2118-T107999.99,DELTA,59,350,64,1200,435,no,39,-50
2025-05-21T14:01:31.518659,KXBTCD-25MAY2118-T107999.99,DELTA,59,350,63,50,436,no,37,50
2025-05-21T14:01:31.538174,KXBTCD-25MAY2118-T107999.99,DELTA,59,350,63,50,437,yes,43,-9
2025-05-21T14:01:31.538317,KXBTCD-25MAY2118-T107999.99,DELTA,59,350,63,50,438,no,29,-9
2025-05-21T14:01:31.780919,KXBTCD-25MAY2118-T107999.99,DELTA,59,350,63,50,439,yes,53,24
2025-05-21T14:01:31.782166,KXBTCD-25MAY2118-T107999.99,DELTA,59,350,63,50,440,yes,54,-24
2025-05-21T14:01:31.783008,KXBTCD-25MAY2118-T107999.99,DELTA,59,350,63,50,441,no,28,-24
2025-05-21T14:01:31.783751,KXBTCD-25MAY2118-T107999.99,DELTA,59,350,63,50,442,no,30,24
2025-05-21T14:01:31.959959,KXBTCD-25MAY2118-T107999.99,DELTA,59,350,63,50,443,yes,58,-1000
2025-05-21T14:01:31.980453,KXBTCD-25MAY2118-T107999.99,DELTA,59,350,63,50,444,no,36,-1000
2025-05-21T14:01:32.039626,KXBTCD-25MAY2118-T107999.99,DELTA,59,350,63,1050,445,no,37,1000
2025-05-21T14:01:32.040698,KXBTCD-25MAY2118-T107999.99,DELTA,59,350,63,1050,446,yes,57,1000
2025-05-21T14:01:32.079574,KXBTCD-25MAY2118-T107999.99,DELTA,59,350,63,1050,447,yes,12,-2700
2025-05-21T14:01:32.080494,KXBTCD-25MAY2118-T107999.99,DELTA,59,350,63,1050,448,yes,8,4050
2025-05-21T14:01:32.101872,KXBTCD-25MAY2118-T107999.99,DELTA,59,350,63,1000,449,no,37,-50
2025-05-21T14:01:32.102615,KXBTCD-25MAY2118-T107999.99,DELTA,59,350,62,50,450,no,38,50
2025-05-21T14:01:32.139887,KXBTCD-25MAY2118-T107999.99,DELTA,59,350,62,50,451,no,4,-8100
2025-05-21T14:01:32.140960,KXBTCD-25MAY2118-T107999.99,DELTA,59,350,62,50,452,no,6,5400
2025-05-21T14:01:32.220376,KXBTCD-25MAY2118-T107999.99,DELTA,59,350,62,50,453,yes,5,-20000
2025-05-21T14:01:32.240245,KXBTCD-25MAY2118-T107999.99,DELTA,59,350,62,50,454,no,5,-20000
2025-05-21T14:01:32.279017,KXBTCD-25MAY2118-T107999.99,DELTA,59,350,62,50,455,yes,9,20000
2025-05-21T14:01:32.279248,KXBTCD-25MAY2118-T107999.99,DELTA,59,350,62,50,456,yes,57,-1000
2025-05-21T14:01:32.298961,KXBTCD-25MAY2118-T107999.99,DELTA,59,350,62,50,457,no,7,20000
2025-05-21T14:01:32.299288,KXBTCD-25MAY2118-T107999.99,DELTA,59,350,62,50,458,no,37,-1000
2025-05-21T14:01:32.339942,KXBTCD-25MAY2118-T107999.99,DELTA,59,350,62,50,459,yes,58,1000
2025-05-21T14:01:32.359911,KXBTCD-25MAY2118-T107999.99,DELTA,59,350,62,50,460,no,36,1000
2025-05-21T14:01:32.360130,KXBTCD-25MAY2118-T107999.99,DELTA,59,350,64,1200,461,no,38,-50
2025-05-21T14:01:32.360222,KXBTCD-25MAY2118-T107999.99,DELTA,59,350,63,50,462,no,37,50
2025-05-21T14:01:32.400094,KXBTCD-25MAY2118-T107999.99,DELTA,59,350,64,1200,463,no,37,-50
2025-05-21T14:01:32.400250,KXBTCD-25MAY2118-T107999.99,DELTA,59,350,61,50,464,no,39,50
2025-05-21T14:01:32.459579,KXBTCD-25MAY2118-T107999.99,DELTA,59,350,64,1200,465,no,39,-50
2025-05-21T14:01:32.459805,KXBTCD-25MAY2118-T107999.99,DELTA,59,350,63,50,466,no,37,50
2025-05-21T14:01:32.540072,KXBTCD-25MAY2118-T107999.99,DELTA,59,350,63,50,467,no,35,100
2025-05-21T14:01:33.000962,KXBTCD-25MAY2118-T107999.99,DELTA,59,350,63,50,468,no,36,-1000
2025-05-21T14:01:33.060371,KXBTCD-25MAY2118-T107999.99,DELTA,59,350,63,1050,469,no,37,1000
2025-05-21T14:01:33.081380,KXBTCD-25MAY2118-T107999.99,DELTA,59,350,63,1050,470,yes,58,-1000
2025-05-21T14:01:33.161883,KXBTCD-25MAY2118-T107999.99,DELTA,59,350,63,1050,471,no,12,9
2025-05-21T14:01:33.162806,KXBTCD-25MAY2118-T107999.99,DELTA,59,350,63,1000,472,no,37,-50
2025-05-21T14:01:33.163285,KXBTCD-25MAY2118-T107999.99,DELTA,59,350,62,50,473,no,38,50
2025-05-21T14:01:33.180562,KXBTCD-25MAY2118-T107999.99,DELTA,59,350,62,50,474,yes,57,1000
2025-05-21T14:01:33.660911,KXBTCD-25MAY2118-T107999.99,DELTA,59,350,62,50,475,no,35,-100
2025-05-21T14:01:34.782136,KXBTCD-25MAY2118-T107999.99,DELTA,59,350,62,50,476,no,36,100
2025-05-21T14:01:34.862410,KXBTCD-25MAY2118-T107999.99,DELTA,59,350,62,50,477,no,12,-9
2025-05-21T14:01:35.321814,KXBTCD-25MAY2118-T107999.99,DELTA,59,350,62,50,478,yes,51,24
2025-05-21T14:01:35.322026,KXBTCD-25MAY2118-T107999.99,DELTA,59,350,62,50,479,yes,53,-24
2025-05-21T14:01:35.322140,KXBTCD-25MAY2118-T107999.99,DELTA,59,350,62,50,480,no,31,24
2025-05-21T14:01:35.341747,KXBTCD-25MAY2118-T107999.99,DELTA,59,350,62,50,481,no,30,-24
2025-05-21T14:01:35.382587,KXBTCD-25MAY2118-T107999.99,DELTA,59,50,62,50,482,yes,59,-300
2025-05-21T14:01:35.422422,KXBTCD-25MAY2118-T107999.99,DELTA,59,50,62,50,483,yes,42,-3000
2025-05-21T14:01:35.424041,KXBTCD-25MAY2118-T107999.99,DELTA,59,50,62,50,484,no,37,-1000
2025-05-21T14:01:35.482732,KXBTCD-25MAY2118-T107999.99,DELTA,59,50,64,300,485,no,38,-50
2025-05-21T14:01:35.483661,KXBTCD-25MAY2118-T107999.99,DELTA,59,50,63,50,486,no,37,50
2025-05-21T14:01:35.484217,KXBTCD-25MAY2118-T107999.99,DELTA,57,1100,63,50,487,yes,59,-50
2025-05-21T14:01:35.484663,KXBTCD-25MAY2118-T107999.99,DELTA,58,50,63,50,488,yes,58,50
2025-05-21T14:01:35.502473,KXBTCD-25MAY2118-T107999.99,DELTA,58,50,63,50,489,no,36,-200
2025-05-21T14:01:35.502870,KXBTCD-25MAY2118-T107999.99,DELTA,58,50,63,50,490,yes,34,3000
2025-05-21T14:01:35.522068,KXBTCD-25MAY2118-T107999.99,DELTA,58,50,62,1000,491,no,38,1000
2025-05-21T14:01:35.522331,KXBTCD-25MAY2118-T107999.99,DELTA,58,50,62,1000,492,no,37,-50
2025-05-21T14:01:35.522499,KXBTCD-25MAY2118-T107999.99,DELTA,58,50,61,50,493,no,39,50
2025-05-21T14:01:35.562602,KXBTCD-25MAY2118-T107999.99,DELTA,58,50,62,1000,494,no,39,-50
2025-05-21T14:01:35.563067,KXBTCD-25MAY2118-T107999.99,DELTA,58,50,62,1000,495,no,37,50
2025-05-21T14:01:35.582288,KXBTCD-25MAY2118-T107999.99,DELTA,58,150,62,1000,496,yes,58,100
2025-05-21T14:01:35.582651,KXBTCD-25MAY2118-T107999.99,DELTA,58,150,62,1100,497,no,38,100
2025-05-21T14:01:35.601531,KXBTCD-25MAY2118-T107999.99,DELTA,58,150,62,1100,498,yes,8,-4050
2025-05-21T14:01:35.601738,KXBTCD-25MAY2118-T107999.99,DELTA,58,150,62,1100,499,yes,10,3240
2025-05-21T14:01:35.601948,KXBTCD-25MAY2118-T107999.99,DELTA,58,150,62,1100,500,no,32,9
2025-05-21T14:01:35.621911,KXBTCD-25MAY2118-T107999.99,DELTA,58,150,62,100,501,no,38,-1000
2025-05-21T14:01:35.622627,KXBTCD-25MAY2118-T107999.99,DELTA,58,150,62,100,502,no,37,-50
2025-05-21T14:01:35.622711,KXBTCD-25MAY2118-T107999.99,DELTA,58,150,61,50,503,no,39,50
2025-05-21T14:01:36.098736,KXBTCD-25MAY2118-T107999.99,DELTA,58,150,61,50,504,no,6,-5400
2025-05-21T14:01:36.099233,KXBTCD-25MAY2118-T107999.99,DELTA,58,150,61,50,505,no,8,4050
2025-05-21T14:01:36.099497,KXBTCD-25MAY2118-T107999.99,DELTA,58,150,61,50,506,no,38,1000
2025-05-21T14:01:36.099725,KXBTCD-25MAY2118-T107999.99,DELTA,58,150,61,50,507,yes,9,-20000
2025-05-21T14:01:36.099930,KXBTCD-25MAY2118-T107999.99,DELTA,58,150,61,50,508,yes,11,20000
2025-05-21T14:01:36.100114,KXBTCD-25MAY2118-T107999.99,DELTA,58,150,61,50,509,no,7,-20000
2025-05-21T14:01:36.100289,KXBTCD-25MAY2118-T107999.99,DELTA,58,150,61,50,510,yes,57,-100
2025-05-21T14:01:36.103368,KXBTCD-25MAY2118-T107999.99,DELTA,58,150,61,50,511,no,36,-100
2025-05-21T14:01:36.142382,KXBTCD-25MAY2118-T107999.99,DELTA,58,150,61,50,512,no,9,20000
2025-05-21T14:01:36.263799,KXBTCD-25MAY2118-T107999.99,DELTA,58,150,61,50,513,yes,57,-1000
2025-05-21T14:01:36.342822,KXBTCD-25MAY2118-T107999.99,DELTA,58,150,61,50,514,yes,31,1000
2025-05-21T14:01:36.382509,KXBTCD-25MAY2118-T107999.99,DELTA,58,150,61,50,515,yes,52,9
2025-05-21T14:01:36.383205,KXBTCD-25MAY2118-T107999.99,DELTA,58,150,61,50,516,no,32,-9
2025-05-21T14:01:36.602539,KXBTCD-25MAY2118-T107999.99,DELTA,58,150,61,50,517,no,38,-1000
2025-05-21T14:01:36.623142,KXBTCD-25MAY2118-T107999.99,DELTA,58,150,61,50,518,no,38,-100
2025-05-21T14:01:36.662366,KXBTCD-25MAY2118-T107999.99,DELTA,58,150,61,50,519,no,11,1000
2025-05-21T14:01:36.682778,KXBTCD-25MAY2118-T107999.99,DELTA,58,150,69,24,520,no,39,-50
2025-05-21T14:01:36.683699,KXBTCD-25MAY2118-T107999.99,DELTA,58,150,69,24,521,no,12,50
2025-05-21T14:01:36.723617,KXBTCD-25MAY2118-T107999.99,DELTA,58,150,69,24,522,no,12,-50
2025-05-21T14:01:36.724697,KXBTCD-25MAY2118-T107999.99,DELTA,58,150,60,50,523,no,40,50
2025-05-21T14:01:36.762971,KXBTCD-25MAY2118-T107999.99,DELTA,58,150,60,50,524,no,11,-1000
2025-05-21T14:01:36.783487,KXBTCD-25MAY2118-T107999.99,DELTA,58,150,60,50,525,no,37,300
2025-05-21T14:01:36.784691,KXBTCD-25MAY2118-T107999.99,DELTA,58,150,63,300,526,no,40,-50
2025-05-21T14:01:36.785566,KXBTCD-25MAY2118-T107999.99,DELTA,58,150,63,300,527,no,12,50
2025-05-21T14:01:36.824043,KXBTCD-25MAY2118-T107999.99,DELTA,58,150,63,300,528,no,11,1000
2025-05-21T14:01:36.825080,KXBTCD-25MAY2118-T107999.99,DELTA,58,150,63,300,529,no,12,-50
2025-05-21T14:01:36.825743,KXBTCD-25MAY2118-T107999.99,DELTA,58,150,60,50,530,no,40,50
2025-05-21T14:01:36.843237,KXBTCD-25MAY2118-T107999.99,DELTA,58,50,60,50,531,yes,58,-100
2025-05-21T14:01:36.882825,KXBTCD-25MAY2118-T107999.99,DELTA,58,50,60,50,532,no,11,-1000
2025-05-21T14:01:36.903494,KXBTCD-25MAY2118-T107999.99,DELTA,58,300,60,50,533,yes,58,250
2025-05-21T14:01:36.962355,KXBTCD-25MAY2118-T107999.99,DELTA,58,300,60,50,534,no,37,1000
2025-05-21T14:01:37.402098,KXBTCD-25MAY2118-T107999.99,DELTA,58,300,60,50,535,yes,55,100
2025-05-21T14:01:37.423280,KXBTCD-25MAY2118-T107999.99,DELTA,58,300,60,50,536,no,37,100
2025-05-21T14:01:37.482537,KXBTCD-25MAY2118-T107999.99,DELTA,58,300,60,50,537,yes,31,-1000
2025-05-21T14:01:37.502875,KXBTCD-25MAY2118-T107999.99,DELTA,58,300,60,50,538,yes,52,-9
2025-05-21T14:01:37.523609,KXBTCD-25MAY2118-T107999.99,DELTA,58,300,60,50,539,yes,35,9
2025-05-21T14:01:37.524265,KXBTCD-25MAY2118-T107999.99,DELTA,58,300,60,50,540,yes,56,1000
2025-05-21T14:01:37.643157,KXBTCD-25MAY2118-T107999.99,DELTA,58,300,60,50,541,yes,55,-100
2025-05-21T14:01:37.722858,KXBTCD-25MAY2118-T107999.99,DELTA,58,300,60,50,542,yes,56,-1000
2025-05-21T14:01:37.763203,KXBTCD-25MAY2118-T107999.99,DELTA,58,300,60,50,543,yes,31,1000
2025-05-21T14:01:37.983653,KXBTCD-25MAY2118-T107999.99,DELTA,58,300,60,50,544,yes,10,-3240
2025-05-21T14:01:37.984412,KXBTCD-25MAY2118-T107999.99,DELTA,58,300,60,50,545,yes,12,2700
2025-05-21T14:01:38.025137,KXBTCD-25MAY2118-T107999.99,DELTA,58,300,60,50,546,no,8,-4050
2025-05-21T14:01:38.025963,KXBTCD-25MAY2118-T107999.99,DELTA,58,300,60,50,547,no,9,3600
2025-05-21T14:01:38.064320,KXBTCD-25MAY2118-T107999.99,DELTA,58,300,60,50,548,yes,11,-20000
2025-05-21T14:01:38.104175,KXBTCD-25MAY2118-T107999.99,DELTA,58,300,60,50,549,no,9,-20000
2025-05-21T14:01:38.123967,KXBTCD-25MAY2118-T107999.99,DELTA,58,300,60,50,550,yes,5,20000
2025-05-21T14:01:38.164334,KXBTCD-25MAY2118-T107999.99,DELTA,58,300,60,50,551,no,10,20000
2025-05-21T14:01:38.684208,KXBTCD-25MAY2118-T107999.99,DELTA,58,300,60,50,552,yes,56,100
2025-05-21T14:01:38.783996,KXBTCD-25MAY2118-T107999.99,DELTA,58,300,60,50,553,yes,31,-1000
2025-05-21T14:01:38.823743,KXBTCD-25MAY2118-T107999.99,DELTA,58,300,60,50,554,yes,57,1000
2025-05-21T14:01:39.186415,KXBTCD-25MAY2118-T107999.99,DELTA,58,300,60,50,555,yes,12,-2700
2025-05-21T14:01:39.187029,KXBTCD-25MAY2118-T107999.99,DELTA,58,300,60,50,556,yes,8,4050
2025-05-21T14:01:39.204338,KXBTCD-25MAY2118-T107999.99,DELTA,58,300,60,50,557,no,9,-3600
2025-05-21T14:01:39.205023,KXBTCD-25MAY2118-T107999.99,DELTA,58,300,60,50,558,no,4,8100
2025-05-21T14:01:39.264270,KXBTCD-25MAY2118-T107999.99,DELTA,58,300,60,50,559,yes,35,-9
2025-05-21T14:01:39.324851,KXBTCD-25MAY2118-T107999.99,DELTA,58,300,60,50,560,yes,5,-20000
2025-05-21T14:01:39.325590,KXBTCD-25MAY2118-T107999.99,DELTA,58,300,60,50,561,no,10,-20000
2025-05-21T14:01:39.385399,KXBTCD-25MAY2118-T107999.99,DELTA,58,300,60,50,562,yes,9,20000
2025-05-21T14:01:39.385829,KXBTCD-25MAY2118-T107999.99,DELTA,58,300,60,50,563,no,5,20000
2025-05-21T14:01:40.345144,KXBTCD-25MAY2118-T107999.99,DELTA,58,300,60,50,564,yes,8,-4050
2025-05-21T14:01:40.345418,KXBTCD-25MAY2118-T107999.99,DELTA,58,300,60,50,565,yes,10,3240
2025-05-21T14:01:40.383991,KXBTCD-25MAY2118-T107999.99,DELTA,58,300,60,50,566,no,4,-8100
2025-05-21T14:01:40.384149,KXBTCD-25MAY2118-T107999.99,DELTA,58,300,60,50,567,no,6,5400
2025-05-21T14:01:40.425642,KXBTCD-25MAY2118-T107999.99,DELTA,58,300,60,50,568,yes,9,-20000
2025-05-21T14:01:40.464907,KXBTCD-25MAY2118-T107999.99,DELTA,58,300,60,50,569,no,5,-20000
2025-05-21T14:01:40.465087,KXBTCD-25MAY2118-T107999.99,DELTA,58,300,60,50,570,yes,11,20000
2025-05-21T14:01:40.524837,KXBTCD-25MAY2118-T107999.99,DELTA,58,300,60,50,571,no,7,20000
2025-05-21T14:01:41.005011,KXBTCD-25MAY2118-T107999.99,DELTA,58,300,60,50,572,yes,57,-1000
2025-05-21T14:01:41.024625,KXBTCD-25MAY2118-T107999.99,DELTA,58,300,60,50,573,no,37,-1000
2025-05-21T14:01:41.069003,KXBTCD-25MAY2118-T107999.99,DELTA,58,300,60,50,574,no,38,1000
2025-05-21T14:01:41.069348,KXBTCD-25MAY2118-T107999.99,DELTA,58,300,60,50,575,yes,56,1000
2025-05-21T14:01:41.069523,KXBTCD-25MAY2118-T107999.99,DELTA,58,50,60,50,576,yes,58,-250
2025-05-21T14:01:41.126972,KXBTCD-25MAY2118-T107999.99,DELTA,58,50,60,50,577,yes,57,250
2025-05-21T14:01:41.268195,KXBTCD-25MAY2118-T107999.99,DELTA,58,50,60,50,578,yes,50,24
2025-05-21T14:01:41.268571,KXBTCD-25MAY2118-T107999.99,DELTA,58,50,60,50,579,yes,51,-24
2025-05-21T14:01:41.268747,KXBTCD-25MAY2118-T107999.99,DELTA,58,50,60,50,580,no,33,24
2025-05-21T14:01:41.268883,KXBTCD-25MAY2118-T107999.99,DELTA,58,50,62,1000,581,no,40,-50
2025-05-21T14:01:41.269010,KXBTCD-25MAY2118-T107999.99,DELTA,58,50,59,50,582,no,41,50
2025-05-21T14:01:41.269126,KXBTCD-25MAY2118-T107999.99,DELTA,58,50,59,50,583,no,31,-24
2025-05-21T14:01:41.326037,KXBTCD-25MAY2118-T107999.99,DELTA,58,50,62,1000,584,no,41,-50
2025-05-21T14:01:41.326274,KXBTCD-25MAY2118-T107999.99,DELTA,58,50,61,50,585,no,39,50
2025-05-21T14:01:41.385404,KXBTCD-25MAY2118-T107999.99,DELTA,58,50,61,50,586,no,37,-300
2025-05-21T14:01:41.465963,KXBTCD-25MAY2118-T107999.99,DELTA,58,50,61,150,587,no,39,100
2025-05-21T14:01:41.524933,KXBTCD-25MAY2118-T107999.99,DELTA,58,50,61,100,588,no,39,-50
2025-05-21T14:01:41.525590,KXBTCD-25MAY2118-T107999.99,DELTA,58,50,60,50,589,no,40,50
2025-05-21T14:01:41.565160,KXBTCD-25MAY2118-T107999.99,DELTA,58,50,60,50,590,yes,10,-3240
2025-05-21T14:01:41.566051,KXBTCD-25MAY2118-T107999.99,DELTA,58,50,60,50,591,yes,12,2700
2025-05-21T14:01:41.645162,KXBTCD-25MAY2118-T107999.99,DELTA,58,50,60,50,592,yes,11,-20000
2025-05-21T14:01:41.707734,KXBTCD-25MAY2118-T107999.99,DELTA,58,50,60,50,593,yes,5,20000
2025-05-21T14:01:41.724929,KXBTCD-25MAY2118-T107999.99,DELTA,58,50,60,50,594,no,6,-5400
2025-05-21T14:01:41.725360,KXBTCD-25MAY2118-T107999.99,DELTA,58,50,60,50,595,no,8,4050
2025-05-21T14:01:41.745020,KXBTCD-25MAY2118-T107999.99,DELTA,58,50,60,50,596,no,39,-100
2025-05-21T14:01:41.807709,KXBTCD-25MAY2118-T107999.99,DELTA,58,50,62,1000,597,no,40,-50
2025-05-21T14:01:41.808592,KXBTCD-25MAY2118-T107999.99,DELTA,58,50,61,50,598,no,39,50
2025-05-21T14:01:41.809183,KXBTCD-25MAY2118-T107999.99,DELTA,58,50,61,50,599,no,7,-20000
2025-05-21T14:01:41.846445,KXBTCD-25MAY2118-T107999.99,DELTA,58,50,61,50,600,no,38,250
2025-05-21T14:01:41.886709,KXBTCD-25MAY2118-T107999.99,DELTA,58,50,61,50,601,yes,56,-100
2025-05-21T14:01:41.887392,KXBTCD-25MAY2118-T107999.99,DELTA,58,50,61,50,602,yes,56,-1000
2025-05-21T14:01:41.888061,KXBTCD-25MAY2118-T107999.99,DELTA,58,50,61,50,603,no,9,20000
2025-05-21T14:01:41.888815,KXBTCD-25MAY2118-T107999.99,DELTA,58,50,61,50,604,no,37,-100
2025-05-21T14:01:41.926587,KXBTCD-25MAY2118-T107999.99,DELTA,58,50,61,50,605,yes,31,1000
2025-05-21T14:01:41.927530,KXBTCD-25MAY2118-T107999.99,DELTA,58,50,61,50,606,no,38,-1000
2025-05-21T14:01:41.966335,KXBTCD-25MAY2118-T107999.99,DELTA,58,50,61,1050,607,no,39,1000
2025-05-21T14:01:42.027243,KXBTCD-25MAY2118-T107999.99,DELTA,58,50,61,1000,608,no,39,-50
2025-05-21T14:01:42.028196,KXBTCD-25MAY2118-T107999.99,DELTA,58,50,60,50,609,no,40,50
2025-05-21T14:01:42.610934,KXBTCD-25MAY2118-T107999.99,DELTA,58,50,60,50,610,no,37,100
2025-05-21T14:01:42.611715,KXBTCD-25MAY2118-T107999.99,DELTA,58,50,60,50,611,yes,55,100
2025-05-21T14:01:42.687330,KXBTCD-25MAY2118-T107999.99,DELTA,58,50,60,50,612,yes,31,-1000
2025-05-21T14:01:42.726190,KXBTCD-25MAY2118-T107999.99,DELTA,58,50,60,50,613,yes,55,1000
2025-05-21T14:01:42.765574,KXBTCD-25MAY2118-T107999.99,DELTA,58,50,60,50,614,yes,12,-2700
2025-05-21T14:01:42.765908,KXBTCD-25MAY2118-T107999.99,DELTA,58,50,60,50,615,yes,8,4050
2025-05-21T14:01:42.787988,KXBTCD-25MAY2118-T107999.99,DELTA,58,50,60,50,616,yes,35,9
2025-05-21T14:01:42.825483,KXBTCD-25MAY2118-T107999.99,DELTA,58,50,60,50,617,no,8,-4050
2025-05-21T14:01:42.825621,KXBTCD-25MAY2118-T107999.99,DELTA,58,50,60,50,618,no,4,8100
2025-05-21T14:01:42.846144,KXBTCD-25MAY2118-T107999.99,DELTA,58,50,60,50,619,yes,5,-20000
2025-05-21T14:01:42.885619,KXBTCD-25MAY2118-T107999.99,DELTA,58,50,60,50,620,yes,9,20000
2025-05-21T14:01:42.905501,KXBTCD-25MAY2118-T107999.99,DELTA,58,50,60,50,621,no,9,-20000
2025-05-21T14:01:42.944862,KXBTCD-25MAY2118-T107999.99,DELTA,58,50,60,50,622,no,5,20000
2025-05-21T14:01:43.085368,KXBTCD-25MAY2118-T107999.99,DELTA,58,50,60,50,623,no,37,-100
2025-05-21T14:01:44.867485,KXBTCD-25MAY2118-T107999.99,DELTA,58,50,60,50,624,no,38,100
2025-05-21T14:01:44.967792,KXBTCD-25MAY2118-T107999.99,DELTA,58,50,60,50,625,yes,35,-9
2025-05-21T14:01:45.706998,KXBTCD-25MAY2118-T107999.99,DELTA,58,50,60,50,626,yes,55,-1000
2025-05-21T14:01:45.707350,KXBTCD-25MAY2118-T107999.99,DELTA,58,50,60,50,627,no,39,-1000
2025-05-21T14:01:45.767383,KXBTCD-25MAY2118-T107999.99,DELTA,58,50,62,350,628,no,40,-50
2025-05-21T14:01:45.767765,KXBTCD-25MAY2118-T107999.99,DELTA,58,50,61,50,629,no,39,50
2025-05-21T14:01:45.788094,KXBTCD-25MAY2118-T107999.99,DELTA,58,50,61,50,630,yes,56,1000
2025-05-21T14:01:45.788634,KXBTCD-25MAY2118-T107999.99,DELTA,58,50,61,50,631,no,38,1000
2025-05-21T14:01:45.827982,KXBTCD-25MAY2118-T107999.99,DELTA,58,50,61,50,632,yes,35,9
2025-05-21T14:01:46.188921,KXBTCD-25MAY2118-T107999.99,DELTA,58,50,61,50,633,yes,56,-1000
2025-05-21T14:01:46.207455,KXBTCD-25MAY2118-T107999.99,DELTA,58,50,61,50,634,no,38,-250
2025-05-21T14:01:46.208181,KXBTCD-25MAY2118-T107999.99,DELTA,58,50,61,50,635,no,38,-1000
2025-05-21T14:01:46.407914,KXBTCD-25MAY2118-T107999.99,DELTA,58,50,61,50,636,no,11,1000
2025-05-21T14:01:46.408044,KXBTCD-25MAY2118-T107999.99,DELTA,58,50,61,50,637,yes,57,1000
2025-05-21T14:01:46.408591,KXBTCD-25MAY2118-T107999.99,DELTA,58,50,61,50,638,yes,8,-4050
2025-05-21T14:01:46.408689,KXBTCD-25MAY2118-T107999.99,DELTA,58,50,61,50,639,yes,10,3240
2025-05-21T14:01:46.508937,KXBTCD-25MAY2118-T107999.99,DELTA,58,50,61,50,640,no,4,-8100
2025-05-21T14:01:46.509063,KXBTCD-25MAY2118-T107999.99,DELTA,58,50,61,50,641,no,6,5400
2025-05-21T14:01:46.509144,KXBTCD-25MAY2118-T107999.99,DELTA,58,50,61,50,642,no,37,250
2025-05-21T14:01:46.509213,KXBTCD-25MAY2118-T107999.99,DELTA,58,50,61,50,643,yes,9,-20000
2025-05-21T14:01:46.607106,KXBTCD-25MAY2118-T107999.99,DELTA,58,50,61,50,644,no,5,-20000
2025-05-21T14:01:46.713923,KXBTCD-25MAY2118-T107999.99,DELTA,58,50,61,50,645,no,11,-1000
2025-05-21T14:01:46.788230,KXBTCD-25MAY2118-T107999.99,DELTA,58,50,61,50,646,no,12,9
2025-05-21T14:01:46.789060,KXBTCD-25MAY2118-T107999.99,DELTA,58,50,61,50,647,yes,35,-9
2025-05-21T14:01:46.790137,KXBTCD-25MAY2118-T107999.99,DELTA,58,50,61,50,648,yes,11,20000
2025-05-21T14:01:46.807476,KXBTCD-25MAY2118-T107999.99,DELTA,58,50,61,50,649,no,37,1000
2025-05-21T14:01:46.808160,KXBTCD-25MAY2118-T107999.99,DELTA,58,50,61,50,650,no,7,20000
2025-05-21T14:01:50.971026,KXBTCD-25MAY2118-T107999.99,DELTA,58,50,61,50,651,yes,10,-3240
2025-05-21T14:01:50.971698,KXBTCD-25MAY2118-T107999.99,DELTA,58,50,61,50,652,yes,12,2700
2025-05-21T14:01:51.030545,KXBTCD-25MAY2118-T107999.99,DELTA,58,50,61,50,653,no,6,-5400
2025-05-21T14:01:51.031346,KXBTCD-25MAY2118-T107999.99,DELTA,58,50,61,50,654,no,8,4050
2025-05-21T14:01:51.049345,KXBTCD-25MAY2118-T107999.99,DELTA,58,50,61,50,655,yes,11,-20000
2025-05-21T14:01:51.069213,KXBTCD-25MAY2118-T107999.99,DELTA,58,50,61,50,656,no,12,-9
2025-05-21T14:01:51.111243,KXBTCD-25MAY2118-T107999.99,DELTA,58,50,61,50,657,no,7,-20000
2025-05-21T14:01:51.112083,KXBTCD-25MAY2118-T107999.99,DELTA,58,50,61,50,658,yes,5,20000
2025-05-21T14:01:51.169955,KXBTCD-25MAY2118-T107999.99,DELTA,58,50,61,50,659,no,9,20000
2025-05-21T14:01:51.431505,KXBTCD-25MAY2118-T107999.99,DELTA,58,50,61,50,660,no,38,-100
2025-05-21T14:01:51.521319,KXBTCD-25MAY2118-T107999.99,DELTA,58,50,63,1250,661,no,39,-50
2025-05-21T14:01:51.521756,KXBTCD-25MAY2118-T107999.99,DELTA,58,50,62,50,662,no,38,50
2025-05-21T14:01:52.086644,KXBTCD-25MAY2118-T107999.99,DELTA,58,50,62,50,663,yes,12,-2700
2025-05-21T14:01:52.088016,KXBTCD-25MAY2118-T107999.99,DELTA,58,50,62,50,664,yes,8,4050
2025-05-21T14:01:52.131505,KXBTCD-25MAY2118-T107999.99,DELTA,58,50,62,50,665,no,8,-4050
2025-05-21T14:01:52.131805,KXBTCD-25MAY2118-T107999.99,DELTA,58,50,62,50,666,no,4,8100
2025-05-21T14:01:52.149386,KXBTCD-25MAY2118-T107999.99,DELTA,58,50,62,50,667,yes,5,-20000
2025-05-21T14:01:52.209906,KXBTCD-25MAY2118-T107999.99,DELTA,58,50,62,50,668,yes,9,20000
2025-05-21T14:01:52.210577,KXBTCD-25MAY2118-T107999.99,DELTA,58,50,62,50,669,no,9,-20000
2025-05-21T14:01:52.269187,KXBTCD-25MAY2118-T107999.99,DELTA,58,50,62,50,670,no,5,20000
2025-05-21T14:01:52.710839,KXBTCD-25MAY2118-T107999.99,DELTA,58,50,62,50,671,no,37,100
2025-05-21T14:01:53.190424,KXBTCD-25MAY2118-T107999.99,DELTA,58,50,62,50,672,yes,8,-4050
2025-05-21T14:01:53.191054,KXBTCD-25MAY2118-T107999.99,DELTA,58,50,62,50,673,yes,10,3240
2025-05-21T14:01:53.249375,KXBTCD-25MAY2118-T107999.99,DELTA,58,50,62,50,674,no,4,-8100
2025-05-21T14:01:53.249931,KXBTCD-25MAY2118-T107999.99,DELTA,58,50,62,50,675,no,6,5400
2025-05-21T14:01:53.289606,KXBTCD-25MAY2118-T107999.99,DELTA,58,50,62,50,676,yes,9,-20000
2025-05-21T14:01:53.329635,KXBTCD-25MAY2118-T107999.99,DELTA,58,50,62,50,677,no,5,-20000
2025-05-21T14:01:53.330431,KXBTCD-25MAY2118-T107999.99,DELTA,58,50,62,50,678,yes,11,20000
2025-05-21T14:01:53.370403,KXBTCD-25MAY2118-T107999.99,DELTA,58,50,62,50,679,no,7,20000
2025-05-21T14:01:53.449803,KXBTCD-25MAY2118-T107999.99,DELTA,58,50,62,50,680,yes,57,-250
2025-05-21T14:01:53.490001,KXBTCD-25MAY2118-T107999.99,DELTA,58,50,62,50,681,yes,55,-100
2025-05-21T14:01:53.509599,KXBTCD-25MAY2118-T107999.99,DELTA,59,50,62,50,682,yes,59,50
2025-05-21T14:01:53.530230,KXBTCD-25MAY2118-T107999.99,DELTA,59,50,62,50,683,yes,57,-1000
2025-05-21T14:01:53.570117,KXBTCD-25MAY2118-T107999.99,DELTA,59,50,62,50,684,yes,31,1000
2025-05-21T14:01:54.378614,KXBTCD-25MAY2118-T107999.99,DELTA,59,50,62,50,685,yes,10,-3240
2025-05-21T14:01:54.379748,KXBTCD-25MAY2118-T107999.99,DELTA,59,50,62,50,686,yes,12,2700
2025-05-21T14:01:54.410609,KXBTCD-25MAY2118-T107999.99,DELTA,59,50,62,50,687,no,6,-5400
2025-05-21T14:01:54.411600,KXBTCD-25MAY2118-T107999.99,DELTA,59,50,62,50,688,no,8,4050
2025-05-21T14:01:54.412122,KXBTCD-25MAY2118-T107999.99,DELTA,59,50,62,50,689,yes,31,-1000
2025-05-21T14:01:54.430847,KXBTCD-25MAY2118-T107999.99,DELTA,59,50,62,50,690,yes,11,-20000
2025-05-21T14:01:54.456207,KXBTCD-25MAY2118-T107999.99,DELTA,59,50,62,50,691,yes,51,9
2025-05-21T14:01:54.456844,KXBTCD-25MAY2118-T107999.99,DELTA,59,50,62,50,692,yes,51,24
2025-05-21T14:01:54.457152,KXBTCD-25MAY2118-T107999.99,DELTA,59,50,62,50,693,yes,50,-24
2025-05-21T14:01:54.471937,KXBTCD-25MAY2118-T107999.99,DELTA,59,50,62,50,694,no,33,-24
2025-05-21T14:01:54.472573,KXBTCD-25MAY2118-T107999.99,DELTA,59,50,62,50,695,no,31,24
2025-05-21T14:01:54.490231,KXBTCD-25MAY2118-T107999.99,DELTA,59,50,62,50,696,yes,5,20000
2025-05-21T14:01:54.491264,KXBTCD-25MAY2118-T107999.99,DELTA,59,50,62,50,697,no,37,-1000
2025-05-21T14:01:54.492031,KXBTCD-25MAY2118-T107999.99,DELTA,59,50,62,50,698,yes,58,1000
2025-05-21T14:01:54.510656,KXBTCD-25MAY2118-T107999.99,DELTA,58,1050,62,50,699,yes,59,-50
2025-05-21T14:01:54.512963,KXBTCD-25MAY2118-T107999.99,DELTA,58,1050,62,50,700,no,37,-250
2025-05-21T14:01:54.569405,KXBTCD-25MAY2118-T107999.99,DELTA,58,50,62,50,701,yes,58,-1000
2025-05-21T14:01:54.650830,KXBTCD-25MAY2118-T107999.99,DELTA,51,33,62,50,702,yes,58,-50
2025-05-21T14:01:54.652087,KXBTCD-25MAY2118-T107999.99,DELTA,59,50,62,50,703,yes,59,50
2025-05-21T14:01:54.652930,KXBTCD-25MAY2118-T107999.99,DELTA,59,50,62,50,704,no,11,1000
2025-05-21T14:01:54.654118,KXBTCD-25MAY2118-T107999.99,DELTA,59,50,62,50,705,no,7,-20000
2025-05-21T14:01:54.654747,KXBTCD-25MAY2118-T107999.99,DELTA,59,1050,62,50,706,yes,59,1000
2025-05-21T14:01:54.710906,KXBTCD-25MAY2118-T107999.99,DELTA,59,1050,62,50,707,no,9,20000
2025-05-21T14:01:54.753565,KXBTCD-25MAY2118-T107999.99,DELTA,59,1050,62,50,708,yes,56,100
2025-05-21T14:01:54.810525,KXBTCD-25MAY2118-T107999.99,DELTA,60,200,62,50,709,yes,60,200
2025-05-21T14:01:54.812002,KXBTCD-25MAY2118-T107999.99,DELTA,60,200,62,50,710,no,35,300
2025-05-21T14:01:54.910028,KXBTCD-25MAY2118-T107999.99,DELTA,60,200,62,50,711,no,11,-1000
2025-05-21T14:01:54.970755,KXBTCD-25MAY2118-T107999.99,DELTA,60,200,62,50,712,yes,59,-1000
2025-05-21T14:01:54.990458,KXBTCD-25MAY2118-T107999.99,DELTA,60,200,62,50,713,no,35,1000
2025-05-21T14:01:55.050213,KXBTCD-25MAY2118-T107999.99,DELTA,60,1200,62,50,714,yes,60,1000
2025-05-21T14:01:55.170644,KXBTCD-25MAY2118-T107999.99,DELTA,60,200,62,50,715,yes,60,-1000
2025-05-21T14:01:55.171443,KXBTCD-25MAY2118-T107999.99,DELTA,60,200,62,50,716,no,35,-1000
2025-05-21T14:01:55.250225,KXBTCD-25MAY2118-T107999.99,DELTA,60,200,62,50,717,no,11,1000
2025-05-21T14:01:55.270073,KXBTCD-25MAY2118-T107999.99,DELTA,60,1200,62,50,718,yes,60,1000
2025-05-21T14:01:55.289742,KXBTCD-25MAY2118-T107999.99,DELTA,60,1200,62,50,719,yes,35,9
2025-05-21T14:01:55.290028,KXBTCD-25MAY2118-T107999.99,DELTA,60,1200,62,50,720,yes,51,-9
2025-05-21T14:01:55.469661,KXBTCD-25MAY2118-T107999.99,DELTA,60,1200,62,50,721,yes,12,-2700
2025-05-21T14:01:55.469866,KXBTCD-25MAY2118-T107999.99,DELTA,60,1200,62,50,722,yes,8,4050
2025-05-21T14:01:55.510887,KXBTCD-25MAY2118-T107999.99,DELTA,60,1200,62,50,723,no,8,-4050
2025-05-21T14:01:55.511035,KXBTCD-25MAY2118-T107999.99,DELTA,60,1200,62,50,724,no,9,3600
2025-05-21T14:01:55.549469,KXBTCD-25MAY2118-T107999.99,DELTA,60,1200,62,50,725,yes,5,-20000
2025-05-21T14:01:55.610086,KXBTCD-25MAY2118-T107999.99,DELTA,60,1200,62,50,726,yes,9,20000
2025-05-21T14:01:55.610335,KXBTCD-25MAY2118-T107999.99,DELTA,60,1200,62,50,727,no,9,-20000
2025-05-21T14:01:55.671080,KXBTCD-25MAY2118-T107999.99,DELTA,60,1200,62,50,728,no,10,20000
2025-05-21T14:01:56.382594,KXBTCD-25MAY2118-T107999.99,DELTA,60,1200,62,50,729,yes,56,-100
2025-05-21T14:01:56.389879,KXBTCD-25MAY2118-T107999.99,DELTA,60,1200,62,50,730,no,37,-100
2025-05-21T14:01:56.471371,KXBTCD-25MAY2118-T107999.99,DELTA,60,1200,65,300,731,no,38,-50
2025-05-21T14:01:56.472393,KXBTCD-25MAY2118-T107999.99,DELTA,60,1200,64,50,732,no,36,50
2025-05-21T14:01:56.490294,KXBTCD-25MAY2118-T107999.99,DELTA,60,1200,64,50,733,yes,35,-9
2025-05-21T14:01:56.490801,KXBTCD-25MAY2118-T107999.99,DELTA,60,1200,64,50,734,no,12,9
2025-05-21T14:01:57.430933,KXBTCD-25MAY2118-T107999.99,DELTA,60,1200,64,50,735,yes,57,100
2025-05-21T14:01:57.431821,KXBTCD-25MAY2118-T107999.99,DELTA,60,1200,64,50,736,no,35,100
2025-05-21T14:01:58.872231,KXBTCD-25MAY2118-T107999.99,DELTA,60,1200,64,50,737,yes,8,-4050
2025-05-21T14:01:58.872767,KXBTCD-25MAY2118-T107999.99,DELTA,60,1200,64,50,738,yes,10,3240
2025-05-21T14:01:58.930942,KXBTCD-25MAY2118-T107999.99,DELTA,60,1200,64,50,739,no,9,-3600
2025-05-21T14:01:58.931316,KXBTCD-25MAY2118-T107999.99,DELTA,60,1200,64,50,740,no,4,8100
2025-05-21T14:01:58.949910,KXBTCD-25MAY2118-T107999.99,DELTA,60,1200,64,50,741,yes,9,-20000
2025-05-21T14:01:58.950116,KXBTCD-25MAY2118-T107999.99,DELTA,60,1200,64,50,742,yes,51,-24
2025-05-21T14:01:58.950358,KXBTCD-25MAY2118-T107999.99,DELTA,60,1200,64,50,743,yes,53,24
2025-05-21T14:01:58.970902,KXBTCD-25MAY2118-T107999.99,DELTA,60,1200,64,50,744,no,31,-24
2025-05-21T14:01:58.971090,KXBTCD-25MAY2118-T107999.99,DELTA,60,1200,64,50,745,no,30,24
2025-05-21T14:01:59.010784,KXBTCD-25MAY2118-T107999.99,DELTA,60,1200,64,50,746,yes,11,20000
2025-05-21T14:01:59.011233,KXBTCD-25MAY2118-T107999.99,DELTA,60,1200,64,50,747,no,10,-20000
2025-05-21T14:01:59.050968,KXBTCD-25MAY2118-T107999.99,DELTA,60,1200,64,50,748,no,5,20000
2025-05-21T14:01:59.110467,KXBTCD-25MAY2118-T107999.99,DELTA,60,1200,64,50,749,yes,59,-50
2025-05-21T14:01:59.111351,KXBTCD-25MAY2118-T107999.99,DELTA,60,1250,64,50,750,yes,60,50
2025-05-21T14:01:59.231648,KXBTCD-25MAY2118-T107999.99,DELTA,60,1050,64,50,751,yes,60,-200
2025-05-21T14:01:59.251711,KXBTCD-25MAY2118-T107999.99,DELTA,60,1050,64,50,752,no,35,-300
2025-05-21T14:01:59.351239,KXBTCD-25MAY2118-T107999.99,DELTA,60,50,64,50,753,yes,60,-1000
2025-05-21T14:01:59.431777,KXBTCD-25MAY2118-T107999.99,DELTA,62,200,64,50,754,yes,62,200
2025-05-21T14:01:59.432555,KXBTCD-25MAY2118-T107999.99,DELTA,62,200,64,50,755,no,33,300
2025-05-21T14:01:59.470824,KXBTCD-25MAY2118-T107999.99,DELTA,62,200,64,50,756,yes,61,1000
2025-05-21T14:01:59.551004,KXBTCD-25MAY2118-T107999.99,DELTA,62,200,64,50,757,yes,61,-1000
2025-05-21T14:01:59.611337,KXBTCD-25MAY2118-T107999.99,DELTA,62,1200,64,50,758,yes,62,1000
2025-05-21T14:01:59.770584,KXBTCD-25MAY2118-T107999.99,DELTA,62,1200,64,50,759,yes,57,-100
2025-05-21T14:02:00.231076,KXBTCD-25MAY2118-T107999.99,DELTA,62,200,64,50,760,yes,62,-1000
2025-05-21T14:02:00.290659,KXBTCD-25MAY2118-T107999.99,DELTA,63,1000,64,50,761,yes,63,1000
2025-05-21T14:02:00.611139,KXBTCD-25MAY2118-T107999.99,DELTA,63,1000,64,50,762,no,35,-100
2025-05-21T14:02:00.671982,KXBTCD-25MAY2118-T107999.99,DELTA,63,1000,67,300,763,no,36,-50
2025-05-21T14:02:00.672202,KXBTCD-25MAY2118-T107999.99,DELTA,63,1000,66,50,764,no,34,50
2025-05-21T14:02:01.291262,KXBTCD-25MAY2118-T107999.99,DELTA,63,1000,66,50,765,yes,58,100
2025-05-21T14:02:01.291909,KXBTCD-25MAY2118-T107999.99,DELTA,63,1000,66,50,766,yes,10,-3240
2025-05-21T14:02:01.292590,KXBTCD-25MAY2118-T107999.99,DELTA,63,1000,66,50,767,yes,12,2700
2025-05-21T14:02:01.350283,KXBTCD-25MAY2118-T107999.99,DELTA,63,1000,66,50,768,no,4,-8100
2025-05-21T14:02:01.350607,KXBTCD-25MAY2118-T107999.99,DELTA,63,1000,66,50,769,no,6,5400
2025-05-21T14:02:01.370623,KXBTCD-25MAY2118-T107999.99,DELTA,63,1000,66,50,770,yes,11,-20000
2025-05-21T14:02:01.411280,KXBTCD-25MAY2118-T107999.99,DELTA,63,1000,66,50,771,yes,5,20000
2025-05-21T14:02:01.431134,KXBTCD-25MAY2118-T107999.99,DELTA,63,1000,66,50,772,no,5,-20000
2025-05-21T14:02:01.471655,KXBTCD-25MAY2118-T107999.99,DELTA,63,1000,66,50,773,no,7,20000
2025-05-21T14:02:01.752006,KXBTCD-25MAY2118-T107999.99,DELTA,62,200,66,50,774,yes,63,-1000
2025-05-21T14:02:01.811490,KXBTCD-25MAY2118-T107999.99,DELTA,62,1200,66,50,775,yes,62,1000
2025-05-21T14:02:01.910824,KXBTCD-25MAY2118-T107999.99,DELTA,62,1200,66,150,776,no,34,100
2025-05-21T14:02:02.151013,KXBTCD-25MAY2118-T107999.99,DELTA,62,1200,66,150,777,no,11,-1000
2025-05-21T14:02:02.212212,KXBTCD-25MAY2118-T107999.99,DELTA,62,1200,66,150,778,no,33,1000
2025-05-21T14:02:02.351270,KXBTCD-25MAY2118-T107999.99,DELTA,62,1200,66,150,779,yes,12,-2700
2025-05-21T14:02:02.352123,KXBTCD-25MAY2118-T107999.99,DELTA,62,1200,66,150,780,yes,8,4050
2025-05-21T14:02:02.411831,KXBTCD-25MAY2118-T107999.99,DELTA,62,1200,66,150,781,no,6,-5400
2025-05-21T14:02:02.412742,KXBTCD-25MAY2118-T107999.99,DELTA,62,1200,66,150,782,no,8,4050
2025-05-21T14:02:02.430629,KXBTCD-25MAY2118-T107999.99,DELTA,62,1200,66,150,783,yes,5,-20000
2025-05-21T14:02:02.490937,KXBTCD-25MAY2118-T107999.99,DELTA,62,1200,66,150,784,no,7,-20000
2025-05-21T14:02:02.491414,KXBTCD-25MAY2118-T107999.99,DELTA,62,1200,66,150,785,yes,9,20000
2025-05-21T14:02:02.530128,KXBTCD-25MAY2118-T107999.99,DELTA,62,1200,66,150,786,no,9,20000
2025-05-21T14:02:03.470741,KXBTCD-25MAY2118-T107999.99,DELTA,62,1200,66,150,787,yes,8,-4050
2025-05-21T14:02:03.471546,KXBTCD-25MAY2118-T107999.99,DELTA,62,1200,66,150,788,yes,10,3240
2025-05-21T14:02:03.531496,KXBTCD-25MAY2118-T107999.99,DELTA,62,1200,66,150,789,no,8,-4050
2025-05-21T14:02:03.532326,KXBTCD-25MAY2118-T107999.99,DELTA,62,1200,66,150,790,no,9,3600
2025-05-21T14:02:03.550499,KXBTCD-25MAY2118-T107999.99,DELTA,62,1200,66,150,791,yes,9,-20000
2025-05-21T14:02:03.570783,KXBTCD-25MAY2118-T107999.99,DELTA,62,1200,66,150,792,no,12,-9
2025-05-21T14:02:03.591337,KXBTCD-25MAY2118-T107999.99,DELTA,62,1200,66,150,793,yes,11,20000
2025-05-21T14:02:03.611859,KXBTCD-25MAY2118-T107999.99,DELTA,62,1200,66,150,794,no,9,-20000
2025-05-21T14:02:03.672298,KXBTCD-25MAY2118-T107999.99,DELTA,62,1200,66,150,795,no,10,20000
2025-05-21T14:02:04.450153,KXBTCD-25MAY2118-T107999.99,DELTA,62,1200,66,150,796,no,33,-1000
2025-05-21T14:02:04.490852,KXBTCD-25MAY2118-T107999.99,DELTA,62,1200,66,150,797,no,11,1000
2025-05-21T14:02:04.511669,KXBTCD-25MAY2118-T107999.99,DELTA,62,1200,66,150,798,yes,10,-3240
2025-05-21T14:02:04.511923,KXBTCD-25MAY2118-T107999.99,DELTA,62,1200,66,150,799,yes,12,2700
2025-05-21T14:02:04.551305,KXBTCD-25MAY2118-T107999.99,DELTA,62,1200,66,150,800,no,12,9
2025-05-21T14:02:04.572219,KXBTCD-25MAY2118-T107999.99,DELTA,62,1200,66,150,801,no,9,-3600
2025-05-21T14:02:04.572446,KXBTCD-25MAY2118-T107999.99,DELTA,62,1200,66,150,802,no,4,8100
2025-05-21T14:02:04.590431,KXBTCD-25MAY2118-T107999.99,DELTA,62,1200,66,150,803,yes,11,-20000
2025-05-21T14:02:04.631272,KXBTCD-25MAY2118-T107999.99,DELTA,62,1200,66,150,804,yes,5,20000
2025-05-21T14:02:04.672493,KXBTCD-25MAY2118-T107999.99,DELTA,62,1200,66,150,805,no,10,-20000
2025-05-21T14:02:04.711093,KXBTCD-25MAY2118-T107999.99,DELTA,62,1200,66,150,806,no,5,20000
2025-05-21T14:02:05.715546,KXBTCD-25MAY2118-T107999.99,DELTA,62,1200,66,150,807,yes,12,-2700
2025-05-21T14:02:05.715897,KXBTCD-25MAY2118-T107999.99,DELTA,62,1200,66,150,808,yes,8,4050
2025-05-21T14:02:05.716245,KXBTCD-25MAY2118-T107999.99,DELTA,62,1200,66,150,809,no,4,-8100
2025-05-21T14:02:05.716394,KXBTCD-25MAY2118-T107999.99,DELTA,62,1200,66,150,810,no,6,5400
2025-05-21T14:02:05.716526,KXBTCD-25MAY2118-T107999.99,DELTA,62,1200,66,150,811,yes,5,-20000
2025-05-21T14:02:05.716639,KXBTCD-25MAY2118-T107999.99,DELTA,62,1200,66,150,812,yes,9,20000
2025-05-21T14:02:05.731237,KXBTCD-25MAY2118-T107999.99,DELTA,62,1200,66,150,813,no,11,-1000
2025-05-21T14:02:05.791762,KXBTCD-25MAY2118-T107999.99,DELTA,62,1200,66,150,814,no,33,1000
2025-05-21T14:02:05.791943,KXBTCD-25MAY2118-T107999.99,DELTA,62,1200,66,150,815,no,5,-20000
2025-05-21T14:02:05.832798,KXBTCD-25MAY2118-T107999.99,DELTA,62,1200,66,150,816,no,7,20000
2025-05-21T14:02:07.561253,KXBTCD-25MAY2118-T107999.99,DELTA,62,200,66,150,817,yes,62,-1000
2025-05-21T14:02:07.562350,KXBTCD-25MAY2118-T107999.99,DELTA,62,200,66,150,818,no,33,-1000
2025-05-21T14:02:07.562923,KXBTCD-25MAY2118-T107999.99,DELTA,62,200,66,150,819,yes,61,1000
2025-05-21T14:02:07.592084,KXBTCD-25MAY2118-T107999.99,DELTA,62,200,66,1150,820,no,34,1000
2025-05-21T14:02:07.611710,KXBTCD-25MAY2118-T107999.99,DELTA,61,1000,66,1150,821,yes,62,-200
2025-05-21T14:02:07.612687,KXBTCD-25MAY2118-T107999.99,DELTA,60,50,66,1150,822,yes,61,-1000
2025-05-21T14:02:07.613431,KXBTCD-25MAY2118-T107999.99,DELTA,60,50,66,1150,823,no,33,-300
2025-05-21T14:02:07.632417,KXBTCD-25MAY2118-T107999.99,DELTA,60,50,66,1150,824,yes,35,9
2025-05-21T14:02:07.633316,KXBTCD-25MAY2118-T107999.99,DELTA,60,50,66,1150,825,no,12,-9
2025-05-21T14:02:07.651618,KXBTCD-25MAY2118-T107999.99,DELTA,60,1050,66,1150,826,yes,60,1000
2025-05-21T14:02:07.774266,KXBTCD-25MAY2118-T107999.99,DELTA,61,100,66,1150,827,yes,61,100
2025-05-21T14:02:07.774537,KXBTCD-25MAY2118-T107999.99,DELTA,61,100,65,100,828,no,35,100
2025-05-21T14:02:07.831767,KXBTCD-25MAY2118-T107999.99,DELTA,61,100,65,100,829,no,34,-50
2025-05-21T14:02:07.831941,KXBTCD-25MAY2118-T107999.99,DELTA,61,100,64,50,830,no,36,50
2025-05-21T14:02:08.711933,KXBTCD-25MAY2118-T107999.99,DELTA,61,100,64,50,831,yes,60,-50
2025-05-21T14:02:08.712516,KXBTCD-25MAY2118-T107999.99,DELTA,61,100,64,50,832,yes,59,50
2025-05-21T14:02:08.832626,KXBTCD-25MAY2118-T107999.99,DELTA,61,100,64,50,833,yes,35,-9
2025-05-21T14:02:08.873082,KXBTCD-25MAY2118-T107999.99,DELTA,60,1000,64,50,834,yes,61,-100
2025-05-21T14:02:08.892300,KXBTCD-25MAY2118-T107999.99,DELTA,60,1000,64,50,835,no,35,-100
2025-05-21T14:02:08.952755,KXBTCD-25MAY2118-T107999.99,DELTA,60,1250,64,50,836,yes,60,250
2025-05-21T14:02:08.953578,KXBTCD-25MAY2118-T107999.99,DELTA,60,1250,66,1100,837,no,36,-50
2025-05-21T14:02:08.954097,KXBTCD-25MAY2118-T107999.99,DELTA,60,1250,65,50,838,no,35,50
2025-05-21T14:02:08.954550,KXBTCD-25MAY2118-T107999.99,DELTA,60,1250,65,300,839,no,35,250
2025-05-21T14:02:09.032518,KXBTCD-25MAY2118-T107999.99,DELTA,60,1250,65,250,840,no,35,-50
2025-05-21T14:02:09.033188,KXBTCD-25MAY2118-T107999.99,DELTA,60,1250,64,50,841,no,36,50
2025-05-21T14:02:09.033697,KXBTCD-25MAY2118-T107999.99,DELTA,60,1250,64,50,842,yes,8,-4050
2025-05-21T14:02:09.034130,KXBTCD-25MAY2118-T107999.99,DELTA,60,1250,64,50,843,yes,10,3240
2025-05-21T14:02:09.079568,KXBTCD-25MAY2118-T107999.99,DELTA,60,1250,64,50,844,no,6,-5400
2025-05-21T14:02:09.080526,KXBTCD-25MAY2118-T107999.99,DELTA,60,1250,64,50,845,no,8,4050
2025-05-21T14:02:09.110890,KXBTCD-25MAY2118-T107999.99,DELTA,60,1250,64,50,846,yes,9,-20000
2025-05-21T14:02:09.152052,KXBTCD-25MAY2118-T107999.99,DELTA,60,1250,64,50,847,yes,11,20000
2025-05-21T14:02:09.171625,KXBTCD-25MAY2118-T107999.99,DELTA,60,1250,64,50,848,no,7,-20000
2025-05-21T14:02:09.192706,KXBTCD-25MAY2118-T107999.99,DELTA,60,1250,64,50,849,no,34,-100
2025-05-21T14:02:09.212401,KXBTCD-25MAY2118-T107999.99,DELTA,60,1250,64,50,850,no,9,20000
2025-05-21T14:02:09.271757,KXBTCD-25MAY2118-T107999.99,DELTA,60,1250,64,50,851,no,34,-1000
2025-05-21T14:02:09.312277,KXBTCD-25MAY2118-T107999.99,DELTA,60,1250,64,50,852,no,11,1000
2025-05-21T14:02:09.432555,KXBTCD-25MAY2118-T107999.99,DELTA,60,1250,64,50,853,yes,58,-100
2025-05-21T14:02:10.612241,KXBTCD-25MAY2118-T107999.99,DELTA,60,250,64,50,854,yes,60,-1000
2025-05-21T14:02:10.613083,KXBTCD-25MAY2118-T107999.99,DELTA,60,250,64,50,855,no,11,-1000
2025-05-21T14:02:10.671691,KXBTCD-25MAY2118-T107999.99,DELTA,60,250,64,50,856,yes,59,1000
2025-05-21T14:02:10.671928,KXBTCD-25MAY2118-T107999.99,DELTA,60,250,64,50,857,no,35,1000
2025-05-21T14:02:10.735353,KXBTCD-25MAY2118-T107999.99,DELTA,60,250,64,50,858,yes,35,9
2025-05-21T14:02:10.735616,KXBTCD-25MAY2118-T107999.99,DELTA,60,250,64,50,859,no,12,9
2025-05-21T14:02:10.991947,KXBTCD-25MAY2118-T107999.99,DELTA,60,250,64,50,860,no,35,100
2025-05-21T14:02:10.992406,KXBTCD-25MAY2118-T107999.99,DELTA,60,250,64,50,861,yes,57,100
2025-05-21T14:02:11.412770,KXBTCD-25MAY2118-T107999.99,DELTA,60,250,64,50,862,yes,10,-3240
2025-05-21T14:02:11.413389,KXBTCD-25MAY2118-T107999.99,DELTA,60,250,64,50,863,yes,12,2700
2025-05-21T14:02:11.452128,KXBTCD-25MAY2118-T107999.99,DELTA,60,250,64,50,864,no,35,-100
2025-05-21T14:02:11.472667,KXBTCD-25MAY2118-T107999.99,DELTA,60,250,64,50,865,no,8,-4050
2025-05-21T14:02:11.473146,KXBTCD-25MAY2118-T107999.99,DELTA,60,250,64,50,866,no,10,3240
2025-05-21T14:02:11.491598,KXBTCD-25MAY2118-T107999.99,DELTA,60,250,64,50,867,yes,11,-20000
2025-05-21T14:02:11.531546,KXBTCD-25MAY2118-T107999.99,DELTA,60,250,64,50,868,yes,5,20000
2025-05-21T14:02:11.531889,KXBTCD-25MAY2118-T107999.99,DELTA,60,250,64,50,869,yes,35,-9
2025-05-21T14:02:11.531986,KXBTCD-25MAY2118-T107999.99,DELTA,60,250,64,50,870,no,12,-9
2025-05-21T14:02:11.551717,KXBTCD-25MAY2118-T107999.99,DELTA,60,250,64,50,871,no,9,-20000
2025-05-21T14:02:11.592980,KXBTCD-25MAY2118-T107999.99,DELTA,60,250,64,50,872,no,11,20000
2025-05-21T14:02:12.472393,KXBTCD-25MAY2118-T107999.99,DELTA,60,250,64,50,873,yes,12,-2700
2025-05-21T14:02:12.472798,KXBTCD-25MAY2118-T107999.99,DELTA,60,250,64,50,874,yes,8,4050
2025-05-21T14:02:12.553860,KXBTCD-25MAY2118-T107999.99,DELTA,60,250,64,50,875,yes,5,-20000
2025-05-21T14:02:12.592955,KXBTCD-25MAY2118-T107999.99,DELTA,60,250,64,50,876,yes,9,20000
2025-05-21T14:02:12.672771,KXBTCD-25MAY2118-T107999.99,DELTA,60,250,64,50,877,yes,59,-1000
2025-05-21T14:02:12.732992,KXBTCD-25MAY2118-T107999.99,DELTA,60,1250,64,50,878,yes,60,1000
2025-05-21T14:02:12.770929,KXBTCD-25MAY2118-T107999.99,DELTA,60,1250,64,50,879,no,35,100
2025-05-21T14:02:13.572425,KXBTCD-25MAY2118-T107999.99,DELTA,60,1250,64,50,880,yes,8,-4050
2025-05-21T14:02:13.572783,KXBTCD-25MAY2118-T107999.99,DELTA,60,1250,64,50,881,yes,10,3240
2025-05-21T14:02:13.651686,KXBTCD-25MAY2118-T107999.99,DELTA,60,1250,64,50,882,yes,9,-20000
2025-05-21T14:02:13.692666,KXBTCD-25MAY2118-T107999.99,DELTA,60,1250,64,50,883,yes,11,20000
2025-05-21T14:02:14.625224,KXBTCD-25MAY2118-T107999.99,DELTA,60,250,64,50,884,yes,60,-1000
2025-05-21T14:02:14.632523,KXBTCD-25MAY2118-T107999.99,DELTA,60,250,64,50,885,yes,59,1000
2025-05-21T14:02:14.673414,KXBTCD-25MAY2118-T107999.99,DELTA,60,250,64,50,886,yes,10,-3240
2025-05-21T14:02:14.674057,KXBTCD-25MAY2118-T107999.99,DELTA,60,250,64,50,887,yes,12,2700
2025-05-21T14:02:14.711776,KXBTCD-25MAY2118-T107999.99,DELTA,60,250,64,50,888,yes,35,9
2025-05-21T14:02:14.751739,KXBTCD-25MAY2118-T107999.99,DELTA,60,250,64,50,889,yes,11,-20000
2025-05-21T14:02:14.812154,KXBTCD-25MAY2118-T107999.99,DELTA,60,250,64,50,890,yes,5,20000
2025-05-21T14:02:15.012447,KXBTCD-25MAY2118-T107999.99,DELTA,60,250,64,50,891,yes,59,-1000
2025-05-21T14:02:15.052786,KXBTCD-25MAY2118-T107999.99,DELTA,60,1250,64,50,892,yes,60,1000
2025-05-21T14:02:15.833292,KXBTCD-25MAY2118-T107999.99,DELTA,60,1250,64,50,893,yes,12,-2700
2025-05-21T14:02:15.833708,KXBTCD-25MAY2118-T107999.99,DELTA,60,1250,64,50,894,yes,8,4050
2025-05-21T14:02:15.892199,KXBTCD-25MAY2118-T107999.99,DELTA,60,1250,64,50,895,yes,5,-20000
2025-05-21T14:02:15.912590,KXBTCD-25MAY2118-T107999.99,DELTA,60,1250,64,50,896,yes,35,-9
2025-05-21T14:02:15.933095,KXBTCD-25MAY2118-T107999.99,DELTA,60,1250,64,50,897,yes,9,20000
2025-05-21T14:02:17.093452,KXBTCD-25MAY2118-T107999.99,DELTA,60,250,64,50,898,yes,60,-1000
2025-05-21T14:02:17.173314,KXBTCD-25MAY2118-T107999.99,DELTA,60,250,64,50,899,yes,59,1000
2025-05-21T14:02:17.232323,KXBTCD-25MAY2118-T107999.99,DELTA,60,250,64,50,900,yes,35,9
2025-05-21T14:02:19.191756,KXBTCD-25MAY2118-T107999.99,DELTA,59,1050,64,50,901,yes,60,-250
2025-05-21T14:02:19.234339,KXBTCD-25MAY2118-T107999.99,DELTA,59,1050,64,50,902,yes,8,-4050
2025-05-21T14:02:19.234451,KXBTCD-25MAY2118-T107999.99,DELTA,59,1050,64,50,903,yes,10,3240
2025-05-21T14:02:19.252306,KXBTCD-25MAY2118-T107999.99,DELTA,60,100,64,50,904,yes,60,100
2025-05-21T14:02:19.311748,KXBTCD-25MAY2118-T107999.99,DELTA,60,100,64,50,905,yes,9,-20000
2025-05-21T14:02:19.311852,KXBTCD-25MAY2118-T107999.99,DELTA,60,100,64,50,906,yes,35,-9
2025-05-21T14:02:19.371846,KXBTCD-25MAY2118-T107999.99,DELTA,60,100,64,50,907,yes,11,20000
2025-05-21T14:02:19.692786,KXBTCD-25MAY2118-T107999.99,DELTA,60,100,64,50,908,yes,59,-1000
2025-05-21T14:02:19.731632,KXBTCD-25MAY2118-T107999.99,DELTA,60,1100,64,50,909,yes,60,1000
2025-05-21T14:02:19.911933,KXBTCD-25MAY2118-T107999.99,DELTA,60,1000,64,50,910,yes,60,-100
2025-05-21T14:02:19.954042,KXBTCD-25MAY2118-T107999.99,DELTA,60,1250,64,50,911,yes,60,250
2025-05-21T14:02:20.033819,KXBTCD-25MAY2118-T107999.99,DELTA,60,1250,64,50,912,no,35,-1000
2025-05-21T14:02:20.092703,KXBTCD-25MAY2118-T107999.99,DELTA,60,1250,64,50,913,no,11,1000
2025-05-21T14:02:20.153758,KXBTCD-25MAY2118-T107999.99,DELTA,60,1250,64,50,914,yes,59,-50
2025-05-21T14:02:20.153860,KXBTCD-25MAY2118-T107999.99,DELTA,60,1300,64,50,915,yes,60,50
2025-05-21T14:02:20.292656,KXBTCD-25MAY2118-T107999.99,DELTA,60,1300,64,50,916,no,35,-250
2025-05-21T14:02:20.352941,KXBTCD-25MAY2118-T107999.99,DELTA,60,1050,64,50,917,yes,60,-250
2025-05-21T14:02:20.434784,KXBTCD-25MAY2118-T107999.99,DELTA,61,250,64,50,918,yes,61,250
2025-05-21T14:02:20.454098,KXBTCD-25MAY2118-T107999.99,DELTA,61,250,64,50,919,no,34,250
2025-05-21T14:02:20.454257,KXBTCD-25MAY2118-T107999.99,DELTA,61,250,64,49,920,no,36,-1
2025-05-21T14:02:20.525819,KXBTCD-25MAY2118-T107999.99,DELTA,61,250,64,49,921,yes,60,-50
2025-05-21T14:02:20.525919,KXBTCD-25MAY2118-T107999.99,DELTA,61,250,65,100,922,no,36,-49
2025-05-21T14:02:20.532620,KXBTCD-25MAY2118-T107999.99,DELTA,61,250,65,100,923,no,11,-1000
2025-05-21T14:02:20.573095,KXBTCD-25MAY2118-T107999.99,DELTA,61,250,65,100,924,no,34,1000
2025-05-21T14:02:20.592881,KXBTCD-25MAY2118-T107999.99,DELTA,61,250,65,100,925,yes,60,-1000
2025-05-21T14:02:20.652479,KXBTCD-25MAY2118-T107999.99,DELTA,61,250,65,100,926,yes,58,1000
2025-05-21T14:02:20.753373,KXBTCD-25MAY2118-T107999.99,DELTA,61,250,64,50,927,no,36,50
2025-05-21T14:02:20.753500,KXBTCD-25MAY2118-T107999.99,DELTA,61,250,64,50,928,yes,60,50
2025-05-21T14:02:20.792303,KXBTCD-25MAY2118-T107999.99,DELTA,61,250,65,100,929,no,36,-50
2025-05-21T14:02:20.824756,KXBTCD-25MAY2118-T107999.99,DELTA,61,250,65,100,930,yes,60,-50
2025-05-21T14:02:20.825468,KXBTCD-25MAY2118-T107999.99,DELTA,61,250,65,100,931,yes,58,-1000
2025-05-21T14:02:20.834627,KXBTCD-25MAY2118-T107999.99,DELTA,61,250,65,100,932,no,34,-1000
2025-05-21T14:02:20.893375,KXBTCD-25MAY2118-T107999.99,DELTA,61,1250,65,100,933,yes,61,1000
2025-05-21T14:02:20.893499,KXBTCD-25MAY2118-T107999.99,DELTA,61,1250,65,100,934,no,11,1000
2025-05-21T14:02:21.172325,KXBTCD-25MAY2118-T107999.99,DELTA,61,1250,65,100,935,yes,57,-100
2025-05-21T14:02:21.632373,KXBTCD-25MAY2118-T107999.99,DELTA,61,1250,65,100,936,yes,10,-3240
2025-05-21T14:02:21.632541,KXBTCD-25MAY2118-T107999.99,DELTA,61,1250,65,100,937,yes,12,2700
2025-05-21T14:02:21.731565,KXBTCD-25MAY2118-T107999.99,DELTA,61,1250,65,100,938,yes,11,-20000
2025-05-21T14:02:21.731726,KXBTCD-25MAY2118-T107999.99,DELTA,61,1250,65,100,939,no,12,9
2025-05-21T14:02:21.772508,KXBTCD-25MAY2118-T107999.99,DELTA,61,1250,65,100,940,yes,5,20000
2025-05-21T14:02:21.832405,KXBTCD-25MAY2118-T107999.99,DELTA,61,1250,64,50,941,no,36,50
2025-05-21T14:02:21.852446,KXBTCD-25MAY2118-T107999.99,DELTA,61,1250,64,50,942,yes,60,50
2025-05-21T14:02:21.873953,KXBTCD-25MAY2118-T107999.99,DELTA,61,1250,65,100,943,no,36,-50
2025-05-21T14:02:21.891878,KXBTCD-25MAY2118-T107999.99,DELTA,61,1250,65,100,944,yes,60,-50
2025-05-21T14:02:22.432711,KXBTCD-25MAY2118-T107999.99,DELTA,61,1250,65,100,945,yes,58,100
2025-05-21T14:02:22.721992,KXBTCD-25MAY2118-T107999.99,DELTA,61,1250,65,100,946,yes,12,-2700
2025-05-21T14:02:22.722192,KXBTCD-25MAY2118-T107999.99,DELTA,61,1250,65,100,947,yes,8,4050
2025-05-21T14:02:22.815891,KXBTCD-25MAY2118-T107999.99,DELTA,61,1250,65,100,948,yes,5,-20000
2025-05-21T14:02:22.841065,KXBTCD-25MAY2118-T107999.99,DELTA,61,1250,65,100,949,yes,9,20000
2025-05-21T14:02:22.923920,KXBTCD-25MAY2118-T107999.99,DELTA,61,1250,64,50,950,no,36,50
2025-05-21T14:02:22.994399,KXBTCD-25MAY2118-T107999.99,DELTA,61,1250,64,50,951,yes,60,50
2025-05-21T14:02:22.994513,KXBTCD-25MAY2118-T107999.99,DELTA,61,1250,65,100,952,no,36,-50
2025-05-21T14:02:22.994740,KXBTCD-25MAY2118-T107999.99,DELTA,61,1250,65,100,953,yes,60,-50
2025-05-21T14:02:23.702886,KXBTCD-25MAY2118-T107999.99,DELTA,61,1250,65,100,954,no,34,-250
2025-05-21T14:02:23.728840,KXBTCD-25MAY2118-T107999.99,DELTA,61,250,65,100,955,yes,61,-1000
2025-05-21T14:02:23.741362,KXBTCD-25MAY2118-T107999.99,DELTA,61,250,65,100,956,no,33,300
2025-05-21T14:02:23.771499,KXBTCD-25MAY2118-T107999.99,DELTA,62,1000,65,100,957,yes,62,1000
2025-05-21T14:02:23.793559,KXBTCD-25MAY2118-T107999.99,DELTA,62,1000,65,100,958,yes,8,-4050
2025-05-21T14:02:23.793667,KXBTCD-25MAY2118-T107999.99,DELTA,62,1000,65,100,959,yes,10,3240
2025-05-21T14:02:23.812213,KXBTCD-25MAY2118-T107999.99,DELTA,62,1000,65,100,960,no,31,9
2025-05-21T14:02:23.812310,KXBTCD-25MAY2118-T107999.99,DELTA,62,1000,65,100,961,no,12,-9
2025-05-21T14:02:23.831862,KXBTCD-25MAY2118-T107999.99,DELTA,62,1000,65,100,962,no,11,-1000
2025-05-21T14:02:23.873221,KXBTCD-25MAY2118-T107999.99,DELTA,62,1000,65,100,963,yes,9,-20000
2025-05-21T14:02:23.892737,KXBTCD-25MAY2118-T107999.99,DELTA,62,1000,65,100,964,no,33,1000
2025-05-21T14:02:23.912974,KXBTCD-25MAY2118-T107999.99,DELTA,62,1000,65,100,965,yes,11,20000
2025-05-21T14:02:23.991939,KXBTCD-25MAY2118-T107999.99,DELTA,62,1000,64,50,966,no,36,50
2025-05-21T14:02:24.013086,KXBTCD-25MAY2118-T107999.99,DELTA,62,1000,64,50,967,yes,60,50
2025-05-21T14:02:24.892938,KXBTCD-25MAY2118-T107999.99,DELTA,62,1000,64,50,968,yes,10,-3240
2025-05-21T14:02:24.893132,KXBTCD-25MAY2118-T107999.99,DELTA,62,1000,64,50,969,yes,12,2700
2025-05-21T14:02:24.974099,KXBTCD-25MAY2118-T107999.99,DELTA,62,1000,64,50,970,yes,11,-20000
2025-05-21T14:02:24.993070,KXBTCD-25MAY2118-T107999.99,DELTA,62,1000,64,50,971,no,31,-9
2025-05-21T14:02:25.012538,KXBTCD-25MAY2118-T107999.99,DELTA,62,1000,64,50,972,yes,5,20000
2025-05-21T14:02:25.312847,KXBTCD-25MAY2118-T107999.99,DELTA,61,250,64,50,973,yes,62,-1000
2025-05-21T14:02:25.352521,KXBTCD-25MAY2118-T107999.99,DELTA,61,1250,64,50,974,yes,61,1000
2025-05-21T14:02:25.991744,KXBTCD-25MAY2118-T107999.99,DELTA,61,1250,64,50,975,yes,12,-2700
2025-05-21T14:02:25.991908,KXBTCD-25MAY2118-T107999.99,DELTA,61,1250,64,50,976,yes,8,4050
2025-05-21T14:02:26.072308,KXBTCD-25MAY2118-T107999.99,DELTA,61,1250,64,50,977,yes,5,-20000
2025-05-21T14:02:26.111156,KXBTCD-25MAY2118-T107999.99,DELTA,61,1250,64,50,978,yes,9,20000
2025-05-21T14:02:28.853199,KXBTCD-25MAY2118-T107999.99,DELTA,61,250,64,50,979,yes,61,-1000
2025-05-21T14:02:28.873164,KXBTCD-25MAY2118-T107999.99,DELTA,61,250,64,50,980,no,33,-1000
2025-05-21T14:02:28.933180,KXBTCD-25MAY2118-T107999.99,DELTA,61,250,64,50,981,no,34,1000
2025-05-21T14:02:28.933379,KXBTCD-25MAY2118-T107999.99,DELTA,61,250,64,50,982,yes,60,1000
2025-05-21T14:02:28.971800,KXBTCD-25MAY2118-T107999.99,DELTA,61,250,64,50,983,yes,35,9
2025-05-21T14:02:29.372580,KXBTCD-25MAY2118-T107999.99,DELTA,61,250,64,50,984,yes,8,-4050
2025-05-21T14:02:29.372811,KXBTCD-25MAY2118-T107999.99,DELTA,61,250,64,50,985,yes,10,3240
2025-05-21T14:02:29.432925,KXBTCD-25MAY2118-T107999.99,DELTA,61,250,64,50,986,yes,9,-20000
2025-05-21T14:02:29.472497,KXBTCD-25MAY2118-T107999.99,DELTA,61,250,64,50,987,yes,11,20000
2025-05-21T14:02:32.137587,KXBTCD-25MAY2118-T107999.99,DELTA,61,250,64,50,988,yes,53,-24
2025-05-21T14:02:32.137780,KXBTCD-25MAY2118-T107999.99,DELTA,61,250,64,50,989,yes,55,24
2025-05-21T14:02:32.138031,KXBTCD-25MAY2118-T107999.99,DELTA,61,250,64,50,990,no,28,24
2025-05-21T14:02:32.138107,KXBTCD-25MAY2118-T107999.99,DELTA,61,250,64,50,991,no,30,-24
2025-05-21T14:02:32.212713,KXBTCD-25MAY2118-T107999.99,DELTA,61,250,64,50,992,yes,35,-9
2025-05-21T14:02:32.312646,KXBTCD-25MAY2118-T107999.99,DELTA,61,250,64,50,993,yes,10,-3240
2025-05-21T14:02:32.312814,KXBTCD-25MAY2118-T107999.99,DELTA,61,250,64,50,994,yes,12,2700
2025-05-21T14:02:32.392745,KXBTCD-25MAY2118-T107999.99,DELTA,61,250,64,50,995,yes,11,-20000
2025-05-21T14:02:32.471898,KXBTCD-25MAY2118-T107999.99,DELTA,61,250,64,50,996,yes,5,20000
2025-05-21T14:02:33.517441,KXBTCD-25MAY2118-T107999.99,DELTA,61,250,64,50,997,yes,12,-2700
2025-05-21T14:02:33.517573,KXBTCD-25MAY2118-T107999.99,DELTA,61,250,64,50,998,yes,8,4050
2025-05-21T14:02:33.606581,KXBTCD-25MAY2118-T107999.99,DELTA,61,250,64,50,999,yes,5,-20000
2025-05-21T14:02:33.607262,KXBTCD-25MAY2118-T107999.99,DELTA,61,250,64,50,1000,yes,9,20000
2025-05-21T14:02:34.593528,KXBTCD-25MAY2118-T107999.99,DELTA,61,250,64,50,1001,yes,8,-4050
2025-05-21T14:02:34.593731,KXBTCD-25MAY2118-T107999.99,DELTA,61,250,64,50,1002,yes,10,3240
2025-05-21T14:02:34.704456,KXBTCD-25MAY2118-T107999.99,DELTA,61,250,64,50,1003,yes,9,-20000
2025-05-21T14:02:34.731935,KXBTCD-25MAY2118-T107999.99,DELTA,61,250,64,50,1004,yes,11,20000
2025-05-21T14:02:35.617569,KXBTCD-25MAY2118-T107999.99,DELTA,61,250,64,50,1005,yes,10,-3240
2025-05-21T14:02:35.617788,KXBTCD-25MAY2118-T107999.99,DELTA,61,250,64,50,1006,yes,12,2700
2025-05-21T14:02:35.693361,KXBTCD-25MAY2118-T107999.99,DELTA,61,250,64,50,1007,yes,11,-20000
2025-05-21T14:02:35.732335,KXBTCD-25MAY2118-T107999.99,DELTA,61,250,64,50,1008,yes,5,20000
2025-05-21T14:02:36.745624,KXBTCD-25MAY2118-T107999.99,DELTA,61,250,64,50,1009,yes,12,-2700
2025-05-21T14:02:36.745815,KXBTCD-25MAY2118-T107999.99,DELTA,61,250,64,50,1010,yes,8,4050
2025-05-21T14:02:36.746055,KXBTCD-25MAY2118-T107999.99,DELTA,61,250,64,50,1011,no,10,-3240
2025-05-21T14:02:36.746119,KXBTCD-25MAY2118-T107999.99,DELTA,61,250,64,50,1012,no,11,2945
2025-05-21T14:02:36.746169,KXBTCD-25MAY2118-T107999.99,DELTA,61,250,64,50,1013,yes,5,-20000
2025-05-21T14:02:36.792902,KXBTCD-25MAY2118-T107999.99,DELTA,61,250,64,50,1014,no,11,-20000
2025-05-21T14:02:36.813298,KXBTCD-25MAY2118-T107999.99,DELTA,61,250,64,50,1015,yes,9,20000
2025-05-21T14:02:36.813450,KXBTCD-25MAY2118-T107999.99,DELTA,61,250,64,50,1016,no,11,-2000
2025-05-21T14:02:36.852596,KXBTCD-25MAY2118-T107999.99,DELTA,61,250,64,50,1017,no,12,2000
2025-05-21T14:02:38.572494,KXBTCD-25MAY2118-T107999.99,DELTA,61,250,64,50,1018,yes,60,-1000
2025-05-21T14:02:38.574926,KXBTCD-25MAY2118-T107999.99,DELTA,61,250,64,50,1019,no,34,-1000
2025-05-21T14:02:38.635028,KXBTCD-25MAY2118-T107999.99,DELTA,61,250,64,50,1020,no,33,1000
2025-05-21T14:02:38.641575,KXBTCD-25MAY2118-T107999.99,DELTA,61,1250,64,50,1021,yes,61,1000
2025-05-21T14:02:38.692127,KXBTCD-25MAY2118-T107999.99,DELTA,61,1250,64,50,1022,yes,35,9
2025-05-21T14:02:38.692297,KXBTCD-25MAY2118-T107999.99,DELTA,61,1250,64,50,1023,no,13,9
2025-05-21T14:02:40.276971,KXBTCD-25MAY2118-T107999.99,DELTA,61,1250,64,50,1024,yes,8,-4050
2025-05-21T14:02:40.277262,KXBTCD-25MAY2118-T107999.99,DELTA,61,1250,64,50,1025,yes,10,3240
2025-05-21T14:02:40.332661,KXBTCD-25MAY2118-T107999.99,DELTA,61,1250,64,50,1026,no,11,-2945
2025-05-21T14:02:40.332876,KXBTCD-25MAY2118-T107999.99,DELTA,61,1250,64,50,1027,no,10,3240
2025-05-21T14:02:40.358892,KXBTCD-25MAY2118-T107999.99,DELTA,61,1250,64,50,1028,yes,9,-20000
2025-05-21T14:02:40.393008,KXBTCD-25MAY2118-T107999.99,DELTA,61,1250,64,50,1029,yes,35,-9
2025-05-21T14:02:40.413041,KXBTCD-25MAY2118-T107999.99,DELTA,61,1250,64,50,1030,yes,11,20000
2025-05-21T14:02:40.413185,KXBTCD-25MAY2118-T107999.99,DELTA,61,1250,64,50,1031,no,13,-9
2025-05-21T14:02:40.413666,KXBTCD-25MAY2118-T107999.99,DELTA,61,1250,64,50,1032,no,12,-2000
2025-05-21T14:02:40.413723,KXBTCD-25MAY2118-T107999.99,DELTA,61,1250,64,50,1033,no,11,20000
2025-05-21T14:02:40.484730,KXBTCD-25MAY2118-T107999.99,DELTA,61,1250,64,50,1034,no,11,2000
2025-05-21T14:02:41.712707,KXBTCD-25MAY2118-T107999.99,DELTA,61,1250,64,50,1035,yes,60,-50
2025-05-21T14:02:41.752666,KXBTCD-25MAY2118-T107999.99,DELTA,61,1250,65,100,1036,no,36,-50
2025-05-21T14:02:42.792580,KXBTCD-25MAY2118-T107999.99,DELTA,61,1250,65,100,1037,yes,60,50
2025-05-21T14:02:42.913441,KXBTCD-25MAY2118-T107999.99,DELTA,61,1250,64,50,1038,no,36,50
2025-05-21T14:02:43.153086,KXBTCD-25MAY2118-T107999.99,DELTA,61,1250,64,50,1039,yes,10,-3240
2025-05-21T14:02:43.153306,KXBTCD-25MAY2118-T107999.99,DELTA,61,1250,64,50,1040,yes,12,2700
2025-05-21T14:02:43.213890,KXBTCD-25MAY2118-T107999.99,DELTA,61,1250,64,50,1041,no,10,-3240
2025-05-21T14:02:43.214032,KXBTCD-25MAY2118-T107999.99,DELTA,61,1250,64,50,1042,no,11,2945
2025-05-21T14:02:43.251896,KXBTCD-25MAY2118-T107999.99,DELTA,61,1250,64,50,1043,yes,11,-20000
2025-05-21T14:02:43.292579,KXBTCD-25MAY2118-T107999.99,DELTA,61,1250,64,50,1044,no,11,-20000
2025-05-21T14:02:43.312534,KXBTCD-25MAY2118-T107999.99,DELTA,61,1250,64,50,1045,no,11,-2000
2025-05-21T14:02:43.312687,KXBTCD-25MAY2118-T107999.99,DELTA,61,1250,64,50,1046,yes,5,20000
2025-05-21T14:02:43.353401,KXBTCD-25MAY2118-T107999.99,DELTA,61,1250,64,50,1047,no,12,2000
2025-05-21T14:02:44.272243,KXBTCD-25MAY2118-T107999.99,DELTA,61,1250,64,50,1048,yes,12,-2700
2025-05-21T14:02:44.272414,KXBTCD-25MAY2118-T107999.99,DELTA,61,1250,64,50,1049,yes,8,4050
2025-05-21T14:02:44.372839,KXBTCD-25MAY2118-T107999.99,DELTA,61,1250,64,50,1050,yes,5,-20000
2025-05-21T14:02:44.432959,KXBTCD-25MAY2118-T107999.99,DELTA,61,1250,64,50,1051,yes,9,20000
2025-05-21T14:02:44.452452,KXBTCD-25MAY2118-T107999.99,DELTA,61,1250,64,50,1052,yes,58,-100
2025-05-21T14:02:44.471999,KXBTCD-25MAY2118-T107999.99,DELTA,61,1250,64,50,1053,no,35,-100
2025-05-21T14:02:44.533995,KXBTCD-25MAY2118-T107999.99,DELTA,61,1250,67,1300,1054,no,36,-50
2025-05-21T14:02:44.534132,KXBTCD-25MAY2118-T107999.99,DELTA,61,1250,66,50,1055,no,34,50
2025-05-21T14:02:45.193097,KXBTCD-25MAY2118-T107999.99,DELTA,61,1244,66,50,1056,yes,61,-6
2025-05-21T14:02:45.274945,KXBTCD-25MAY2118-T107999.99,DELTA,61,1244,66,50,1057,yes,58,100
2025-05-21T14:02:45.275153,KXBTCD-25MAY2118-T107999.99,DELTA,61,1244,66,50,1058,yes,8,-4050
2025-05-21T14:02:45.275426,KXBTCD-25MAY2118-T107999.99,DELTA,61,1244,66,50,1059,yes,10,3240
2025-05-21T14:02:45.294461,KXBTCD-25MAY2118-T107999.99,DELTA,61,1244,66,150,1060,no,34,100
2025-05-21T14:02:45.352917,KXBTCD-25MAY2118-T107999.99,DELTA,61,1244,66,150,1061,yes,9,-20000
2025-05-21T14:02:45.412858,KXBTCD-25MAY2118-T107999.99,DELTA,61,1244,66,150,1062,yes,11,20000
2025-05-21T14:02:46.205497,KXBTCD-25MAY2118-T107999.99,DELTA,61,244,66,150,1063,yes,61,-1000
2025-05-21T14:02:46.232986,KXBTCD-25MAY2118-T107999.99,DELTA,62,1000,66,150,1064,yes,62,1000
2025-05-21T14:02:46.274037,KXBTCD-25MAY2118-T107999.99,DELTA,62,1000,66,150,1065,yes,35,9
2025-05-21T14:02:46.292170,KXBTCD-25MAY2118-T107999.99,DELTA,62,1000,66,150,1066,yes,10,-3240
2025-05-21T14:02:46.292321,KXBTCD-25MAY2118-T107999.99,DELTA,62,1000,66,150,1067,yes,12,2700
2025-05-21T14:02:46.352836,KXBTCD-25MAY2118-T107999.99,DELTA,61,244,66,150,1068,yes,62,-1000
2025-05-21T14:02:46.393339,KXBTCD-25MAY2118-T107999.99,DELTA,61,244,66,150,1069,yes,11,-20000
2025-05-21T14:02:46.432474,KXBTCD-25MAY2118-T107999.99,DELTA,61,244,66,150,1070,yes,5,20000
2025-05-21T14:02:46.472687,KXBTCD-25MAY2118-T107999.99,DELTA,61,1244,66,150,1071,yes,61,1000
2025-05-21T14:02:47.333167,KXBTCD-25MAY2118-T107999.99,DELTA,61,1244,66,150,1072,yes,12,-2700
2025-05-21T14:02:47.333356,KXBTCD-25MAY2118-T107999.99,DELTA,61,1244,66,150,1073,yes,8,4050
2025-05-21T14:02:47.413166,KXBTCD-25MAY2118-T107999.99,DELTA,61,1244,66,150,1074,yes,5,-20000
2025-05-21T14:02:47.451521,KXBTCD-25MAY2118-T107999.99,DELTA,61,1244,66,150,1075,yes,35,-9
2025-05-21T14:02:47.472499,KXBTCD-25MAY2118-T107999.99,DELTA,61,1244,66,150,1076,yes,9,20000
2025-05-21T14:02:48.613034,KXBTCD-25MAY2118-T107999.99,DELTA,61,1244,66,150,1077,yes,58,-100
2025-05-21T14:02:49.294809,KXBTCD-25MAY2118-T107999.99,DELTA,61,1244,66,150,1078,yes,58,100
2025-05-21T14:02:49.544254,KXBTCD-25MAY2118-T107999.99,DELTA,61,1244,66,150,1079,yes,58,-100
2025-05-21T14:02:50.911904,KXBTCD-25MAY2118-T107999.99,DELTA,61,1244,66,150,1080,yes,59,100
2025-05-21T14:02:50.912122,KXBTCD-25MAY2118-T107999.99,DELTA,61,1244,66,150,1081,yes,8,-4050
2025-05-21T14:02:50.912243,KXBTCD-25MAY2118-T107999.99,DELTA,61,1244,66,150,1082,yes,10,3240
2025-05-21T14:02:51.006300,KXBTCD-25MAY2118-T107999.99,DELTA,61,1244,66,150,1083,yes,9,-20000
2025-05-21T14:02:51.034126,KXBTCD-25MAY2118-T107999.99,DELTA,61,1244,66,150,1084,yes,11,20000
2025-05-21T14:02:54.152093,KXBTCD-25MAY2118-T107999.99,DELTA,61,1244,66,150,1085,yes,10,-3240
2025-05-21T14:02:54.152305,KXBTCD-25MAY2118-T107999.99,DELTA,61,1244,66,150,1086,yes,12,2700
2025-05-21T14:02:54.252045,KXBTCD-25MAY2118-T107999.99,DELTA,61,1244,66,150,1087,no,11,-2945
2025-05-21T14:02:54.252182,KXBTCD-25MAY2118-T107999.99,DELTA,61,1244,66,150,1088,no,12,2700
2025-05-21T14:02:54.292702,KXBTCD-25MAY2118-T107999.99,DELTA,61,1244,66,150,1089,yes,11,-20000
2025-05-21T14:02:54.412680,KXBTCD-25MAY2118-T107999.99,DELTA,61,1244,66,150,1090,no,12,-2000
2025-05-21T14:02:54.593371,KXBTCD-25MAY2118-T107999.99,DELTA,61,1244,66,150,1091,yes,5,20000
2025-05-21T14:02:54.594060,KXBTCD-25MAY2118-T107999.99,DELTA,61,1244,66,150,1092,no,13,2000
2025-05-21T14:02:55.513745,KXBTCD-25MAY2118-T107999.99,DELTA,61,1244,66,150,1093,yes,12,-2700
2025-05-21T14:02:55.513884,KXBTCD-25MAY2118-T107999.99,DELTA,61,1244,66,150,1094,yes,8,4050
2025-05-21T14:02:55.694515,KXBTCD-25MAY2118-T107999.99,DELTA,61,1244,66,150,1095,no,33,-1000
2025-05-21T14:02:55.696222,KXBTCD-25MAY2118-T107999.99,DELTA,61,1244,66,150,1096,no,12,-2700
2025-05-21T14:02:55.696290,KXBTCD-25MAY2118-T107999.99,DELTA,61,1244,66,150,1097,no,11,2945
2025-05-21T14:02:55.816035,KXBTCD-25MAY2118-T107999.99,DELTA,61,1244,66,150,1098,yes,5,-20000
2025-05-21T14:02:55.816150,KXBTCD-25MAY2118-T107999.99,DELTA,61,244,66,150,1099,yes,61,-1000
2025-05-21T14:02:55.816765,KXBTCD-25MAY2118-T107999.99,DELTA,61,244,65,1000,1100,no,35,1000
