timestamp,market_ticker,type,yes_bid_price_cents,yes_bid_qty,yes_ask_price_cents,yes_ask_qty_on_no_side,sequence_num,delta_side,delta_price_cents,delta_quantity
2025-05-20T11:00:58.280643,KXBTCD-25MAY2015-T106499.99,SNAPSHOT,21,1000,27,1000,1,,,
2025-05-20T11:00:58.565064,KXBTCD-25MAY2015-T106499.99,DELTA,21,1000,27,1000,2,yes,20,-100
2025-05-20T11:00:59.305516,KXBTCD-25MAY2015-T106499.99,DELTA,21,1000,27,1000,3,yes,20,-5000
2025-05-20T11:00:59.306318,KXBTCD-25MAY2015-T106499.99,DELTA,21,1000,27,1000,4,no,71,-5000
2025-05-20T11:00:59.510454,KXBTCD-25MAY2015-T106499.99,DELTA,21,1000,27,1000,5,yes,20,-20000
2025-05-20T11:00:59.523714,KXBTCD-25MAY2015-T106499.99,DELTA,16,14,27,1000,6,yes,21,-1000
2025-05-20T11:00:59.584106,KXBTCD-25MAY2015-T106499.99,DELTA,16,14,27,1000,7,no,72,-20000
2025-05-20T11:00:59.608652,KXBTCD-25MAY2015-T106499.99,DELTA,16,14,27,1000,8,no,71,-2000
2025-05-20T11:00:59.609629,KXBTCD-25MAY2015-T106499.99,DELTA,16,14,27,1000,9,no,71,-1250
2025-05-20T11:00:59.904197,KXBTCD-25MAY2015-T106499.99,DELTA,16,14,27,1000,10,yes,7,20000
2025-05-20T11:00:59.923924,KXBTCD-25MAY2015-T106499.99,DELTA,16,14,27,1000,11,yes,7,1000
2025-05-20T11:00:59.924364,KXBTCD-25MAY2015-T106499.99,DELTA,21,100,27,1000,12,yes,21,100
2025-05-20T11:01:00.229150,KXBTCD-25MAY2015-T106499.99,DELTA,21,100,27,1000,13,no,20,2000
2025-05-20T11:01:00.229985,KXBTCD-25MAY2015-T106499.99,DELTA,21,100,27,1000,14,yes,7,-1000
2025-05-20T11:01:00.262877,KXBTCD-25MAY2015-T106499.99,DELTA,21,1100,27,1000,15,yes,21,1000
2025-05-20T11:01:01.867702,KXBTCD-25MAY2015-T106499.99,DELTA,21,1100,27,1000,16,no,71,5000
2025-05-20T11:01:01.868451,KXBTCD-25MAY2015-T106499.99,DELTA,21,1100,27,1000,17,yes,20,5000
2025-05-20T11:01:02.022662,KXBTCD-25MAY2015-T106499.99,DELTA,21,1100,27,1000,18,no,20,-2000
2025-05-20T11:01:02.043483,KXBTCD-25MAY2015-T106499.99,DELTA,21,1100,27,1000,19,no,71,1250
2025-05-20T11:01:02.063428,KXBTCD-25MAY2015-T106499.99,DELTA,21,1100,27,1000,20,no,72,20000
2025-05-20T11:01:02.082537,KXBTCD-25MAY2015-T106499.99,DELTA,21,1100,27,1000,21,yes,7,-20000
2025-05-20T11:01:02.363563,KXBTCD-25MAY2015-T106499.99,DELTA,21,1100,27,1000,22,yes,20,-5000
2025-05-20T11:01:02.364602,KXBTCD-25MAY2015-T106499.99,DELTA,21,6100,27,1000,23,yes,21,5000
2025-05-20T11:01:02.444897,KXBTCD-25MAY2015-T106499.99,DELTA,21,6100,27,1000,24,no,71,-1250
2025-05-20T11:01:02.943843,KXBTCD-25MAY2015-T106499.99,DELTA,21,6100,27,1000,25,yes,7,20000
2025-05-20T11:01:03.002151,KXBTCD-25MAY2015-T106499.99,DELTA,21,6100,27,1000,26,no,71,2000
2025-05-20T11:01:03.811610,KXBTCD-25MAY2015-T106499.99,DELTA,21,1100,27,1000,27,yes,21,-5000
2025-05-20T11:01:03.812519,KXBTCD-25MAY2015-T106499.99,DELTA,21,1100,27,1000,28,yes,20,5000
2025-05-20T11:01:03.813741,KXBTCD-25MAY2015-T106499.99,DELTA,21,1100,27,1000,29,no,71,1250
2025-05-20T11:01:03.843716,KXBTCD-25MAY2015-T106499.99,DELTA,21,1100,27,1000,30,yes,7,-20000
2025-05-20T11:01:03.962347,KXBTCD-25MAY2015-T106499.99,DELTA,21,1100,27,1000,31,yes,20,20000
2025-05-20T11:01:04.042267,KXBTCD-25MAY2015-T106499.99,DELTA,21,1100,27,1000,32,no,71,-1250
2025-05-20T11:01:04.102176,KXBTCD-25MAY2015-T106499.99,DELTA,21,1100,27,1000,33,no,71,1250
2025-05-20T11:01:05.352341,KXBTCD-25MAY2015-T106499.99,DELTA,21,1100,27,1000,34,yes,20,-20000
2025-05-20T11:01:05.353298,KXBTCD-25MAY2015-T106499.99,DELTA,21,100,27,1000,35,yes,21,-1000
2025-05-20T11:01:05.353946,KXBTCD-25MAY2015-T106499.99,DELTA,21,100,27,1000,36,no,71,-2000
2025-05-20T11:01:05.354624,KXBTCD-25MAY2015-T106499.99,DELTA,21,100,27,1000,37,no,71,-1250
2025-05-20T11:01:05.355276,KXBTCD-25MAY2015-T106499.99,DELTA,21,100,27,1000,38,yes,7,20000
2025-05-20T11:01:05.355820,KXBTCD-25MAY2015-T106499.99,DELTA,21,100,27,1000,39,no,72,2000
2025-05-20T11:01:05.356307,KXBTCD-25MAY2015-T106499.99,DELTA,21,100,27,1000,40,no,72,1250
2025-05-20T11:01:05.364611,KXBTCD-25MAY2015-T106499.99,DELTA,21,100,27,1000,41,yes,20,1000
2025-05-20T11:01:07.923091,KXBTCD-25MAY2015-T106499.99,DELTA,21,100,27,1000,42,no,72,-1250
2025-05-20T11:01:08.346111,KXBTCD-25MAY2015-T106499.99,DELTA,21,100,27,1000,43,yes,20,-5000
2025-05-20T11:01:08.347098,KXBTCD-25MAY2015-T106499.99,DELTA,21,100,27,1000,44,no,71,1250
2025-05-20T11:01:08.347706,KXBTCD-25MAY2015-T106499.99,DELTA,21,100,27,1000,45,yes,7,-20000
2025-05-20T11:01:08.348226,KXBTCD-25MAY2015-T106499.99,DELTA,21,100,27,1000,46,yes,20,-1000
2025-05-20T11:01:08.403466,KXBTCD-25MAY2015-T106499.99,DELTA,21,100,27,1000,47,no,71,-5000
2025-05-20T11:01:08.424800,KXBTCD-25MAY2015-T106499.99,DELTA,21,100,27,1000,48,no,72,-2000
2025-05-20T11:01:08.705133,KXBTCD-25MAY2015-T106499.99,DELTA,21,100,27,1000,49,yes,7,20000
2025-05-20T11:01:08.706113,KXBTCD-25MAY2015-T106499.99,DELTA,21,1100,27,1000,50,yes,21,1000
2025-05-20T11:01:08.706923,KXBTCD-25MAY2015-T106499.99,DELTA,21,1100,27,1000,51,no,20,2000
2025-05-20T11:01:08.712404,KXBTCD-25MAY2015-T106499.99,DELTA,21,6100,27,1000,52,yes,21,5000
2025-05-20T11:01:08.828843,KXBTCD-25MAY2015-T106499.99,DELTA,21,6100,27,1000,53,no,70,5000
2025-05-20T11:01:09.023722,KXBTCD-25MAY2015-T106499.99,DELTA,21,6100,27,1000,54,no,19,-1705
2025-05-20T11:01:09.024588,KXBTCD-25MAY2015-T106499.99,DELTA,21,6100,27,1000,55,no,21,1542
2025-05-20T11:01:09.203524,KXBTCD-25MAY2015-T106499.99,DELTA,21,6100,27,1000,56,no,72,-20000
2025-05-20T11:01:09.301624,KXBTCD-25MAY2015-T106499.99,DELTA,21,6100,27,1000,57,no,71,-1250
2025-05-20T11:01:09.506377,KXBTCD-25MAY2015-T106499.99,DELTA,21,6100,27,1000,58,no,20,-2000
2025-05-20T11:01:09.622026,KXBTCD-25MAY2015-T106499.99,DELTA,21,6100,27,1000,59,no,70,1250
2025-05-20T11:01:09.622300,KXBTCD-25MAY2015-T106499.99,DELTA,21,6100,27,1000,60,no,71,20000
2025-05-20T11:01:09.723398,KXBTCD-25MAY2015-T106499.99,DELTA,21,6100,27,1000,61,no,72,-100
2025-05-20T11:01:09.801954,KXBTCD-25MAY2015-T106499.99,DELTA,21,6000,27,1000,62,yes,21,-100
2025-05-20T11:01:09.903711,KXBTCD-25MAY2015-T106499.99,DELTA,21,6000,28,14,63,no,73,-1000
2025-05-20T11:01:09.924962,KXBTCD-25MAY2015-T106499.99,DELTA,21,6000,28,14,64,no,70,-1250
2025-05-20T11:01:10.023998,KXBTCD-25MAY2015-T106499.99,DELTA,21,6000,28,14,65,no,71,1250
2025-05-20T11:01:10.024445,KXBTCD-25MAY2015-T106499.99,DELTA,21,6000,28,14,66,no,71,1000
2025-05-20T11:01:10.501140,KXBTCD-25MAY2015-T106499.99,DELTA,21,6000,28,14,67,no,71,2000
2025-05-20T11:01:10.541681,KXBTCD-25MAY2015-T106499.99,DELTA,21,6000,28,14,68,no,71,-1250
2025-05-20T11:01:10.701350,KXBTCD-25MAY2015-T106499.99,DELTA,21,6000,28,14,69,no,70,1250
2025-05-20T11:01:10.902664,KXBTCD-25MAY2015-T106499.99,DELTA,21,6100,28,14,70,yes,21,100
2025-05-20T11:01:10.921896,KXBTCD-25MAY2015-T106499.99,DELTA,21,6100,28,14,71,no,71,100
2025-05-20T11:01:11.021891,KXBTCD-25MAY2015-T106499.99,DELTA,21,6100,28,14,72,no,71,-1000
2025-05-20T11:01:11.082309,KXBTCD-25MAY2015-T106499.99,DELTA,21,6100,28,1014,73,no,72,1000
2025-05-20T11:01:11.596593,KXBTCD-25MAY2015-T106499.99,DELTA,21,6000,28,1014,74,yes,21,-100
2025-05-20T11:01:12.263828,KXBTCD-25MAY2015-T106499.99,DELTA,21,6000,28,1014,75,no,21,-1542
2025-05-20T11:01:12.264908,KXBTCD-25MAY2015-T106499.99,DELTA,21,6000,28,1014,76,no,19,1705
2025-05-20T11:01:12.644389,KXBTCD-25MAY2015-T106499.99,DELTA,21,6100,28,1014,77,yes,21,100
2025-05-20T11:01:13.641818,KXBTCD-25MAY2015-T106499.99,DELTA,21,6100,28,1014,78,no,70,-1250
2025-05-20T11:01:13.684877,KXBTCD-25MAY2015-T106499.99,DELTA,21,1100,28,1014,79,yes,21,-5000
2025-05-20T11:01:13.908421,KXBTCD-25MAY2015-T106499.99,DELTA,21,1100,28,1014,80,no,70,-5000
2025-05-20T11:01:13.909277,KXBTCD-25MAY2015-T106499.99,DELTA,21,1100,28,1014,81,no,71,1250
2025-05-20T11:01:13.910410,KXBTCD-25MAY2015-T106499.99,DELTA,21,100,28,1014,82,yes,21,-1000
2025-05-20T11:01:14.358343,KXBTCD-25MAY2015-T106499.99,DELTA,21,100,28,1014,83,no,71,5000
2025-05-20T11:01:14.359263,KXBTCD-25MAY2015-T106499.99,DELTA,21,100,28,1014,84,yes,7,1000
2025-05-20T11:01:14.359783,KXBTCD-25MAY2015-T106499.99,DELTA,21,100,28,1014,85,yes,20,5000
2025-05-20T11:01:14.443976,KXBTCD-25MAY2015-T106499.99,DELTA,21,100,28,1014,86,no,71,-100
2025-05-20T11:01:14.624236,KXBTCD-25MAY2015-T106499.99,DELTA,21,100,28,1014,87,no,71,-20000
2025-05-20T11:01:14.643991,KXBTCD-25MAY2015-T106499.99,DELTA,21,100,28,1014,88,no,71,-2000
2025-05-20T11:01:14.644899,KXBTCD-25MAY2015-T106499.99,DELTA,21,100,28,1014,89,no,71,-1250
2025-05-20T11:01:14.685811,KXBTCD-25MAY2015-T106499.99,DELTA,21,100,28,1014,90,yes,17,9
2025-05-20T11:01:14.861875,KXBTCD-25MAY2015-T106499.99,DELTA,21,100,28,1014,91,yes,7,-1000
2025-05-20T11:01:16.102071,KXBTCD-25MAY2015-T106499.99,DELTA,21,100,28,3014,92,no,72,2000
2025-05-20T11:01:16.102887,KXBTCD-25MAY2015-T106499.99,DELTA,21,100,28,23014,93,no,72,20000
2025-05-20T11:01:16.103419,KXBTCD-25MAY2015-T106499.99,DELTA,21,100,28,23014,94,yes,20,1000
2025-05-20T11:01:16.123041,KXBTCD-25MAY2015-T106499.99,DELTA,21,100,28,23114,95,no,72,100
2025-05-20T11:01:16.141684,KXBTCD-25MAY2015-T106499.99,DELTA,21,100,28,23114,96,no,71,1250
2025-05-20T11:01:16.181942,KXBTCD-25MAY2015-T106499.99,DELTA,21,100,28,22114,97,no,72,-1000
2025-05-20T11:01:16.262210,KXBTCD-25MAY2015-T106499.99,DELTA,21,100,27,1000,98,no,73,1000
2025-05-20T11:01:16.422834,KXBTCD-25MAY2015-T106499.99,DELTA,21,100,27,1000,99,no,71,-1250
2025-05-20T11:01:16.503078,KXBTCD-25MAY2015-T106499.99,DELTA,21,100,27,1000,100,no,72,1250
2025-05-20T11:01:18.924463,KXBTCD-25MAY2015-T106499.99,DELTA,21,100,27,1000,101,yes,20,-1000
2025-05-20T11:01:18.942387,KXBTCD-25MAY2015-T106499.99,DELTA,21,100,27,1000,102,no,18,-8000
2025-05-20T11:01:19.002269,KXBTCD-25MAY2015-T106499.99,DELTA,21,100,27,1000,103,no,23,8000
2025-05-20T11:01:19.003141,KXBTCD-25MAY2015-T106499.99,DELTA,21,100,27,1000,104,yes,20,-5000
2025-05-20T11:01:19.003724,KXBTCD-25MAY2015-T106499.99,DELTA,21,100,27,1000,105,yes,19,5000
2025-05-20T11:01:19.004242,KXBTCD-25MAY2015-T106499.99,DELTA,21,100,27,1000,106,yes,7,1000
2025-05-20T11:01:19.021884,KXBTCD-25MAY2015-T106499.99,DELTA,21,100,27,1000,107,no,71,-5000
2025-05-20T11:01:19.022689,KXBTCD-25MAY2015-T106499.99,DELTA,21,100,27,1000,108,no,72,5000
2025-05-20T11:01:19.042365,KXBTCD-25MAY2015-T106499.99,DELTA,21,100,27,1000,109,yes,17,-9
2025-05-20T11:01:19.124171,KXBTCD-25MAY2015-T106499.99,DELTA,21,100,27,1000,110,yes,7,-1000
2025-05-20T11:01:19.164888,KXBTCD-25MAY2015-T106499.99,DELTA,21,100,27,1000,111,no,72,-20000
2025-05-20T11:01:19.166073,KXBTCD-25MAY2015-T106499.99,DELTA,21,100,27,1000,112,no,72,-2000
2025-05-20T11:01:19.182241,KXBTCD-25MAY2015-T106499.99,DELTA,21,100,27,1000,113,no,72,-1250
2025-05-20T11:01:19.202623,KXBTCD-25MAY2015-T106499.99,DELTA,21,100,27,1000,114,yes,19,1000
2025-05-20T11:01:19.282823,KXBTCD-25MAY2015-T106499.99,DELTA,21,100,27,3000,115,no,73,2000
2025-05-20T11:01:19.302369,KXBTCD-25MAY2015-T106499.99,DELTA,21,100,27,4250,116,no,73,1250
2025-05-20T11:01:19.303114,KXBTCD-25MAY2015-T106499.99,DELTA,21,100,27,24250,117,no,73,20000
2025-05-20T11:01:19.523710,KXBTCD-25MAY2015-T106499.99,DELTA,21,100,27,24250,118,no,72,-100
2025-05-20T11:01:19.525111,KXBTCD-25MAY2015-T106499.99,DELTA,19,6000,27,24250,119,yes,21,-100
2025-05-20T11:01:20.502936,KXBTCD-25MAY2015-T106499.99,DELTA,19,6100,27,24250,120,yes,19,100
2025-05-20T11:01:20.503801,KXBTCD-25MAY2015-T106499.99,DELTA,19,6100,27,24350,121,no,73,100
2025-05-20T11:01:20.602598,KXBTCD-25MAY2015-T106499.99,DELTA,19,6100,27,23350,122,no,73,-1000
2025-05-20T11:01:20.662906,KXBTCD-25MAY2015-T106499.99,DELTA,19,6100,26,1000,123,no,74,1000
2025-05-20T11:01:21.021848,KXBTCD-25MAY2015-T106499.99,DELTA,19,6100,26,1000,124,no,19,-1705
2025-05-20T11:01:21.022192,KXBTCD-25MAY2015-T106499.99,DELTA,19,6100,26,1000,125,no,24,1350
2025-05-20T11:01:21.141544,KXBTCD-25MAY2015-T106499.99,DELTA,19,1100,26,1000,126,yes,19,-5000
2025-05-20T11:01:21.141836,KXBTCD-25MAY2015-T106499.99,DELTA,19,1100,26,1000,127,yes,18,5000
2025-05-20T11:01:21.161891,KXBTCD-25MAY2015-T106499.99,DELTA,19,1100,26,1000,128,no,72,-5000
2025-05-20T11:01:21.162098,KXBTCD-25MAY2015-T106499.99,DELTA,19,1100,26,1000,129,no,73,5000
2025-05-20T11:01:21.202222,KXBTCD-25MAY2015-T106499.99,DELTA,19,1100,26,1000,130,yes,7,-20000
2025-05-20T11:01:21.221808,KXBTCD-25MAY2015-T106499.99,DELTA,19,1100,26,1000,131,no,73,-20000
2025-05-20T11:01:21.282863,KXBTCD-25MAY2015-T106499.99,DELTA,19,1100,26,1000,132,yes,18,20000
2025-05-20T11:01:21.302052,KXBTCD-25MAY2015-T106499.99,DELTA,19,1100,26,21000,133,no,74,20000
2025-05-20T11:01:21.342469,KXBTCD-25MAY2015-T106499.99,DELTA,19,1100,26,21000,134,yes,18,-20000
2025-05-20T11:01:21.362810,KXBTCD-25MAY2015-T106499.99,DELTA,19,100,26,21000,135,yes,19,-1000
2025-05-20T11:01:21.363678,KXBTCD-25MAY2015-T106499.99,DELTA,19,100,26,21000,136,no,73,-2000
2025-05-20T11:01:21.364356,KXBTCD-25MAY2015-T106499.99,DELTA,19,100,26,21000,137,no,73,-1250
2025-05-20T11:01:21.423098,KXBTCD-25MAY2015-T106499.99,DELTA,19,100,26,23000,138,no,74,2000
2025-05-20T11:01:21.424221,KXBTCD-25MAY2015-T106499.99,DELTA,19,100,26,23000,139,yes,18,1000
2025-05-20T11:01:21.424921,KXBTCD-25MAY2015-T106499.99,DELTA,19,100,26,24250,140,no,74,1250
2025-05-20T11:01:21.425514,KXBTCD-25MAY2015-T106499.99,DELTA,19,100,26,24250,141,yes,7,20000
2025-05-20T11:01:22.023117,KXBTCD-25MAY2015-T106499.99,DELTA,19,100,26,24250,142,yes,16,-14
2025-05-20T11:01:22.042232,KXBTCD-25MAY2015-T106499.99,DELTA,19,100,26,24250,143,yes,15,14
2025-05-20T11:01:22.042807,KXBTCD-25MAY2015-T106499.99,DELTA,19,100,26,24250,144,no,72,-14
2025-05-20T11:01:22.044914,KXBTCD-25MAY2015-T106499.99,DELTA,19,100,26,24264,145,no,74,14
2025-05-20T11:01:23.104043,KXBTCD-25MAY2015-T106499.99,DELTA,19,100,26,24264,146,yes,6,-5400
2025-05-20T11:01:23.105121,KXBTCD-25MAY2015-T106499.99,DELTA,19,100,26,24264,147,yes,5,6480
2025-05-20T11:01:23.183301,KXBTCD-25MAY2015-T106499.99,DELTA,19,100,26,24264,148,no,73,-100
2025-05-20T11:01:23.204475,KXBTCD-25MAY2015-T106499.99,DELTA,19,100,26,24264,149,yes,7,-20000
2025-05-20T11:01:23.205606,KXBTCD-25MAY2015-T106499.99,DELTA,19,100,26,24264,150,yes,7,-2000
2025-05-20T11:01:23.223856,KXBTCD-25MAY2015-T106499.99,DELTA,19,100,26,24264,151,yes,7,-1250
2025-05-20T11:01:23.284564,KXBTCD-25MAY2015-T106499.99,DELTA,19,100,26,24264,152,yes,6,20000
2025-05-20T11:01:23.285850,KXBTCD-25MAY2015-T106499.99,DELTA,19,100,26,24264,153,yes,6,1250
2025-05-20T11:01:23.286658,KXBTCD-25MAY2015-T106499.99,DELTA,19,100,26,24264,154,yes,6,2000
2025-05-20T11:01:24.086645,KXBTCD-25MAY2015-T106499.99,DELTA,19,100,26,24364,155,no,74,100
2025-05-20T11:01:24.123758,KXBTCD-25MAY2015-T106499.99,DELTA,19,100,26,23364,156,no,74,-1000
2025-05-20T11:01:24.183333,KXBTCD-25MAY2015-T106499.99,DELTA,19,100,25,1000,157,no,75,1000
2025-05-20T11:01:24.282926,KXBTCD-25MAY2015-T106499.99,DELTA,19,100,25,1000,158,yes,5,-6480
2025-05-20T11:01:24.283792,KXBTCD-25MAY2015-T106499.99,DELTA,19,100,25,1000,159,yes,4,8100
2025-05-20T11:01:24.342380,KXBTCD-25MAY2015-T106499.99,DELTA,19,100,25,1000,160,yes,6,-20000
2025-05-20T11:01:24.361541,KXBTCD-25MAY2015-T106499.99,DELTA,19,100,25,1000,161,yes,6,-2000
2025-05-20T11:01:24.362060,KXBTCD-25MAY2015-T106499.99,DELTA,19,100,25,1000,162,yes,6,-1250
2025-05-20T11:01:24.402086,KXBTCD-25MAY2015-T106499.99,DELTA,19,100,25,1000,163,yes,5,2000
2025-05-20T11:01:24.402338,KXBTCD-25MAY2015-T106499.99,DELTA,19,100,25,1000,164,yes,5,1250
2025-05-20T11:01:24.441872,KXBTCD-25MAY2015-T106499.99,DELTA,19,100,25,1000,165,yes,5,20000
2025-05-20T11:01:25.340902,KXBTCD-25MAY2015-T106499.99,DELTA,19,100,25,1000,166,yes,4,-8100
2025-05-20T11:01:25.341143,KXBTCD-25MAY2015-T106499.99,DELTA,19,100,25,1000,167,yes,3,10800
2025-05-20T11:01:25.423169,KXBTCD-25MAY2015-T106499.99,DELTA,19,100,25,1000,168,yes,5,-20000
2025-05-20T11:01:25.423426,KXBTCD-25MAY2015-T106499.99,DELTA,19,100,25,1000,169,yes,5,-2000
2025-05-20T11:01:25.441153,KXBTCD-25MAY2015-T106499.99,DELTA,19,100,25,1000,170,yes,5,-1250
2025-05-20T11:01:25.501845,KXBTCD-25MAY2015-T106499.99,DELTA,19,100,25,1000,171,yes,4,2000
2025-05-20T11:01:25.502263,KXBTCD-25MAY2015-T106499.99,DELTA,19,100,25,1000,172,yes,4,1250
2025-05-20T11:01:25.540933,KXBTCD-25MAY2015-T106499.99,DELTA,19,100,25,1000,173,yes,4,20000
2025-05-20T11:01:26.603855,KXBTCD-25MAY2015-T106499.99,DELTA,19,100,25,1000,174,yes,18,-5000
2025-05-20T11:01:26.604673,KXBTCD-25MAY2015-T106499.99,DELTA,19,100,25,1000,175,yes,17,5000
2025-05-20T11:01:26.623185,KXBTCD-25MAY2015-T106499.99,DELTA,19,100,25,1000,176,no,73,-5000
2025-05-20T11:01:26.623736,KXBTCD-25MAY2015-T106499.99,DELTA,19,100,25,1000,177,no,74,5000
2025-05-20T11:01:26.703422,KXBTCD-25MAY2015-T106499.99,DELTA,19,100,25,1000,178,yes,18,-1000
2025-05-20T11:01:26.703979,KXBTCD-25MAY2015-T106499.99,DELTA,19,100,25,1000,179,no,74,-20000
2025-05-20T11:01:26.704153,KXBTCD-25MAY2015-T106499.99,DELTA,19,100,25,1000,180,yes,5,-3000
2025-05-20T11:01:26.724160,KXBTCD-25MAY2015-T106499.99,DELTA,19,100,25,1000,181,no,74,-2000
2025-05-20T11:01:26.824321,KXBTCD-25MAY2015-T106499.99,DELTA,19,100,25,1000,182,no,74,-1250
2025-05-20T11:01:26.825192,KXBTCD-25MAY2015-T106499.99,DELTA,19,100,25,1000,183,yes,1,3000
2025-05-20T11:01:26.825487,KXBTCD-25MAY2015-T106499.99,DELTA,19,100,25,1000,184,yes,17,1000
2025-05-20T11:01:27.126256,KXBTCD-25MAY2015-T106499.99,DELTA,19,100,25,3000,185,no,75,2000
2025-05-20T11:01:27.127495,KXBTCD-25MAY2015-T106499.99,DELTA,19,100,25,23000,186,no,75,20000
2025-05-20T11:01:27.128111,KXBTCD-25MAY2015-T106499.99,DELTA,19,100,25,24250,187,no,75,1250
2025-05-20T11:01:27.223169,KXBTCD-25MAY2015-T106499.99,DELTA,19,100,25,24250,188,yes,17,-1000
2025-05-20T11:01:27.302029,KXBTCD-25MAY2015-T106499.99,DELTA,19,100,25,24250,189,no,74,-100
2025-05-20T11:01:27.323610,KXBTCD-25MAY2015-T106499.99,DELTA,17,5000,25,24250,190,yes,19,-100
2025-05-20T11:01:27.502215,KXBTCD-25MAY2015-T106499.99,DELTA,17,6000,25,24250,191,yes,17,1000
2025-05-20T11:01:27.603409,KXBTCD-25MAY2015-T106499.99,DELTA,17,1000,25,24250,192,yes,17,-5000
2025-05-20T11:01:27.604050,KXBTCD-25MAY2015-T106499.99,DELTA,17,1000,25,24250,193,yes,16,5000
2025-05-20T11:01:27.623992,KXBTCD-25MAY2015-T106499.99,DELTA,17,1000,25,24250,194,yes,13,14
2025-05-20T11:01:27.624426,KXBTCD-25MAY2015-T106499.99,DELTA,16,5000,25,24250,195,yes,17,-1000
2025-05-20T11:01:27.704898,KXBTCD-25MAY2015-T106499.99,DELTA,16,5000,25,24250,196,yes,15,-14
2025-05-20T11:01:27.705520,KXBTCD-25MAY2015-T106499.99,DELTA,16,5000,25,24250,197,no,74,-5000
2025-05-20T11:01:27.705763,KXBTCD-25MAY2015-T106499.99,DELTA,16,5000,25,29250,198,no,75,5000
2025-05-20T11:01:27.705909,KXBTCD-25MAY2015-T106499.99,DELTA,16,5000,24,14,199,no,76,14
2025-05-20T11:01:27.802102,KXBTCD-25MAY2015-T106499.99,DELTA,16,5000,24,14,200,no,74,-14
2025-05-20T11:01:27.903210,KXBTCD-25MAY2015-T106499.99,DELTA,16,6000,24,14,201,yes,16,1000
2025-05-20T11:01:27.904456,KXBTCD-25MAY2015-T106499.99,DELTA,16,6000,24,14,202,no,75,-20000
2025-05-20T11:01:27.904623,KXBTCD-25MAY2015-T106499.99,DELTA,16,6000,24,14,203,no,75,-2000
2025-05-20T11:01:27.923230,KXBTCD-25MAY2015-T106499.99,DELTA,16,6000,24,14,204,no,75,-1000
2025-05-20T11:01:28.023124,KXBTCD-25MAY2015-T106499.99,DELTA,16,6000,24,14,205,no,75,-1250
2025-05-20T11:01:28.209602,KXBTCD-25MAY2015-T106499.99,DELTA,16,6000,24,2014,206,no,76,2000
2025-05-20T11:01:28.210921,KXBTCD-25MAY2015-T106499.99,DELTA,16,6000,24,3014,207,no,76,1000
2025-05-20T11:01:28.211466,KXBTCD-25MAY2015-T106499.99,DELTA,16,6000,24,4264,208,no,76,1250
2025-05-20T11:01:28.211976,KXBTCD-25MAY2015-T106499.99,DELTA,16,6000,24,24264,209,no,76,20000
2025-05-20T11:01:28.603740,KXBTCD-25MAY2015-T106499.99,DELTA,16,6100,24,24264,210,yes,16,100
2025-05-20T11:01:28.621815,KXBTCD-25MAY2015-T106499.99,DELTA,16,6100,24,24364,211,no,76,100
2025-05-20T11:01:28.681999,KXBTCD-25MAY2015-T106499.99,DELTA,16,6100,24,23364,212,no,76,-1000
2025-05-20T11:01:28.727328,KXBTCD-25MAY2015-T106499.99,DELTA,16,6100,23,1000,213,no,77,1000
2025-05-20T11:01:29.422841,KXBTCD-25MAY2015-T106499.99,DELTA,16,6000,23,1000,214,yes,16,-100
2025-05-20T11:01:29.643195,KXBTCD-25MAY2015-T106499.99,DELTA,16,5000,23,1000,215,yes,16,-1000
2025-05-20T11:01:29.742997,KXBTCD-25MAY2015-T106499.99,DELTA,16,6000,23,1000,216,yes,16,1000
2025-05-20T11:01:30.222048,KXBTCD-25MAY2015-T106499.99,DELTA,16,6100,23,1000,217,yes,16,100
2025-05-20T11:01:30.564553,KXBTCD-25MAY2015-T106499.99,DELTA,16,6000,23,1000,218,yes,16,-100
2025-05-20T11:01:31.003214,KXBTCD-25MAY2015-T106499.99,DELTA,16,6000,23,1000,219,yes,3,-10800
2025-05-20T11:01:31.003448,KXBTCD-25MAY2015-T106499.99,DELTA,16,6000,23,1000,220,yes,2,16200
2025-05-20T11:01:31.102402,KXBTCD-25MAY2015-T106499.99,DELTA,16,6000,23,1000,221,yes,4,-20000
2025-05-20T11:01:31.123379,KXBTCD-25MAY2015-T106499.99,DELTA,16,6000,23,1000,222,yes,4,-2000
2025-05-20T11:01:31.123602,KXBTCD-25MAY2015-T106499.99,DELTA,16,6000,23,1000,223,yes,4,-1250
2025-05-20T11:01:31.182115,KXBTCD-25MAY2015-T106499.99,DELTA,16,5000,23,1000,224,yes,16,-1000
2025-05-20T11:01:31.222618,KXBTCD-25MAY2015-T106499.99,DELTA,16,5000,23,1000,225,yes,3,20000
2025-05-20T11:01:31.222815,KXBTCD-25MAY2015-T106499.99,DELTA,16,5000,23,1000,226,yes,3,2000
2025-05-20T11:01:31.222887,KXBTCD-25MAY2015-T106499.99,DELTA,16,5000,23,1000,227,yes,3,1250
2025-05-20T11:01:31.322647,KXBTCD-25MAY2015-T106499.99,DELTA,16,6000,23,1000,228,yes,16,1000
2025-05-20T11:01:31.483247,KXBTCD-25MAY2015-T106499.99,DELTA,16,5000,23,1000,229,yes,16,-1000
2025-05-20T11:01:31.523256,KXBTCD-25MAY2015-T106499.99,DELTA,16,5100,23,1000,230,yes,16,100
2025-05-20T11:01:31.542451,KXBTCD-25MAY2015-T106499.99,DELTA,16,6100,23,1000,231,yes,16,1000
2025-05-20T11:01:31.602730,KXBTCD-25MAY2015-T106499.99,DELTA,16,5100,23,1000,232,yes,16,-1000
2025-05-20T11:01:31.642203,KXBTCD-25MAY2015-T106499.99,DELTA,16,5100,23,1000,233,yes,3,1000
2025-05-20T11:01:31.742789,KXBTCD-25MAY2015-T106499.99,DELTA,16,100,23,1000,234,yes,16,-5000
2025-05-20T11:01:31.743190,KXBTCD-25MAY2015-T106499.99,DELTA,16,100,23,1000,235,yes,15,5000
2025-05-20T11:01:31.743304,KXBTCD-25MAY2015-T106499.99,DELTA,16,100,23,1000,236,no,75,-5000
2025-05-20T11:01:31.743386,KXBTCD-25MAY2015-T106499.99,DELTA,16,100,23,1000,237,no,76,5000
2025-05-20T11:01:31.826825,KXBTCD-25MAY2015-T106499.99,DELTA,16,100,23,1000,238,yes,3,-1000
2025-05-20T11:01:31.827168,KXBTCD-25MAY2015-T106499.99,DELTA,16,100,23,1000,239,no,76,-20000
2025-05-20T11:01:31.842562,KXBTCD-25MAY2015-T106499.99,DELTA,16,100,23,1000,240,no,76,-2000
2025-05-20T11:01:31.843307,KXBTCD-25MAY2015-T106499.99,DELTA,16,100,23,1000,241,no,76,-1250
2025-05-20T11:01:31.962796,KXBTCD-25MAY2015-T106499.99,DELTA,16,100,23,1000,242,no,76,1250
2025-05-20T11:01:31.963387,KXBTCD-25MAY2015-T106499.99,DELTA,16,100,23,1000,243,no,76,2000
2025-05-20T11:01:31.963704,KXBTCD-25MAY2015-T106499.99,DELTA,16,100,23,21000,244,no,77,20000
2025-05-20T11:01:31.963810,KXBTCD-25MAY2015-T106499.99,DELTA,16,1100,23,21000,245,yes,16,1000
2025-05-20T11:01:31.963883,KXBTCD-25MAY2015-T106499.99,DELTA,16,1100,23,21000,246,yes,3,-20000
2025-05-20T11:01:32.002579,KXBTCD-25MAY2015-T106499.99,DELTA,16,1100,23,21000,247,no,76,-5000
2025-05-20T11:01:32.002936,KXBTCD-25MAY2015-T106499.99,DELTA,16,1100,23,21000,248,no,75,5000
2025-05-20T11:01:32.023013,KXBTCD-25MAY2015-T106499.99,DELTA,16,1100,23,21000,249,yes,15,-5000
2025-05-20T11:01:32.023384,KXBTCD-25MAY2015-T106499.99,DELTA,16,6100,23,21000,250,yes,16,5000
2025-05-20T11:01:32.044503,KXBTCD-25MAY2015-T106499.99,DELTA,16,6100,23,21000,251,yes,15,20000
2025-05-20T11:01:32.083691,KXBTCD-25MAY2015-T106499.99,DELTA,16,6100,23,1000,252,no,77,-20000
2025-05-20T11:01:32.125978,KXBTCD-25MAY2015-T106499.99,DELTA,16,6100,23,1000,253,yes,15,-20000
2025-05-20T11:01:32.162714,KXBTCD-25MAY2015-T106499.99,DELTA,16,6100,23,1000,254,no,76,20000
2025-05-20T11:01:32.326872,KXBTCD-25MAY2015-T106499.99,DELTA,16,6100,23,1000,255,yes,3,20000
2025-05-20T11:01:32.542634,KXBTCD-25MAY2015-T106499.99,DELTA,16,6100,23,1000,256,no,40,200
2025-05-20T11:01:32.863674,KXBTCD-25MAY2015-T106499.99,DELTA,16,6000,23,1000,257,yes,16,-100
2025-05-20T11:01:33.201725,KXBTCD-25MAY2015-T106499.99,DELTA,16,6000,23,1000,258,yes,2,-16200
2025-05-20T11:01:33.202378,KXBTCD-25MAY2015-T106499.99,DELTA,16,6000,23,1000,259,yes,1,32400
2025-05-20T11:01:33.222729,KXBTCD-25MAY2015-T106499.99,DELTA,16,6000,23,1000,260,yes,3,-20000
2025-05-20T11:01:33.245680,KXBTCD-25MAY2015-T106499.99,DELTA,16,6000,23,1000,261,yes,3,-2000
2025-05-20T11:01:33.263084,KXBTCD-25MAY2015-T106499.99,DELTA,16,6000,23,1000,262,yes,3,-1250
2025-05-20T11:01:33.402614,KXBTCD-25MAY2015-T106499.99,DELTA,16,6000,23,1000,263,yes,2,1250
2025-05-20T11:01:33.403440,KXBTCD-25MAY2015-T106499.99,DELTA,16,6000,23,1000,264,yes,2,2000
2025-05-20T11:01:33.424084,KXBTCD-25MAY2015-T106499.99,DELTA,16,6000,23,1000,265,yes,2,20000
2025-05-20T11:01:33.763809,KXBTCD-25MAY2015-T106499.99,DELTA,17,100,23,1000,266,yes,17,100
2025-05-20T11:01:34.502105,KXBTCD-25MAY2015-T106499.99,DELTA,16,6000,23,1000,267,yes,17,-100
2025-05-20T11:01:34.522113,KXBTCD-25MAY2015-T106499.99,DELTA,16,6000,23,1000,268,no,76,-100
2025-05-20T11:01:34.622627,KXBTCD-25MAY2015-T106499.99,DELTA,16,6000,24,23264,269,no,77,-1000
2025-05-20T11:01:34.681836,KXBTCD-25MAY2015-T106499.99,DELTA,16,6000,24,24264,270,no,76,1000
2025-05-20T11:01:34.901795,KXBTCD-25MAY2015-T106499.99,DELTA,16,1000,24,24264,271,yes,16,-5000
2025-05-20T11:01:34.902322,KXBTCD-25MAY2015-T106499.99,DELTA,16,1000,24,24264,272,yes,15,5000
2025-05-20T11:01:34.902570,KXBTCD-25MAY2015-T106499.99,DELTA,16,1000,24,24264,273,no,75,-5000
2025-05-20T11:01:34.902733,KXBTCD-25MAY2015-T106499.99,DELTA,16,1000,24,29264,274,no,76,5000
2025-05-20T11:01:34.963298,KXBTCD-25MAY2015-T106499.99,DELTA,16,1000,24,29264,275,yes,2,-20000
2025-05-20T11:01:34.982485,KXBTCD-25MAY2015-T106499.99,DELTA,16,1000,24,9264,276,no,76,-20000
2025-05-20T11:01:34.983216,KXBTCD-25MAY2015-T106499.99,DELTA,16,1000,24,8264,277,no,76,-1000
2025-05-20T11:01:35.002616,KXBTCD-25MAY2015-T106499.99,DELTA,16,1000,24,7014,278,no,76,-1250
2025-05-20T11:01:35.083589,KXBTCD-25MAY2015-T106499.99,DELTA,16,1000,24,7014,279,yes,15,20000
2025-05-20T11:01:35.084291,KXBTCD-25MAY2015-T106499.99,DELTA,16,1000,23,1000,280,no,77,1000
2025-05-20T11:01:35.103271,KXBTCD-25MAY2015-T106499.99,DELTA,16,1000,23,21000,281,no,77,20000
2025-05-20T11:01:35.104307,KXBTCD-25MAY2015-T106499.99,DELTA,16,1000,23,22250,282,no,77,1250
2025-05-20T11:01:35.143304,KXBTCD-25MAY2015-T106499.99,DELTA,16,1000,23,22250,283,yes,15,-20000
2025-05-20T11:01:35.144202,KXBTCD-25MAY2015-T106499.99,DELTA,15,5000,23,22250,284,yes,16,-1000
2025-05-20T11:01:35.166579,KXBTCD-25MAY2015-T106499.99,DELTA,15,5000,23,22250,285,no,76,-2000
2025-05-20T11:01:35.243072,KXBTCD-25MAY2015-T106499.99,DELTA,15,6000,23,22250,286,yes,15,1000
2025-05-20T11:01:35.243440,KXBTCD-25MAY2015-T106499.99,DELTA,15,6000,23,22250,287,yes,2,20000
2025-05-20T11:01:35.321936,KXBTCD-25MAY2015-T106499.99,DELTA,15,6000,23,24250,288,no,77,2000
2025-05-20T11:01:35.543718,KXBTCD-25MAY2015-T106499.99,DELTA,17,100,23,24250,289,yes,17,100
2025-05-20T11:01:35.544902,KXBTCD-25MAY2015-T106499.99,DELTA,17,100,23,24250,290,no,75,100
2025-05-20T11:01:36.402830,KXBTCD-25MAY2015-T106499.99,DELTA,17,100,23,24250,291,no,75,-100
2025-05-20T11:01:37.223297,KXBTCD-25MAY2015-T106499.99,DELTA,17,100,23,24250,292,no,76,100
2025-05-20T11:01:37.783507,KXBTCD-25MAY2015-T106499.99,DELTA,15,6000,23,24250,293,yes,17,-100
2025-05-20T11:01:38.022810,KXBTCD-25MAY2015-T106499.99,DELTA,15,6000,23,24250,294,no,76,-100
2025-05-20T11:01:38.782551,KXBTCD-25MAY2015-T106499.99,DELTA,15,6000,23,24250,295,yes,11,14
2025-05-20T11:01:38.783396,KXBTCD-25MAY2015-T106499.99,DELTA,15,6000,23,24250,296,yes,13,-14
2025-05-20T11:01:38.784056,KXBTCD-25MAY2015-T106499.99,DELTA,15,6000,23,24250,297,no,76,-14
2025-05-20T11:01:38.784801,KXBTCD-25MAY2015-T106499.99,DELTA,15,6000,22,14,298,no,78,14
2025-05-20T11:01:38.882548,KXBTCD-25MAY2015-T106499.99,DELTA,16,100,22,14,299,yes,16,100
2025-05-20T11:01:38.883365,KXBTCD-25MAY2015-T106499.99,DELTA,16,100,22,14,300,no,76,100
2025-05-20T11:01:39.023639,KXBTCD-25MAY2015-T106499.99,DELTA,16,100,22,14,301,no,76,-100
2025-05-20T11:01:39.923233,KXBTCD-25MAY2015-T106499.99,DELTA,16,100,22,14,302,no,77,100
2025-05-20T11:01:39.984921,KXBTCD-25MAY2015-T106499.99,DELTA,16,100,22,14,303,no,77,-1000
2025-05-20T11:01:40.023672,KXBTCD-25MAY2015-T106499.99,DELTA,16,100,22,1014,304,no,78,1000
2025-05-20T11:01:41.163255,KXBTCD-25MAY2015-T106499.99,DELTA,16,100,22,1014,305,yes,2,-20000
2025-05-20T11:01:41.183206,KXBTCD-25MAY2015-T106499.99,DELTA,16,100,22,1014,306,yes,15,-1000
2025-05-20T11:01:41.184122,KXBTCD-25MAY2015-T106499.99,DELTA,16,100,22,1014,307,no,77,-2000
2025-05-20T11:01:41.243151,KXBTCD-25MAY2015-T106499.99,DELTA,16,1100,22,1014,308,yes,16,1000
2025-05-20T11:01:41.243723,KXBTCD-25MAY2015-T106499.99,DELTA,16,1100,22,1014,309,no,76,2000
2025-05-20T11:01:41.262565,KXBTCD-25MAY2015-T106499.99,DELTA,16,1100,22,1014,310,yes,15,20000
2025-05-20T11:01:41.402878,KXBTCD-25MAY2015-T106499.99,DELTA,16,1100,22,1014,311,yes,15,-5000
2025-05-20T11:01:41.403736,KXBTCD-25MAY2015-T106499.99,DELTA,16,6100,22,1014,312,yes,16,5000
2025-05-20T11:01:41.486408,KXBTCD-25MAY2015-T106499.99,DELTA,16,6100,22,1014,313,yes,15,-20000
2025-05-20T11:01:41.591001,KXBTCD-25MAY2015-T106499.99,DELTA,16,6100,22,1014,314,yes,2,20000
2025-05-20T11:01:42.483536,KXBTCD-25MAY2015-T106499.99,DELTA,16,6100,22,1014,315,no,77,-100
2025-05-20T11:01:42.502907,KXBTCD-25MAY2015-T106499.99,DELTA,16,6000,22,1014,316,yes,16,-100
2025-05-20T11:01:42.543308,KXBTCD-25MAY2015-T106499.99,DELTA,16,6000,22,14,317,no,78,-1000
2025-05-20T11:01:42.583359,KXBTCD-25MAY2015-T106499.99,DELTA,16,6000,22,14,318,no,77,1000
2025-05-20T11:01:43.242770,KXBTCD-25MAY2015-T106499.99,DELTA,16,6100,22,14,319,yes,16,100
2025-05-20T11:01:43.262120,KXBTCD-25MAY2015-T106499.99,DELTA,16,6100,22,14,320,no,76,100
2025-05-20T11:01:43.442099,KXBTCD-25MAY2015-T106499.99,DELTA,16,6000,22,14,321,yes,16,-100
2025-05-20T11:01:44.282906,KXBTCD-25MAY2015-T106499.99,DELTA,16,6100,22,14,322,yes,16,100
2025-05-20T11:01:45.442537,KXBTCD-25MAY2015-T106499.99,DELTA,16,6000,22,14,323,yes,16,-100
2025-05-20T11:01:46.044601,KXBTCD-25MAY2015-T106499.99,DELTA,16,1000,22,14,324,yes,16,-5000
2025-05-20T11:01:46.045530,KXBTCD-25MAY2015-T106499.99,DELTA,16,1000,22,14,325,no,76,-5000
2025-05-20T11:01:46.163880,KXBTCD-25MAY2015-T106499.99,DELTA,16,1000,22,14,326,yes,13,14
2025-05-20T11:01:46.164611,KXBTCD-25MAY2015-T106499.99,DELTA,16,1000,22,14,327,yes,11,-14
2025-05-20T11:01:46.184543,KXBTCD-25MAY2015-T106499.99,DELTA,16,1000,23,22250,328,no,78,-14
2025-05-20T11:01:46.185305,KXBTCD-25MAY2015-T106499.99,DELTA,16,1000,23,22250,329,no,76,14
2025-05-20T11:01:46.525849,KXBTCD-25MAY2015-T106499.99,DELTA,13,14,23,22250,330,yes,16,-1000
2025-05-20T11:01:46.545972,KXBTCD-25MAY2015-T106499.99,DELTA,13,14,23,2250,331,no,77,-20000
2025-05-20T11:01:46.564116,KXBTCD-25MAY2015-T106499.99,DELTA,13,14,23,2250,332,no,76,-2000
2025-05-20T11:01:46.565096,KXBTCD-25MAY2015-T106499.99,DELTA,13,14,23,1000,333,no,77,-1250
2025-05-20T11:01:47.425976,KXBTCD-25MAY2015-T106499.99,DELTA,13,14,23,1000,334,yes,2,1000
2025-05-20T11:01:47.523960,KXBTCD-25MAY2015-T106499.99,DELTA,17,5000,23,1000,335,yes,17,5000
2025-05-20T11:01:47.705726,KXBTCD-25MAY2015-T106499.99,DELTA,17,5000,23,1000,336,yes,16,100
2025-05-20T11:01:47.906041,KXBTCD-25MAY2015-T106499.99,DELTA,17,5000,23,1000,337,no,74,5000
2025-05-20T11:01:47.910378,KXBTCD-25MAY2015-T106499.99,DELTA,17,5000,23,1000,338,yes,2,-1000
2025-05-20T11:01:48.135358,KXBTCD-25MAY2015-T106499.99,DELTA,17,5000,23,1000,339,yes,14,14
2025-05-20T11:01:48.136362,KXBTCD-25MAY2015-T106499.99,DELTA,17,5000,23,1000,340,yes,13,-14
2025-05-20T11:01:48.305873,KXBTCD-25MAY2015-T106499.99,DELTA,17,6000,23,1000,341,yes,17,1000
2025-05-20T11:01:48.306691,KXBTCD-25MAY2015-T106499.99,DELTA,17,6000,23,1000,342,no,75,20000
2025-05-20T11:01:48.325123,KXBTCD-25MAY2015-T106499.99,DELTA,17,6000,23,1000,343,no,76,-14
2025-05-20T11:01:48.325761,KXBTCD-25MAY2015-T106499.99,DELTA,17,6000,23,1000,344,no,75,14
2025-05-20T11:01:48.626155,KXBTCD-25MAY2015-T106499.99,DELTA,17,6000,23,1000,345,no,75,2000
2025-05-20T11:01:48.627259,KXBTCD-25MAY2015-T106499.99,DELTA,17,6000,23,1000,346,no,76,-100
2025-05-20T11:01:48.925088,KXBTCD-25MAY2015-T106499.99,DELTA,17,6000,25,22014,347,no,77,-1000
2025-05-20T11:01:49.022884,KXBTCD-25MAY2015-T106499.99,DELTA,17,6000,25,22014,348,yes,16,-100
2025-05-20T11:01:49.124022,KXBTCD-25MAY2015-T106499.99,DELTA,17,6000,25,23264,349,no,75,1250
2025-05-20T11:01:49.227515,KXBTCD-25MAY2015-T106499.99,DELTA,17,6000,25,24264,350,no,75,1000
2025-05-20T11:01:49.523527,KXBTCD-25MAY2015-T106499.99,DELTA,17,5000,25,24264,351,yes,17,-1000
2025-05-20T11:01:49.605976,KXBTCD-25MAY2015-T106499.99,DELTA,14,14,25,24264,352,yes,17,-5000
2025-05-20T11:01:49.606697,KXBTCD-25MAY2015-T106499.99,DELTA,16,5000,25,24264,353,yes,16,5000
2025-05-20T11:01:49.626143,KXBTCD-25MAY2015-T106499.99,DELTA,16,5000,25,24264,354,no,74,-5000
2025-05-20T11:01:49.626971,KXBTCD-25MAY2015-T106499.99,DELTA,16,5000,25,29264,355,no,75,5000
2025-05-20T11:01:49.663350,KXBTCD-25MAY2015-T106499.99,DELTA,16,5000,25,29264,356,yes,2,1000
2025-05-20T11:01:49.703858,KXBTCD-25MAY2015-T106499.99,DELTA,16,5000,25,9264,357,no,75,-20000
2025-05-20T11:01:49.724484,KXBTCD-25MAY2015-T106499.99,DELTA,16,5000,25,9264,358,yes,2,-1000
2025-05-20T11:01:49.743431,KXBTCD-25MAY2015-T106499.99,DELTA,16,5000,25,7264,359,no,75,-2000
2025-05-20T11:01:49.744043,KXBTCD-25MAY2015-T106499.99,DELTA,16,5000,25,6264,360,no,75,-1000
2025-05-20T11:01:49.763521,KXBTCD-25MAY2015-T106499.99,DELTA,16,5000,25,5014,361,no,75,-1250
2025-05-20T11:01:49.824233,KXBTCD-25MAY2015-T106499.99,DELTA,16,5000,24,20000,362,no,76,20000
2025-05-20T11:01:49.825327,KXBTCD-25MAY2015-T106499.99,DELTA,16,5000,24,21000,363,no,76,1000
2025-05-20T11:01:49.826074,KXBTCD-25MAY2015-T106499.99,DELTA,16,5000,24,22250,364,no,76,1250
2025-05-20T11:01:49.843483,KXBTCD-25MAY2015-T106499.99,DELTA,16,6000,24,22250,365,yes,16,1000
2025-05-20T11:01:49.984059,KXBTCD-25MAY2015-T106499.99,DELTA,16,6000,24,24250,366,no,76,2000
2025-05-20T11:01:50.202393,KXBTCD-25MAY2015-T106499.99,DELTA,17,100,24,24250,367,yes,17,100
2025-05-20T11:01:50.224612,KXBTCD-25MAY2015-T106499.99,DELTA,17,100,24,24250,368,no,75,100
2025-05-20T11:01:53.373336,KXBTCD-25MAY2015-T106499.99,DELTA,17,100,24,24250,369,no,75,-100
2025-05-20T11:01:54.342691,KXBTCD-25MAY2015-T106499.99,DELTA,17,100,24,24250,370,no,75,100
2025-05-20T11:01:55.424401,KXBTCD-25MAY2015-T106499.99,DELTA,17,100,24,24250,371,no,75,-100
2025-05-20T11:01:56.403932,KXBTCD-25MAY2015-T106499.99,DELTA,17,100,24,24350,372,no,76,100
2025-05-20T11:01:56.463536,KXBTCD-25MAY2015-T106499.99,DELTA,17,100,24,23350,373,no,76,-1000
2025-05-20T11:01:56.525905,KXBTCD-25MAY2015-T106499.99,DELTA,17,100,23,1000,374,no,77,1000
2025-05-20T11:01:57.903885,KXBTCD-25MAY2015-T106499.99,DELTA,17,100,23,1000,375,yes,2,-20000
2025-05-20T11:01:57.904769,KXBTCD-25MAY2015-T106499.99,DELTA,17,100,23,1000,376,yes,16,-1000
2025-05-20T11:01:57.922974,KXBTCD-25MAY2015-T106499.99,DELTA,17,100,23,1000,377,no,76,-2000
2025-05-20T11:01:57.923810,KXBTCD-25MAY2015-T106499.99,DELTA,17,100,23,1000,378,no,76,-1250
2025-05-20T11:01:58.002593,KXBTCD-25MAY2015-T106499.99,DELTA,17,100,23,1000,379,yes,16,20000
2025-05-20T11:01:58.003255,KXBTCD-25MAY2015-T106499.99,DELTA,17,100,23,1000,380,no,75,1250
2025-05-20T11:01:58.003764,KXBTCD-25MAY2015-T106499.99,DELTA,17,100,23,1000,381,no,75,2000
2025-05-20T11:01:58.004203,KXBTCD-25MAY2015-T106499.99,DELTA,17,1100,23,1000,382,yes,17,1000
2025-05-20T11:01:58.063461,KXBTCD-25MAY2015-T106499.99,DELTA,17,1100,23,1000,383,yes,16,-20000
2025-05-20T11:01:58.083188,KXBTCD-25MAY2015-T106499.99,DELTA,17,100,23,1000,384,yes,17,-1000
2025-05-20T11:01:58.084374,KXBTCD-25MAY2015-T106499.99,DELTA,17,100,23,1000,385,no,75,-2000
2025-05-20T11:01:58.103359,KXBTCD-25MAY2015-T106499.99,DELTA,17,100,23,1000,386,no,75,-1250
2025-05-20T11:01:58.143924,KXBTCD-25MAY2015-T106499.99,DELTA,17,100,23,1000,387,no,76,2000
2025-05-20T11:01:58.144698,KXBTCD-25MAY2015-T106499.99,DELTA,17,100,23,1000,388,yes,2,20000
2025-05-20T11:01:58.145167,KXBTCD-25MAY2015-T106499.99,DELTA,17,100,23,1000,389,no,76,1250
2025-05-20T11:01:58.145578,KXBTCD-25MAY2015-T106499.99,DELTA,17,100,23,1000,390,yes,16,1000
2025-05-20T11:01:58.302785,KXBTCD-25MAY2015-T106499.99,DELTA,17,100,23,1000,391,yes,2,-20000
2025-05-20T11:01:58.303500,KXBTCD-25MAY2015-T106499.99,DELTA,17,100,23,1000,392,yes,16,-1000
2025-05-20T11:01:58.324390,KXBTCD-25MAY2015-T106499.99,DELTA,17,100,23,1000,393,no,76,-2000
2025-05-20T11:01:58.325285,KXBTCD-25MAY2015-T106499.99,DELTA,17,100,23,1000,394,no,75,-5000
2025-05-20T11:01:58.325712,KXBTCD-25MAY2015-T106499.99,DELTA,17,100,23,1000,395,no,74,5000
2025-05-20T11:01:58.325995,KXBTCD-25MAY2015-T106499.99,DELTA,17,100,23,1000,396,no,76,-1250
2025-05-20T11:01:58.362794,KXBTCD-25MAY2015-T106499.99,DELTA,17,100,23,1000,397,yes,16,-5000
2025-05-20T11:01:58.363369,KXBTCD-25MAY2015-T106499.99,DELTA,17,5100,23,1000,398,yes,17,5000
2025-05-20T11:01:58.425092,KXBTCD-25MAY2015-T106499.99,DELTA,17,6100,23,1000,399,yes,17,1000
2025-05-20T11:01:58.425886,KXBTCD-25MAY2015-T106499.99,DELTA,17,6100,23,1000,400,no,75,1250
2025-05-20T11:01:58.426296,KXBTCD-25MAY2015-T106499.99,DELTA,17,6100,23,1000,401,no,75,2000
2025-05-20T11:01:58.426602,KXBTCD-25MAY2015-T106499.99,DELTA,17,6100,23,1000,402,yes,16,20000
2025-05-20T11:01:58.444783,KXBTCD-25MAY2015-T106499.99,DELTA,17,6100,23,1000,403,no,76,-20000
2025-05-20T11:01:58.463348,KXBTCD-25MAY2015-T106499.99,DELTA,17,6100,23,1000,404,yes,16,-20000
2025-05-20T11:01:58.483918,KXBTCD-25MAY2015-T106499.99,DELTA,17,5100,23,1000,405,yes,17,-1000
2025-05-20T11:01:58.505445,KXBTCD-25MAY2015-T106499.99,DELTA,17,5100,23,1000,406,no,75,-2000
2025-05-20T11:01:58.506122,KXBTCD-25MAY2015-T106499.99,DELTA,17,5100,23,1000,407,no,75,20000
2025-05-20T11:01:58.506358,KXBTCD-25MAY2015-T106499.99,DELTA,17,5100,23,1000,408,no,75,-1250
2025-05-20T11:01:58.543566,KXBTCD-25MAY2015-T106499.99,DELTA,17,25100,23,1000,409,yes,17,20000
2025-05-20T11:01:58.544187,KXBTCD-25MAY2015-T106499.99,DELTA,18,1000,23,1000,410,yes,18,1000
2025-05-20T11:01:58.582689,KXBTCD-25MAY2015-T106499.99,DELTA,18,1000,23,1000,411,no,74,2000
2025-05-20T11:01:58.583327,KXBTCD-25MAY2015-T106499.99,DELTA,18,1000,23,1000,412,no,74,1250
2025-05-20T11:01:58.803699,KXBTCD-25MAY2015-T106499.99,DELTA,18,1000,23,1000,413,yes,17,-20000
2025-05-20T11:01:58.804530,KXBTCD-25MAY2015-T106499.99,DELTA,17,5100,23,1000,414,yes,18,-1000
2025-05-20T11:01:58.823959,KXBTCD-25MAY2015-T106499.99,DELTA,17,5100,23,1000,415,no,74,-2000
2025-05-20T11:01:58.824654,KXBTCD-25MAY2015-T106499.99,DELTA,17,5100,23,1000,416,no,74,-1250
2025-05-20T11:01:58.883709,KXBTCD-25MAY2015-T106499.99,DELTA,17,5100,23,1000,417,no,75,2000
2025-05-20T11:01:58.884747,KXBTCD-25MAY2015-T106499.99,DELTA,17,5100,23,1000,418,no,75,1250
2025-05-20T11:01:58.885228,KXBTCD-25MAY2015-T106499.99,DELTA,17,5100,23,1000,419,yes,2,20000
2025-05-20T11:01:58.885619,KXBTCD-25MAY2015-T106499.99,DELTA,17,6100,23,1000,420,yes,17,1000
2025-05-20T11:01:59.584882,KXBTCD-25MAY2015-T106499.99,DELTA,17,1100,23,1000,421,yes,17,-5000
2025-05-20T11:01:59.585603,KXBTCD-25MAY2015-T106499.99,DELTA,18,5000,23,1000,422,yes,18,5000
2025-05-20T11:02:00.283858,KXBTCD-25MAY2015-T106499.99,DELTA,18,5000,23,1000,423,yes,17,-1000
2025-05-20T11:02:00.284923,KXBTCD-25MAY2015-T106499.99,DELTA,18,5000,23,1000,424,no,75,-2000
2025-05-20T11:02:00.303685,KXBTCD-25MAY2015-T106499.99,DELTA,18,5000,23,1000,425,no,75,-1250
2025-05-20T11:02:00.403711,KXBTCD-25MAY2015-T106499.99,DELTA,18,5000,23,1000,426,yes,16,14
2025-05-20T11:02:00.404483,KXBTCD-25MAY2015-T106499.99,DELTA,18,5000,23,1000,427,yes,14,-14
2025-05-20T11:02:00.405251,KXBTCD-25MAY2015-T106499.99,DELTA,18,5000,23,1000,428,no,75,-14
2025-05-20T11:02:00.405786,KXBTCD-25MAY2015-T106499.99,DELTA,18,5000,23,1000,429,no,73,14
2025-05-20T11:02:00.425057,KXBTCD-25MAY2015-T106499.99,DELTA,18,5000,23,1000,430,no,74,1250
2025-05-20T11:02:00.425935,KXBTCD-25MAY2015-T106499.99,DELTA,18,6000,23,1000,431,yes,18,1000
2025-05-20T11:02:00.426433,KXBTCD-25MAY2015-T106499.99,DELTA,18,6000,23,1000,432,no,74,2000
2025-05-20T11:02:00.504175,KXBTCD-25MAY2015-T106499.99,DELTA,18,6000,23,1000,433,no,74,-5000
2025-05-20T11:02:00.504531,KXBTCD-25MAY2015-T106499.99,DELTA,18,6000,23,1000,434,no,72,5000
2025-05-20T11:02:00.543215,KXBTCD-25MAY2015-T106499.99,DELTA,18,1000,23,1000,435,yes,18,-5000
2025-05-20T11:02:00.543458,KXBTCD-25MAY2015-T106499.99,DELTA,20,5000,23,1000,436,yes,20,5000
2025-05-20T11:02:00.585510,KXBTCD-25MAY2015-T106499.99,DELTA,20,5000,23,1000,437,no,72,-5000
2025-05-20T11:02:00.585806,KXBTCD-25MAY2015-T106499.99,DELTA,20,5000,23,1000,438,no,71,5000
2025-05-20T11:02:00.604192,KXBTCD-25MAY2015-T106499.99,DELTA,20,5000,23,1000,439,no,76,-100
2025-05-20T11:02:00.622269,KXBTCD-25MAY2015-T106499.99,DELTA,20,5000,23,1000,440,yes,17,-100
2025-05-20T11:02:00.644766,KXBTCD-25MAY2015-T106499.99,DELTA,20,5000,23,1000,441,no,75,-20000
2025-05-20T11:02:00.644854,KXBTCD-25MAY2015-T106499.99,DELTA,20,5000,23,1000,442,yes,2,-20000
2025-05-20T11:02:00.645251,KXBTCD-25MAY2015-T106499.99,DELTA,20,5000,23,1000,443,yes,18,-1000
2025-05-20T11:02:00.664439,KXBTCD-25MAY2015-T106499.99,DELTA,20,5000,23,1000,444,no,74,-2000
2025-05-20T11:02:00.724330,KXBTCD-25MAY2015-T106499.99,DELTA,20,5000,26,1250,445,no,77,-1000
2025-05-20T11:02:00.725898,KXBTCD-25MAY2015-T106499.99,DELTA,20,5000,27,14,446,no,74,-1250
2025-05-20T11:02:00.744579,KXBTCD-25MAY2015-T106499.99,DELTA,20,5000,27,14,447,no,72,20000
2025-05-20T11:02:00.903650,KXBTCD-25MAY2015-T106499.99,DELTA,16,14,27,14,448,yes,20,-5000
2025-05-20T11:02:00.904416,KXBTCD-25MAY2015-T106499.99,DELTA,21,5000,27,14,449,yes,21,5000
2025-05-20T11:02:00.984204,KXBTCD-25MAY2015-T106499.99,DELTA,21,5000,27,14,450,yes,16,-14
2025-05-20T11:02:01.003313,KXBTCD-25MAY2015-T106499.99,DELTA,21,5000,27,14,451,yes,18,14
2025-05-20T11:02:01.004204,KXBTCD-25MAY2015-T106499.99,DELTA,21,5000,28,20000,452,no,73,-14
2025-05-20T11:02:01.005044,KXBTCD-25MAY2015-T106499.99,DELTA,21,5000,28,20014,453,no,72,14
2025-05-20T11:02:01.043791,KXBTCD-25MAY2015-T106499.99,DELTA,21,5000,28,20014,454,yes,2,20000
2025-05-20T11:02:01.044657,KXBTCD-25MAY2015-T106499.99,DELTA,21,5000,28,20014,455,yes,2,1000
2025-05-20T11:02:01.045207,KXBTCD-25MAY2015-T106499.99,DELTA,21,5000,28,21014,456,no,72,1000
2025-05-20T11:02:01.045721,KXBTCD-25MAY2015-T106499.99,DELTA,18,14,28,21014,457,yes,21,-5000
2025-05-20T11:02:01.046237,KXBTCD-25MAY2015-T106499.99,DELTA,20,5000,28,21014,458,yes,20,5000
2025-05-20T11:02:01.046750,KXBTCD-25MAY2015-T106499.99,DELTA,20,5000,28,23014,459,no,72,2000
2025-05-20T11:02:01.064073,KXBTCD-25MAY2015-T106499.99,DELTA,20,5000,28,24264,460,no,72,1250
2025-05-20T11:02:01.284451,KXBTCD-25MAY2015-T106499.99,DELTA,20,5000,28,24264,461,no,71,-5000
2025-05-20T11:02:01.285186,KXBTCD-25MAY2015-T106499.99,DELTA,20,5000,28,24264,462,no,70,5000
2025-05-20T11:02:01.304067,KXBTCD-25MAY2015-T106499.99,DELTA,18,14,28,24264,463,yes,20,-5000
2025-05-20T11:02:01.304814,KXBTCD-25MAY2015-T106499.99,DELTA,21,5000,28,24264,464,yes,21,5000
2025-05-20T11:02:01.392436,KXBTCD-25MAY2015-T106499.99,DELTA,21,5000,28,4264,465,no,72,-20000
2025-05-20T11:02:01.393234,KXBTCD-25MAY2015-T106499.99,DELTA,21,5000,28,2264,466,no,72,-2000
2025-05-20T11:02:01.404173,KXBTCD-25MAY2015-T106499.99,DELTA,21,5000,28,1264,467,no,72,-1000
2025-05-20T11:02:01.405087,KXBTCD-25MAY2015-T106499.99,DELTA,21,5000,28,14,468,no,72,-1250
2025-05-20T11:02:01.503412,KXBTCD-25MAY2015-T106499.99,DELTA,21,5000,28,14,469,no,71,20000
2025-05-20T11:02:01.504397,KXBTCD-25MAY2015-T106499.99,DELTA,21,5000,28,14,470,no,71,1250
2025-05-20T11:02:01.504829,KXBTCD-25MAY2015-T106499.99,DELTA,21,5000,28,14,471,no,71,2000
2025-05-20T11:02:01.505179,KXBTCD-25MAY2015-T106499.99,DELTA,21,5000,28,14,472,no,71,1000
2025-05-20T11:02:01.663068,KXBTCD-25MAY2015-T106499.99,DELTA,21,5000,28,14,473,yes,1,-32400
2025-05-20T11:02:01.663440,KXBTCD-25MAY2015-T106499.99,DELTA,21,5000,28,14,474,yes,2,16200
2025-05-20T11:02:01.742845,KXBTCD-25MAY2015-T106499.99,DELTA,21,5000,28,14,475,yes,2,-20000
2025-05-20T11:02:01.743075,KXBTCD-25MAY2015-T106499.99,DELTA,21,5000,28,14,476,yes,2,-2000
2025-05-20T11:02:01.764307,KXBTCD-25MAY2015-T106499.99,DELTA,21,5000,28,14,477,yes,2,-1000
2025-05-20T11:02:01.764450,KXBTCD-25MAY2015-T106499.99,DELTA,21,5100,28,14,478,yes,21,100
2025-05-20T11:02:01.764553,KXBTCD-25MAY2015-T106499.99,DELTA,21,5100,28,14,479,yes,2,-1250
2025-05-20T11:02:01.782722,KXBTCD-25MAY2015-T106499.99,DELTA,21,5100,28,14,480,no,71,100
2025-05-20T11:02:01.864522,KXBTCD-25MAY2015-T106499.99,DELTA,21,5100,28,14,481,yes,3,1250
2025-05-20T11:02:01.865244,KXBTCD-25MAY2015-T106499.99,DELTA,21,5100,28,14,482,yes,3,2000
2025-05-20T11:02:01.883471,KXBTCD-25MAY2015-T106499.99,DELTA,21,5100,28,14,483,yes,3,1000
2025-05-20T11:02:01.922191,KXBTCD-25MAY2015-T106499.99,DELTA,21,5100,28,14,484,no,71,-1000
2025-05-20T11:02:02.023417,KXBTCD-25MAY2015-T106499.99,DELTA,21,5100,28,1014,485,no,72,1000
2025-05-20T11:02:02.062802,KXBTCD-25MAY2015-T106499.99,DELTA,21,5100,28,1014,486,yes,3,20000
2025-05-20T11:02:03.007606,KXBTCD-25MAY2015-T106499.99,DELTA,21,100,28,1014,487,yes,21,-5000
2025-05-20T11:02:03.008288,KXBTCD-25MAY2015-T106499.99,DELTA,22,5000,28,1014,488,yes,22,5000
2025-05-20T11:02:03.243793,KXBTCD-25MAY2015-T106499.99,DELTA,22,5000,28,1014,489,yes,21,-100
2025-05-20T11:02:03.465819,KXBTCD-25MAY2015-T106499.99,DELTA,22,5000,28,1014,490,no,71,-100
2025-05-20T11:02:03.502873,KXBTCD-25MAY2015-T106499.99,DELTA,22,5000,28,1014,491,yes,3,-1250
2025-05-20T11:02:03.602692,KXBTCD-25MAY2015-T106499.99,DELTA,22,5000,28,14,492,no,72,-1000
2025-05-20T11:02:03.662177,KXBTCD-25MAY2015-T106499.99,DELTA,22,5000,28,14,493,yes,2,-16200
2025-05-20T11:02:03.662349,KXBTCD-25MAY2015-T106499.99,DELTA,22,5000,28,14,494,yes,1,32400
2025-05-20T11:02:03.702325,KXBTCD-25MAY2015-T106499.99,DELTA,22,5000,28,14,495,no,71,1000
2025-05-20T11:02:03.802283,KXBTCD-25MAY2015-T106499.99,DELTA,22,5000,28,14,496,yes,3,-20000
2025-05-20T11:02:03.822627,KXBTCD-25MAY2015-T106499.99,DELTA,22,5000,28,14,497,yes,3,-2000
2025-05-20T11:02:03.823177,KXBTCD-25MAY2015-T106499.99,DELTA,22,5000,28,14,498,yes,3,-1000
2025-05-20T11:02:03.882545,KXBTCD-25MAY2015-T106499.99,DELTA,22,5000,28,14,499,yes,2,2000
2025-05-20T11:02:03.883190,KXBTCD-25MAY2015-T106499.99,DELTA,22,5000,28,14,500,yes,2,1000
2025-05-20T11:02:03.903576,KXBTCD-25MAY2015-T106499.99,DELTA,22,5000,28,14,501,yes,2,20000
2025-05-20T11:02:04.144012,KXBTCD-25MAY2015-T106499.99,DELTA,18,14,28,14,502,yes,22,-5000
2025-05-20T11:02:04.145007,KXBTCD-25MAY2015-T106499.99,DELTA,21,5000,28,14,503,yes,21,5000
2025-05-20T11:02:04.263757,KXBTCD-25MAY2015-T106499.99,DELTA,21,5000,28,14,504,yes,19,14
2025-05-20T11:02:04.264326,KXBTCD-25MAY2015-T106499.99,DELTA,21,5000,28,14,505,yes,18,-14
2025-05-20T11:02:04.264568,KXBTCD-25MAY2015-T106499.99,DELTA,21,5000,28,14,506,no,70,14
2025-05-20T11:02:04.283350,KXBTCD-25MAY2015-T106499.99,DELTA,21,5000,29,24250,507,no,72,-14
2025-05-20T11:02:04.323714,KXBTCD-25MAY2015-T106499.99,DELTA,22,100,29,24250,508,yes,22,100
2025-05-20T11:02:04.342750,KXBTCD-25MAY2015-T106499.99,DELTA,22,100,29,24250,509,no,69,100
2025-05-20T11:02:04.363071,KXBTCD-25MAY2015-T106499.99,DELTA,22,100,29,24250,510,yes,2,1250
2025-05-20T11:02:04.541791,KXBTCD-25MAY2015-T106499.99,DELTA,21,5000,29,24250,511,yes,22,-100
2025-05-20T11:02:04.583029,KXBTCD-25MAY2015-T106499.99,DELTA,19,14,29,24250,512,yes,21,-5000
2025-05-20T11:02:04.583602,KXBTCD-25MAY2015-T106499.99,DELTA,20,5000,29,24250,513,yes,20,5000
2025-05-20T11:02:04.604210,KXBTCD-25MAY2015-T106499.99,DELTA,20,5000,29,24250,514,no,70,-5000
2025-05-20T11:02:04.604894,KXBTCD-25MAY2015-T106499.99,DELTA,20,5000,29,29250,515,no,71,5000
2025-05-20T11:02:04.952812,KXBTCD-25MAY2015-T106499.99,DELTA,20,5000,29,29250,516,no,69,-100
2025-05-20T11:02:04.953588,KXBTCD-25MAY2015-T106499.99,DELTA,20,5000,29,9250,517,no,71,-20000
2025-05-20T11:02:04.954145,KXBTCD-25MAY2015-T106499.99,DELTA,20,5000,29,7250,518,no,71,-2000
2025-05-20T11:02:04.955002,KXBTCD-25MAY2015-T106499.99,DELTA,20,5000,29,6250,519,no,71,-1000
2025-05-20T11:02:04.955541,KXBTCD-25MAY2015-T106499.99,DELTA,20,5000,29,5000,520,no,71,-1250
2025-05-20T11:02:04.955942,KXBTCD-25MAY2015-T106499.99,DELTA,20,5000,28,1000,521,no,72,1000
2025-05-20T11:02:04.956123,KXBTCD-25MAY2015-T106499.99,DELTA,20,5000,28,2250,522,no,72,1250
2025-05-20T11:02:04.956350,KXBTCD-25MAY2015-T106499.99,DELTA,20,5000,28,22250,523,no,72,20000
2025-05-20T11:02:04.956560,KXBTCD-25MAY2015-T106499.99,DELTA,20,5000,28,24250,524,no,72,2000
2025-05-20T11:02:05.382969,KXBTCD-25MAY2015-T106499.99,DELTA,22,100,28,24250,525,yes,22,100
2025-05-20T11:02:05.943458,KXBTCD-25MAY2015-T106499.99,DELTA,22,100,28,24250,526,no,70,100
2025-05-20T11:02:07.523966,KXBTCD-25MAY2015-T106499.99,DELTA,22,100,28,24250,527,yes,2,-1000
2025-05-20T11:02:07.705829,KXBTCD-25MAY2015-T106499.99,DELTA,22,100,28,24250,528,yes,2,-1250
2025-05-20T11:02:07.924727,KXBTCD-25MAY2015-T106499.99,DELTA,22,100,28,24250,529,yes,20,1000
2025-05-20T11:02:08.405240,KXBTCD-25MAY2015-T106499.99,DELTA,22,100,28,23000,530,no,72,-1250
2025-05-20T11:02:08.405818,KXBTCD-25MAY2015-T106499.99,DELTA,22,100,28,23000,531,no,71,-5000
2025-05-20T11:02:08.406071,KXBTCD-25MAY2015-T106499.99,DELTA,22,100,28,23000,532,no,70,5000
2025-05-20T11:02:08.605291,KXBTCD-25MAY2015-T106499.99,DELTA,22,100,28,23000,533,yes,20,-5000
2025-05-20T11:02:08.605994,KXBTCD-25MAY2015-T106499.99,DELTA,22,100,28,23000,534,yes,21,5000
2025-05-20T11:02:08.606277,KXBTCD-25MAY2015-T106499.99,DELTA,22,100,28,23000,535,no,71,1250
2025-05-20T11:02:08.606590,KXBTCD-25MAY2015-T106499.99,DELTA,22,100,28,3000,536,no,72,-20000
2025-05-20T11:02:08.606859,KXBTCD-25MAY2015-T106499.99,DELTA,22,100,28,1000,537,no,72,-2000
2025-05-20T11:02:08.703728,KXBTCD-25MAY2015-T106499.99,DELTA,22,100,28,1000,538,yes,21,-5000
2025-05-20T11:02:08.704471,KXBTCD-25MAY2015-T106499.99,DELTA,22,100,28,1000,539,yes,2,-20000
2025-05-20T11:02:08.705209,KXBTCD-25MAY2015-T106499.99,DELTA,22,100,29,1250,540,no,72,-1000
2025-05-20T11:02:08.723242,KXBTCD-25MAY2015-T106499.99,DELTA,22,100,29,1250,541,yes,20,-1000
2025-05-20T11:02:08.803395,KXBTCD-25MAY2015-T106499.99,DELTA,22,5100,29,1250,542,yes,22,5000
2025-05-20T11:02:08.804877,KXBTCD-25MAY2015-T106499.99,DELTA,22,5100,29,3250,543,no,71,2000
2025-05-20T11:02:08.805503,KXBTCD-25MAY2015-T106499.99,DELTA,22,5100,29,2000,544,no,71,-1250
2025-05-20T11:02:08.806240,KXBTCD-25MAY2015-T106499.99,DELTA,22,5100,29,3000,545,no,71,1000
2025-05-20T11:02:08.806656,KXBTCD-25MAY2015-T106499.99,DELTA,22,5100,29,23000,546,no,71,20000
2025-05-20T11:02:08.807038,KXBTCD-25MAY2015-T106499.99,DELTA,22,5100,29,23000,547,yes,2,20000
2025-05-20T11:02:08.903637,KXBTCD-25MAY2015-T106499.99,DELTA,22,5100,29,23000,548,yes,2,1000
2025-05-20T11:02:08.924937,KXBTCD-25MAY2015-T106499.99,DELTA,22,5100,29,23000,549,no,70,1250
2025-05-20T11:02:09.124039,KXBTCD-25MAY2015-T106499.99,DELTA,22,5000,29,23000,550,yes,22,-100
2025-05-20T11:02:10.522755,KXBTCD-25MAY2015-T106499.99,DELTA,23,100,29,23000,551,yes,23,100
2025-05-20T11:02:10.910312,KXBTCD-25MAY2015-T106499.99,DELTA,23,100,29,23000,552,yes,22,-5000
2025-05-20T11:02:10.910670,KXBTCD-25MAY2015-T106499.99,DELTA,23,100,29,23000,553,yes,21,5000
2025-05-20T11:02:10.966325,KXBTCD-25MAY2015-T106499.99,DELTA,23,100,29,23000,554,yes,2,-1000
2025-05-20T11:02:11.023107,KXBTCD-25MAY2015-T106499.99,DELTA,23,100,29,23000,555,yes,21,1000
2025-05-20T11:02:11.262101,KXBTCD-25MAY2015-T106499.99,DELTA,23,100,29,23000,556,no,70,-1250
2025-05-20T11:02:11.342680,KXBTCD-25MAY2015-T106499.99,DELTA,23,100,29,24250,557,no,71,1250
2025-05-20T11:02:12.622255,KXBTCD-25MAY2015-T106499.99,DELTA,23,100,29,23000,558,no,71,-1250
2025-05-20T11:02:12.683602,KXBTCD-25MAY2015-T106499.99,DELTA,23,100,29,23000,559,no,70,1250
2025-05-20T11:02:12.743532,KXBTCD-25MAY2015-T106499.99,DELTA,23,100,29,23000,560,no,70,-5000
2025-05-20T11:02:12.744273,KXBTCD-25MAY2015-T106499.99,DELTA,23,100,29,23000,561,no,69,5000
2025-05-20T11:02:12.763087,KXBTCD-25MAY2015-T106499.99,DELTA,23,100,29,23000,562,yes,21,-5000
2025-05-20T11:02:12.763933,KXBTCD-25MAY2015-T106499.99,DELTA,23,100,29,23000,563,yes,22,5000
2025-05-20T11:02:12.821747,KXBTCD-25MAY2015-T106499.99,DELTA,23,100,29,3000,564,no,71,-20000
2025-05-20T11:02:12.843183,KXBTCD-25MAY2015-T106499.99,DELTA,23,100,29,1000,565,no,71,-2000
2025-05-20T11:02:12.862555,KXBTCD-25MAY2015-T106499.99,DELTA,23,100,29,1000,566,yes,21,-1000
2025-05-20T11:02:12.903069,KXBTCD-25MAY2015-T106499.99,DELTA,23,100,29,1000,567,no,70,2000
2025-05-20T11:02:12.942870,KXBTCD-25MAY2015-T106499.99,DELTA,23,100,29,1000,568,no,70,20000
2025-05-20T11:02:12.982866,KXBTCD-25MAY2015-T106499.99,DELTA,23,100,29,1000,569,yes,2,1000
2025-05-20T11:02:13.263430,KXBTCD-25MAY2015-T106499.99,DELTA,23,100,29,1000,570,yes,2,-1000
2025-05-20T11:02:13.322997,KXBTCD-25MAY2015-T106499.99,DELTA,23,100,29,1000,571,yes,22,1000
2025-05-20T11:02:13.502536,KXBTCD-25MAY2015-T106499.99,DELTA,23,88,29,1000,572,yes,23,-12
2025-05-20T11:02:13.802645,KXBTCD-25MAY2015-T106499.99,DELTA,23,88,29,1000,573,yes,22,-1000
2025-05-20T11:02:13.903923,KXBTCD-25MAY2015-T106499.99,DELTA,23,88,29,1000,574,yes,2,1000
2025-05-20T11:02:13.904752,KXBTCD-25MAY2015-T106499.99,DELTA,22,5000,29,1000,575,yes,23,-88
2025-05-20T11:02:13.925820,KXBTCD-25MAY2015-T106499.99,DELTA,22,5000,29,1000,576,no,70,-100
2025-05-20T11:02:13.983788,KXBTCD-25MAY2015-T106499.99,DELTA,22,5000,30,23264,577,no,71,-1000
2025-05-20T11:02:14.084902,KXBTCD-25MAY2015-T106499.99,DELTA,22,5000,30,24264,578,no,70,1000
2025-05-20T11:02:14.884134,KXBTCD-25MAY2015-T106499.99,DELTA,19,14,30,24264,579,yes,22,-5000
2025-05-20T11:02:14.885147,KXBTCD-25MAY2015-T106499.99,DELTA,21,5000,30,24264,580,yes,21,5000
2025-05-20T11:02:14.885530,KXBTCD-25MAY2015-T106499.99,DELTA,21,5000,30,24264,581,no,69,-5000
2025-05-20T11:02:14.885979,KXBTCD-25MAY2015-T106499.99,DELTA,21,5000,30,29264,582,no,70,5000
2025-05-20T11:02:14.963785,KXBTCD-25MAY2015-T106499.99,DELTA,21,5000,30,29264,583,yes,2,-1000
2025-05-20T11:02:14.983988,KXBTCD-25MAY2015-T106499.99,DELTA,21,5000,30,9264,584,no,70,-20000
2025-05-20T11:02:14.984912,KXBTCD-25MAY2015-T106499.99,DELTA,21,5000,30,7264,585,no,70,-2000
2025-05-20T11:02:15.003517,KXBTCD-25MAY2015-T106499.99,DELTA,21,5000,30,6264,586,no,70,-1000
2025-05-20T11:02:15.064141,KXBTCD-25MAY2015-T106499.99,DELTA,21,5000,29,20000,587,no,71,20000
2025-05-20T11:02:15.065038,KXBTCD-25MAY2015-T106499.99,DELTA,21,5000,29,21000,588,no,71,1000
2025-05-20T11:02:15.065489,KXBTCD-25MAY2015-T106499.99,DELTA,21,5000,29,23000,589,no,71,2000
2025-05-20T11:02:15.085216,KXBTCD-25MAY2015-T106499.99,DELTA,21,6000,29,23000,590,yes,21,1000
2025-05-20T11:02:15.163485,KXBTCD-25MAY2015-T106499.99,DELTA,23,100,29,23000,591,yes,23,100
2025-05-20T11:02:15.185435,KXBTCD-25MAY2015-T106499.99,DELTA,23,100,29,23000,592,no,69,100
2025-05-20T11:02:15.464653,KXBTCD-25MAY2015-T106499.99,DELTA,23,100,29,23000,593,no,69,-100
2025-05-20T11:02:15.663524,KXBTCD-25MAY2015-T106499.99,DELTA,23,100,29,23000,594,no,70,-1250
2025-05-20T11:02:15.722604,KXBTCD-25MAY2015-T106499.99,DELTA,23,100,29,24250,595,no,71,1250
2025-05-20T11:02:15.883946,KXBTCD-25MAY2015-T106499.99,DELTA,23,100,29,24250,596,yes,21,-5000
2025-05-20T11:02:15.884960,KXBTCD-25MAY2015-T106499.99,DELTA,23,100,29,24250,597,yes,22,5000
2025-05-20T11:02:15.963455,KXBTCD-25MAY2015-T106499.99,DELTA,23,100,29,24250,598,yes,21,-1000
2025-05-20T11:02:16.005651,KXBTCD-25MAY2015-T106499.99,DELTA,23,100,29,24250,599,yes,2,1000
2025-05-20T11:02:16.244130,KXBTCD-25MAY2015-T106499.99,DELTA,23,100,29,24250,600,yes,1,-32400
2025-05-20T11:02:16.282909,KXBTCD-25MAY2015-T106499.99,DELTA,23,100,29,24250,601,no,69,100
2025-05-20T11:02:16.322369,KXBTCD-25MAY2015-T106499.99,DELTA,23,100,29,24250,602,yes,2,-20000
2025-05-20T11:02:16.323093,KXBTCD-25MAY2015-T106499.99,DELTA,23,100,29,24250,603,yes,2,-2000
2025-05-20T11:02:16.343106,KXBTCD-25MAY2015-T106499.99,DELTA,23,100,29,24250,604,yes,2,-1000
2025-05-20T11:02:16.583806,KXBTCD-25MAY2015-T106499.99,DELTA,23,100,29,24250,605,no,69,-100
2025-05-20T11:02:17.404065,KXBTCD-25MAY2015-T106499.99,DELTA,23,100,29,24250,606,no,70,100
2025-05-20T11:02:17.422290,KXBTCD-25MAY2015-T106499.99,DELTA,23,100,29,24250,607,yes,21,350
2025-05-20T11:02:17.422975,KXBTCD-25MAY2015-T106499.99,DELTA,23,100,25,300,608,no,75,300
2025-05-20T11:02:17.484150,KXBTCD-25MAY2015-T106499.99,DELTA,23,100,25,300,609,yes,21,1000
2025-05-20T11:02:18.863737,KXBTCD-25MAY2015-T106499.99,DELTA,23,100,25,300,610,no,71,-1250
2025-05-20T11:02:18.943962,KXBTCD-25MAY2015-T106499.99,DELTA,23,100,25,300,611,no,70,1250
2025-05-20T11:02:19.964248,KXBTCD-25MAY2015-T106499.99,DELTA,23,100,25,300,612,yes,21,-1000
2025-05-20T11:02:20.023165,KXBTCD-25MAY2015-T106499.99,DELTA,23,100,25,300,613,no,71,-2000
2025-05-20T11:02:20.144297,KXBTCD-25MAY2015-T106499.99,DELTA,23,100,25,300,614,yes,22,1000
2025-05-20T11:02:20.145418,KXBTCD-25MAY2015-T106499.99,DELTA,23,100,25,300,615,no,70,2000
2025-05-20T11:02:20.682957,KXBTCD-25MAY2015-T106499.99,DELTA,23,100,25,300,616,yes,22,-1000
2025-05-20T11:02:20.683783,KXBTCD-25MAY2015-T106499.99,DELTA,23,100,25,300,617,no,70,-2000
2025-05-20T11:02:20.722893,KXBTCD-25MAY2015-T106499.99,DELTA,23,100,25,300,618,no,71,2000
2025-05-20T11:02:20.742636,KXBTCD-25MAY2015-T106499.99,DELTA,23,100,25,300,619,yes,21,1000
2025-05-20T11:02:21.043036,KXBTCD-25MAY2015-T106499.99,DELTA,23,100,25,300,620,yes,22,-5000
2025-05-20T11:02:21.044072,KXBTCD-25MAY2015-T106499.99,DELTA,23,100,25,300,621,yes,21,5000
2025-05-20T11:02:21.126244,KXBTCD-25MAY2015-T106499.99,DELTA,23,100,29,23000,622,no,75,-300
2025-05-20T11:02:21.183671,KXBTCD-25MAY2015-T106499.99,DELTA,23,100,29,23000,623,yes,21,-5000
2025-05-20T11:02:21.184638,KXBTCD-25MAY2015-T106499.99,DELTA,23,100,29,23000,624,yes,22,5000
2025-05-20T11:02:21.204786,KXBTCD-25MAY2015-T106499.99,DELTA,23,100,25,150,625,no,75,150
2025-05-20T11:02:22.142083,KXBTCD-25MAY2015-T106499.99,DELTA,23,100,25,150,626,yes,22,-5000
2025-05-20T11:02:22.142268,KXBTCD-25MAY2015-T106499.99,DELTA,23,100,25,150,627,yes,21,5000
2025-05-20T11:02:23.722745,KXBTCD-25MAY2015-T106499.99,DELTA,23,100,25,150,628,yes,21,-5000
2025-05-20T11:02:23.723571,KXBTCD-25MAY2015-T106499.99,DELTA,23,100,25,150,629,yes,22,5000
2025-05-20T11:02:25.563707,KXBTCD-25MAY2015-T106499.99,DELTA,23,100,25,150,630,yes,21,-1000
2025-05-20T11:02:25.584563,KXBTCD-25MAY2015-T106499.99,DELTA,23,100,25,150,631,no,71,-1000
2025-05-20T11:02:25.585739,KXBTCD-25MAY2015-T106499.99,DELTA,23,100,25,150,632,no,70,-1250
2025-05-20T11:02:25.664030,KXBTCD-25MAY2015-T106499.99,DELTA,23,100,25,150,633,no,71,1250
2025-05-20T11:02:25.664956,KXBTCD-25MAY2015-T106499.99,DELTA,23,100,25,1150,634,no,75,1000
2025-05-20T11:02:27.443010,KXBTCD-25MAY2015-T106499.99,DELTA,23,100,25,1150,635,yes,1,32400
2025-05-20T11:02:27.503078,KXBTCD-25MAY2015-T106499.99,DELTA,23,100,25,1150,636,yes,2,1000
2025-05-20T11:02:27.503661,KXBTCD-25MAY2015-T106499.99,DELTA,23,100,25,1150,637,yes,2,2000
2025-05-20T11:02:27.504170,KXBTCD-25MAY2015-T106499.99,DELTA,23,100,25,1150,638,yes,2,20000
2025-05-20T11:02:28.362906,KXBTCD-25MAY2015-T106499.99,DELTA,23,100,25,1150,639,yes,22,-5000
2025-05-20T11:02:28.363313,KXBTCD-25MAY2015-T106499.99,DELTA,23,100,25,1150,640,yes,21,5000
2025-05-20T11:02:28.403310,KXBTCD-25MAY2015-T106499.99,DELTA,23,100,25,1000,641,no,75,-150
2025-05-20T11:02:28.424110,KXBTCD-25MAY2015-T106499.99,DELTA,23,100,25,1350,642,no,75,350
2025-05-20T11:02:28.503121,KXBTCD-25MAY2015-T106499.99,DELTA,23,100,25,350,643,no,75,-1000
2025-05-20T11:02:28.563558,KXBTCD-25MAY2015-T106499.99,DELTA,23,100,25,350,644,yes,21,-5000
2025-05-20T11:02:28.564818,KXBTCD-25MAY2015-T106499.99,DELTA,23,100,25,350,645,yes,22,5000
2025-05-20T11:02:28.582628,KXBTCD-25MAY2015-T106499.99,DELTA,23,100,25,1350,646,no,75,1000
2025-05-20T11:02:28.622693,KXBTCD-25MAY2015-T106499.99,DELTA,23,100,25,1350,647,yes,22,-5000
2025-05-20T11:02:28.622933,KXBTCD-25MAY2015-T106499.99,DELTA,23,100,25,1350,648,yes,21,5000
2025-05-20T11:02:28.783227,KXBTCD-25MAY2015-T106499.99,DELTA,23,100,25,1350,649,yes,21,-5000
2025-05-20T11:02:28.842660,KXBTCD-25MAY2015-T106499.99,DELTA,23,100,25,1350,650,yes,22,5000
2025-05-20T11:02:29.162366,KXBTCD-25MAY2015-T106499.99,DELTA,23,100,25,1350,651,yes,22,-5000
2025-05-20T11:02:29.162986,KXBTCD-25MAY2015-T106499.99,DELTA,23,100,25,1350,652,yes,21,5000
2025-05-20T11:02:30.163930,KXBTCD-25MAY2015-T106499.99,DELTA,23,100,25,1350,653,yes,1,-32400
2025-05-20T11:02:30.164485,KXBTCD-25MAY2015-T106499.99,DELTA,23,100,25,1350,654,yes,2,16200
2025-05-20T11:02:30.243707,KXBTCD-25MAY2015-T106499.99,DELTA,23,100,25,1350,655,yes,2,-20000
2025-05-20T11:02:30.244552,KXBTCD-25MAY2015-T106499.99,DELTA,23,100,25,1350,656,yes,3,1250
2025-05-20T11:02:30.267711,KXBTCD-25MAY2015-T106499.99,DELTA,23,100,25,1350,657,yes,2,-2000
2025-05-20T11:02:30.268524,KXBTCD-25MAY2015-T106499.99,DELTA,23,100,25,1350,658,yes,2,-1000
2025-05-20T11:02:30.323079,KXBTCD-25MAY2015-T106499.99,DELTA,23,100,25,1350,659,yes,3,20000
2025-05-20T11:02:30.324021,KXBTCD-25MAY2015-T106499.99,DELTA,23,100,25,1350,660,yes,3,1000
2025-05-20T11:02:30.324664,KXBTCD-25MAY2015-T106499.99,DELTA,23,100,25,1350,661,yes,3,2000
2025-05-20T11:02:30.563843,KXBTCD-25MAY2015-T106499.99,DELTA,23,100,25,1350,662,no,70,-100
2025-05-20T11:02:30.564518,KXBTCD-25MAY2015-T106499.99,DELTA,21,5350,25,1350,663,yes,23,-100
2025-05-20T11:02:31.583232,KXBTCD-25MAY2015-T106499.99,DELTA,21,5450,25,1350,664,yes,21,100
2025-05-20T11:02:31.603158,KXBTCD-25MAY2015-T106499.99,DELTA,21,5450,25,1350,665,no,70,100
2025-05-20T11:02:32.103086,KXBTCD-25MAY2015-T106499.99,DELTA,21,5350,25,1350,666,yes,21,-100
2025-05-20T11:02:32.542329,KXBTCD-25MAY2015-T106499.99,DELTA,21,5350,25,1350,667,no,70,-100
2025-05-20T11:02:33.282986,KXBTCD-25MAY2015-T106499.99,DELTA,22,100,25,1350,668,yes,22,100
2025-05-20T11:02:34.143449,KXBTCD-25MAY2015-T106499.99,DELTA,22,100,25,1350,669,no,70,100
2025-05-20T11:02:34.182084,KXBTCD-25MAY2015-T106499.99,DELTA,22,100,25,1350,670,no,70,-5000
2025-05-20T11:02:34.182623,KXBTCD-25MAY2015-T106499.99,DELTA,22,100,25,1350,671,no,69,5000
2025-05-20T11:02:34.202487,KXBTCD-25MAY2015-T106499.99,DELTA,22,100,25,1350,672,yes,21,-5000
2025-05-20T11:02:34.203354,KXBTCD-25MAY2015-T106499.99,DELTA,22,5100,25,1350,673,yes,22,5000
2025-05-20T11:02:34.283591,KXBTCD-25MAY2015-T106499.99,DELTA,22,5100,25,1350,674,no,71,-20000
2025-05-20T11:02:34.302584,KXBTCD-25MAY2015-T106499.99,DELTA,22,5100,25,1350,675,no,71,-2000
2025-05-20T11:02:34.303026,KXBTCD-25MAY2015-T106499.99,DELTA,22,5100,25,1350,676,no,71,-1250
2025-05-20T11:02:34.383973,KXBTCD-25MAY2015-T106499.99,DELTA,22,5100,25,1350,677,no,70,1250
2025-05-20T11:02:34.385048,KXBTCD-25MAY2015-T106499.99,DELTA,22,5100,25,1350,678,no,70,20000
2025-05-20T11:02:34.402576,KXBTCD-25MAY2015-T106499.99,DELTA,22,5100,25,1350,679,no,70,2000
2025-05-20T11:02:34.422741,KXBTCD-25MAY2015-T106499.99,DELTA,22,5100,25,1350,680,yes,3,-1000
2025-05-20T11:02:34.423464,KXBTCD-25MAY2015-T106499.99,DELTA,22,5100,25,1350,681,yes,3,-1250
2025-05-20T11:02:34.443928,KXBTCD-25MAY2015-T106499.99,DELTA,22,5100,25,350,682,no,75,-1000
2025-05-20T11:02:34.463667,KXBTCD-25MAY2015-T106499.99,DELTA,22,5100,30,23364,683,no,75,-350
2025-05-20T11:02:34.502118,KXBTCD-25MAY2015-T106499.99,DELTA,22,5100,30,23364,684,yes,21,1000
2025-05-20T11:02:34.502464,KXBTCD-25MAY2015-T106499.99,DELTA,22,5100,29,1000,685,no,71,1000
2025-05-20T11:02:34.521222,KXBTCD-25MAY2015-T106499.99,DELTA,22,5100,26,300,686,no,74,300
2025-05-20T11:02:34.602479,KXBTCD-25MAY2015-T106499.99,DELTA,22,100,26,300,687,yes,22,-5000
2025-05-20T11:02:34.602812,KXBTCD-25MAY2015-T106499.99,DELTA,23,5000,26,300,688,yes,23,5000
2025-05-20T11:02:34.603797,KXBTCD-25MAY2015-T106499.99,DELTA,23,5000,26,300,689,no,71,-1000
2025-05-20T11:02:34.663054,KXBTCD-25MAY2015-T106499.99,DELTA,23,5000,26,1300,690,no,74,1000
2025-05-20T11:02:35.003169,KXBTCD-25MAY2015-T106499.99,DELTA,23,5000,26,1300,691,yes,22,-100
2025-05-20T11:02:36.323708,KXBTCD-25MAY2015-T106499.99,DELTA,23,5100,26,1300,692,yes,23,100
2025-05-20T11:02:38.738444,KXBTCD-25MAY2015-T106499.99,DELTA,23,100,26,1300,693,yes,23,-5000
2025-05-20T11:02:38.911845,KXBTCD-25MAY2015-T106499.99,DELTA,23,100,26,1300,694,no,69,-5000
2025-05-20T11:02:39.102994,KXBTCD-25MAY2015-T106499.99,DELTA,23,100,26,1300,695,no,70,-20000
2025-05-20T11:02:39.103860,KXBTCD-25MAY2015-T106499.99,DELTA,23,100,26,1300,696,no,70,-2000
2025-05-20T11:02:39.124182,KXBTCD-25MAY2015-T106499.99,DELTA,23,100,26,1300,697,no,70,-1250
2025-05-20T11:02:39.525611,KXBTCD-25MAY2015-T106499.99,DELTA,23,100,26,1300,698,no,41,2000
2025-05-20T11:02:39.996745,KXBTCD-25MAY2015-T106499.99,DELTA,23,100,26,1300,699,no,69,5000
2025-05-20T11:02:40.006738,KXBTCD-25MAY2015-T106499.99,DELTA,23,5100,26,1300,700,yes,23,5000
2025-05-20T11:02:40.184382,KXBTCD-25MAY2015-T106499.99,DELTA,23,5100,26,1300,701,no,41,-2000
2025-05-20T11:02:40.364715,KXBTCD-25MAY2015-T106499.99,DELTA,23,100,26,1300,702,yes,23,-5000
2025-05-20T11:02:40.365330,KXBTCD-25MAY2015-T106499.99,DELTA,23,100,26,1300,703,yes,22,5000
2025-05-20T11:02:40.616409,KXBTCD-25MAY2015-T106499.99,DELTA,23,100,26,1300,704,no,70,2000
2025-05-20T11:02:41.943643,KXBTCD-25MAY2015-T106499.99,DELTA,23,100,26,1300,705,no,70,20000
2025-05-20T11:02:41.944025,KXBTCD-25MAY2015-T106499.99,DELTA,23,100,26,1300,706,no,70,1250
2025-05-20T11:02:44.085122,KXBTCD-25MAY2015-T106499.99,DELTA,23,100,26,1300,707,yes,21,-1000
2025-05-20T11:02:44.105581,KXBTCD-25MAY2015-T106499.99,DELTA,23,100,26,300,708,no,74,-1000
2025-05-20T11:02:44.203512,KXBTCD-25MAY2015-T106499.99,DELTA,23,100,26,300,709,no,71,1000
2025-05-20T11:02:44.204254,KXBTCD-25MAY2015-T106499.99,DELTA,23,100,26,300,710,yes,22,1000
2025-05-20T11:02:47.243472,KXBTCD-25MAY2015-T106499.99,DELTA,23,100,26,300,711,yes,2,-16200
2025-05-20T11:02:47.244166,KXBTCD-25MAY2015-T106499.99,DELTA,23,100,26,300,712,yes,3,10800
2025-05-20T11:02:47.323663,KXBTCD-25MAY2015-T106499.99,DELTA,23,100,26,300,713,yes,3,-20000
2025-05-20T11:02:47.343576,KXBTCD-25MAY2015-T106499.99,DELTA,23,100,26,300,714,yes,3,-2000
2025-05-20T11:02:47.483296,KXBTCD-25MAY2015-T106499.99,DELTA,23,100,26,300,715,yes,4,2000
2025-05-20T11:02:47.484641,KXBTCD-25MAY2015-T106499.99,DELTA,23,100,26,300,716,yes,4,20000
2025-05-20T11:02:49.388795,KXBTCD-25MAY2015-T106499.99,DELTA,23,100,26,300,717,yes,22,-1000
2025-05-20T11:02:49.389488,KXBTCD-25MAY2015-T106499.99,DELTA,23,100,26,300,718,yes,4,1250
2025-05-20T11:02:49.390367,KXBTCD-25MAY2015-T106499.99,DELTA,23,100,26,300,719,no,71,-1000
2025-05-20T11:02:49.391246,KXBTCD-25MAY2015-T106499.99,DELTA,23,100,26,300,720,yes,21,1000
2025-05-20T11:02:49.391696,KXBTCD-25MAY2015-T106499.99,DELTA,23,100,26,1300,721,no,74,1000
2025-05-20T11:02:51.326612,KXBTCD-25MAY2015-T106499.99,DELTA,23,100,26,1300,722,yes,3,-10800
2025-05-20T11:02:51.327828,KXBTCD-25MAY2015-T106499.99,DELTA,23,100,26,1300,723,yes,5,6480
2025-05-20T11:02:51.383985,KXBTCD-25MAY2015-T106499.99,DELTA,23,100,26,1300,724,yes,4,-20000
2025-05-20T11:02:51.403782,KXBTCD-25MAY2015-T106499.99,DELTA,23,100,26,1300,725,yes,4,-2000
2025-05-20T11:02:51.404453,KXBTCD-25MAY2015-T106499.99,DELTA,23,100,26,1300,726,yes,4,-1250
2025-05-20T11:02:51.464438,KXBTCD-25MAY2015-T106499.99,DELTA,23,100,26,1300,727,yes,6,2000
2025-05-20T11:02:51.465048,KXBTCD-25MAY2015-T106499.99,DELTA,23,100,26,1300,728,yes,6,1250
2025-05-20T11:02:51.465494,KXBTCD-25MAY2015-T106499.99,DELTA,23,100,26,1300,729,yes,6,20000
2025-05-20T11:02:52.871789,KXBTCD-25MAY2015-T106499.99,DELTA,23,100,26,1000,730,no,74,-300
2025-05-20T11:02:52.883583,KXBTCD-25MAY2015-T106499.99,DELTA,23,100,24,50,731,no,76,50
2025-05-20T11:02:52.923074,KXBTCD-25MAY2015-T106499.99,DELTA,23,100,24,50,732,no,74,-1000
2025-05-20T11:02:53.004257,KXBTCD-25MAY2015-T106499.99,DELTA,23,100,24,50,733,no,71,1000
2025-05-20T11:02:53.670562,KXBTCD-25MAY2015-T106499.99,DELTA,23,100,29,1000,734,no,76,-50
2025-05-20T11:02:53.902605,KXBTCD-25MAY2015-T106499.99,DELTA,23,100,29,1000,735,yes,5,-6480
2025-05-20T11:02:53.903231,KXBTCD-25MAY2015-T106499.99,DELTA,23,100,29,1000,736,yes,7,4628
2025-05-20T11:02:54.107492,KXBTCD-25MAY2015-T106499.99,DELTA,23,100,24,200,737,no,76,200
2025-05-20T11:02:54.108184,KXBTCD-25MAY2015-T106499.99,DELTA,23,100,24,200,738,yes,22,-5000
2025-05-20T11:02:54.108692,KXBTCD-25MAY2015-T106499.99,DELTA,23,100,24,200,739,yes,21,5000
2025-05-20T11:02:54.109122,KXBTCD-25MAY2015-T106499.99,DELTA,23,100,24,200,740,yes,6,-20000
2025-05-20T11:02:54.304049,KXBTCD-25MAY2015-T106499.99,DELTA,23,100,24,200,741,no,69,-5000
2025-05-20T11:02:54.304760,KXBTCD-25MAY2015-T106499.99,DELTA,23,100,24,200,742,no,70,5000
2025-05-20T11:02:54.305500,KXBTCD-25MAY2015-T106499.99,DELTA,23,100,24,200,743,yes,6,-2000
2025-05-20T11:02:54.706980,KXBTCD-25MAY2015-T106499.99,DELTA,23,100,24,200,744,yes,6,-1250
2025-05-20T11:02:54.708264,KXBTCD-25MAY2015-T106499.99,DELTA,23,100,24,200,745,no,70,-5000
2025-05-20T11:02:54.708765,KXBTCD-25MAY2015-T106499.99,DELTA,23,100,24,200,746,no,71,5000
2025-05-20T11:02:54.709244,KXBTCD-25MAY2015-T106499.99,DELTA,23,100,24,200,747,no,70,-20000
2025-05-20T11:02:54.725710,KXBTCD-25MAY2015-T106499.99,DELTA,23,100,24,200,748,no,70,-2000
2025-05-20T11:02:54.824848,KXBTCD-25MAY2015-T106499.99,DELTA,23,100,24,200,749,yes,8,20000
2025-05-20T11:02:54.825880,KXBTCD-25MAY2015-T106499.99,DELTA,23,100,24,200,750,yes,8,2000
2025-05-20T11:02:54.826462,KXBTCD-25MAY2015-T106499.99,DELTA,23,100,24,200,751,yes,8,1250
2025-05-20T11:02:54.938261,KXBTCD-25MAY2015-T106499.99,DELTA,23,100,24,200,752,no,70,-1250
2025-05-20T11:02:54.939294,KXBTCD-25MAY2015-T106499.99,DELTA,21,6350,24,200,753,yes,23,-100
2025-05-20T11:02:55.025483,KXBTCD-25MAY2015-T106499.99,DELTA,21,6350,24,200,754,yes,7,-4628
2025-05-20T11:02:55.026426,KXBTCD-25MAY2015-T106499.99,DELTA,21,6350,24,200,755,yes,4,8100
2025-05-20T11:02:55.027147,KXBTCD-25MAY2015-T106499.99,DELTA,21,6350,24,200,756,no,70,-100
2025-05-20T11:02:55.206480,KXBTCD-25MAY2015-T106499.99,DELTA,21,6350,24,200,757,no,72,20000
2025-05-20T11:02:55.207488,KXBTCD-25MAY2015-T106499.99,DELTA,21,6350,24,200,758,no,71,2000
2025-05-20T11:02:55.208048,KXBTCD-25MAY2015-T106499.99,DELTA,21,6350,24,200,759,yes,8,-20000
2025-05-20T11:02:55.208520,KXBTCD-25MAY2015-T106499.99,DELTA,21,6350,24,200,760,no,71,-1000
2025-05-20T11:02:55.208941,KXBTCD-25MAY2015-T106499.99,DELTA,21,6350,24,200,761,no,71,1250
2025-05-20T11:02:55.209369,KXBTCD-25MAY2015-T106499.99,DELTA,21,6000,24,200,762,yes,21,-350
2025-05-20T11:02:55.227146,KXBTCD-25MAY2015-T106499.99,DELTA,21,5000,24,200,763,yes,21,-1000
2025-05-20T11:02:55.323798,KXBTCD-25MAY2015-T106499.99,DELTA,21,5000,24,200,764,yes,8,-2000
2025-05-20T11:02:55.325645,KXBTCD-25MAY2015-T106499.99,DELTA,21,5000,24,200,765,no,71,-2000
2025-05-20T11:02:55.423514,KXBTCD-25MAY2015-T106499.99,DELTA,21,5000,24,200,766,no,72,1000
2025-05-20T11:02:55.732127,KXBTCD-25MAY2015-T106499.99,DELTA,21,5000,24,200,767,yes,8,-1250
2025-05-20T11:02:55.732764,KXBTCD-25MAY2015-T106499.99,DELTA,21,5000,24,200,768,no,71,-1250
2025-05-20T11:02:55.733143,KXBTCD-25MAY2015-T106499.99,DELTA,21,5000,24,200,769,yes,5,1000
2025-05-20T11:02:55.904372,KXBTCD-25MAY2015-T106499.99,DELTA,21,5000,24,200,770,yes,20,100
2025-05-20T11:02:55.904710,KXBTCD-25MAY2015-T106499.99,DELTA,21,5000,24,200,771,no,72,1250
2025-05-20T11:02:55.905154,KXBTCD-25MAY2015-T106499.99,DELTA,21,5000,24,200,772,yes,5,2000
2025-05-20T11:02:55.905260,KXBTCD-25MAY2015-T106499.99,DELTA,21,5000,24,200,773,yes,5,1250
2025-05-20T11:02:55.905499,KXBTCD-25MAY2015-T106499.99,DELTA,21,5000,24,200,774,yes,5,20000
2025-05-20T11:02:55.905591,KXBTCD-25MAY2015-T106499.99,DELTA,21,5000,24,200,775,no,72,2000
2025-05-20T11:02:55.982568,KXBTCD-25MAY2015-T106499.99,DELTA,21,5000,24,200,776,yes,5,-1000
2025-05-20T11:02:56.023201,KXBTCD-25MAY2015-T106499.99,DELTA,21,5000,24,200,777,yes,20,1000
2025-05-20T11:02:56.104529,KXBTCD-25MAY2015-T106499.99,DELTA,21,5000,24,200,778,yes,4,-8100
2025-05-20T11:02:56.105228,KXBTCD-25MAY2015-T106499.99,DELTA,21,5000,24,200,779,yes,6,5400
2025-05-20T11:02:56.163453,KXBTCD-25MAY2015-T106499.99,DELTA,21,5000,24,200,780,yes,5,-20000
2025-05-20T11:02:56.164317,KXBTCD-25MAY2015-T106499.99,DELTA,21,5000,24,200,781,yes,5,-2000
2025-05-20T11:02:56.183598,KXBTCD-25MAY2015-T106499.99,DELTA,21,5000,24,200,782,yes,5,-1250
2025-05-20T11:02:56.242860,KXBTCD-25MAY2015-T106499.99,DELTA,21,5000,24,200,783,yes,7,2000
2025-05-20T11:02:56.243217,KXBTCD-25MAY2015-T106499.99,DELTA,21,5000,24,200,784,yes,7,20000
2025-05-20T11:02:56.283193,KXBTCD-25MAY2015-T106499.99,DELTA,21,5000,24,200,785,yes,7,1250
2025-05-20T11:02:56.444460,KXBTCD-25MAY2015-T106499.99,DELTA,21,5100,24,200,786,yes,21,100
2025-05-20T11:02:56.444708,KXBTCD-25MAY2015-T106499.99,DELTA,21,5100,24,200,787,no,71,100
2025-05-20T11:02:57.062228,KXBTCD-25MAY2015-T106499.99,DELTA,21,5100,24,200,788,yes,6,-5400
2025-05-20T11:02:57.062504,KXBTCD-25MAY2015-T106499.99,DELTA,21,5100,24,200,789,yes,7,4628
2025-05-20T11:02:57.144716,KXBTCD-25MAY2015-T106499.99,DELTA,21,5100,24,200,790,yes,7,-20000
2025-05-20T11:02:57.145658,KXBTCD-25MAY2015-T106499.99,DELTA,21,5100,24,200,791,yes,7,-2000
2025-05-20T11:02:57.163294,KXBTCD-25MAY2015-T106499.99,DELTA,21,5100,24,200,792,yes,7,-1250
2025-05-20T11:02:57.204307,KXBTCD-25MAY2015-T106499.99,DELTA,21,5100,24,200,793,yes,8,2000
2025-05-20T11:02:57.223377,KXBTCD-25MAY2015-T106499.99,DELTA,21,5100,24,200,794,yes,8,1250
2025-05-20T11:02:57.224300,KXBTCD-25MAY2015-T106499.99,DELTA,21,5100,24,200,795,yes,8,20000
2025-05-20T11:02:57.444192,KXBTCD-25MAY2015-T106499.99,DELTA,21,5100,24,200,796,no,71,-100
2025-05-20T11:02:58.004321,KXBTCD-25MAY2015-T106499.99,DELTA,21,5100,24,200,797,yes,7,-4628
2025-05-20T11:02:58.005482,KXBTCD-25MAY2015-T106499.99,DELTA,21,5100,24,200,798,yes,4,8100
2025-05-20T11:02:58.086181,KXBTCD-25MAY2015-T106499.99,DELTA,21,5100,24,200,799,yes,8,-20000
2025-05-20T11:02:58.102650,KXBTCD-25MAY2015-T106499.99,DELTA,21,5100,24,200,800,yes,8,-2000
2025-05-20T11:02:58.103383,KXBTCD-25MAY2015-T106499.99,DELTA,21,5100,24,200,801,yes,8,-1250
2025-05-20T11:02:58.123649,KXBTCD-25MAY2015-T106499.99,DELTA,21,5100,24,200,802,no,71,100
2025-05-20T11:02:58.164132,KXBTCD-25MAY2015-T106499.99,DELTA,21,5100,24,200,803,yes,5,1250
2025-05-20T11:02:58.164798,KXBTCD-25MAY2015-T106499.99,DELTA,21,5100,24,200,804,yes,5,20000
2025-05-20T11:02:58.165319,KXBTCD-25MAY2015-T106499.99,DELTA,21,5100,24,200,805,yes,5,2000
2025-05-20T11:03:00.363388,KXBTCD-25MAY2015-T106499.99,DELTA,21,5100,24,200,806,yes,20,-100
2025-05-20T11:03:00.383139,KXBTCD-25MAY2015-T106499.99,DELTA,21,5100,24,200,807,yes,19,400
2025-05-20T11:03:00.423682,KXBTCD-25MAY2015-T106499.99,DELTA,21,5100,24,200,808,yes,20,-1000
2025-05-20T11:03:00.482696,KXBTCD-25MAY2015-T106499.99,DELTA,21,5100,24,200,809,yes,20,1000
2025-05-20T11:03:01.102964,KXBTCD-25MAY2015-T106499.99,DELTA,21,5100,24,200,810,yes,4,-8100
2025-05-20T11:03:01.103831,KXBTCD-25MAY2015-T106499.99,DELTA,21,5100,24,200,811,yes,6,5400
2025-05-20T11:03:01.182251,KXBTCD-25MAY2015-T106499.99,DELTA,21,5100,24,200,812,yes,5,-20000
2025-05-20T11:03:01.203647,KXBTCD-25MAY2015-T106499.99,DELTA,21,5100,24,200,813,yes,5,-2000
2025-05-20T11:03:01.203961,KXBTCD-25MAY2015-T106499.99,DELTA,21,5100,24,200,814,yes,5,-1250
2025-05-20T11:03:01.262913,KXBTCD-25MAY2015-T106499.99,DELTA,21,5100,24,200,815,yes,7,20000
2025-05-20T11:03:01.303356,KXBTCD-25MAY2015-T106499.99,DELTA,21,5100,24,200,816,yes,7,1250
2025-05-20T11:03:01.304098,KXBTCD-25MAY2015-T106499.99,DELTA,21,5100,24,200,817,yes,7,2000
2025-05-20T11:03:01.573080,KXBTCD-25MAY2015-T106499.99,DELTA,21,5100,24,200,818,yes,20,-1000
2025-05-20T11:03:01.573823,KXBTCD-25MAY2015-T106499.99,DELTA,21,5100,24,200,819,no,72,-2000
2025-05-20T11:03:01.574227,KXBTCD-25MAY2015-T106499.99,DELTA,21,5100,24,200,820,no,72,-1250
2025-05-20T11:03:01.663465,KXBTCD-25MAY2015-T106499.99,DELTA,21,5100,24,200,821,no,71,1250
2025-05-20T11:03:01.684428,KXBTCD-25MAY2015-T106499.99,DELTA,21,5100,24,200,822,no,71,2000
2025-05-20T11:03:01.685449,KXBTCD-25MAY2015-T106499.99,DELTA,21,6100,24,200,823,yes,21,1000
2025-05-20T11:03:02.443142,KXBTCD-25MAY2015-T106499.99,DELTA,21,6100,28,21000,824,no,76,-200
2025-05-20T11:03:02.486629,KXBTCD-25MAY2015-T106499.99,DELTA,21,6100,22,50,825,no,78,50
2025-05-20T11:03:03.164430,KXBTCD-25MAY2015-T106499.99,DELTA,21,6100,22,50,826,yes,6,-5400
2025-05-20T11:03:03.165174,KXBTCD-25MAY2015-T106499.99,DELTA,21,6100,22,50,827,yes,7,4628
2025-05-20T11:03:03.223297,KXBTCD-25MAY2015-T106499.99,DELTA,21,6100,22,50,828,yes,7,-20000
2025-05-20T11:03:03.244435,KXBTCD-25MAY2015-T106499.99,DELTA,21,6100,22,50,829,yes,7,-2000
2025-05-20T11:03:03.245209,KXBTCD-25MAY2015-T106499.99,DELTA,21,6100,22,50,830,yes,7,-1250
2025-05-20T11:03:03.305423,KXBTCD-25MAY2015-T106499.99,DELTA,21,6100,22,50,831,yes,8,2000
2025-05-20T11:03:03.306294,KXBTCD-25MAY2015-T106499.99,DELTA,21,6100,22,50,832,yes,8,20000
2025-05-20T11:03:03.324625,KXBTCD-25MAY2015-T106499.99,DELTA,21,6100,22,50,833,yes,8,1250
2025-05-20T11:03:03.444319,KXBTCD-25MAY2015-T106499.99,DELTA,21,5100,22,50,834,yes,21,-1000
2025-05-20T11:03:03.445061,KXBTCD-25MAY2015-T106499.99,DELTA,21,5100,22,50,835,yes,18,14
2025-05-20T11:03:03.445428,KXBTCD-25MAY2015-T106499.99,DELTA,21,5100,22,50,836,yes,19,-14
2025-05-20T11:03:03.445707,KXBTCD-25MAY2015-T106499.99,DELTA,21,5100,22,50,837,no,71,-2000
2025-05-20T11:03:03.463594,KXBTCD-25MAY2015-T106499.99,DELTA,21,5100,22,50,838,no,71,14
2025-05-20T11:03:03.464214,KXBTCD-25MAY2015-T106499.99,DELTA,21,5100,22,50,839,no,70,-14
2025-05-20T11:03:03.502971,KXBTCD-25MAY2015-T106499.99,DELTA,21,5100,22,50,840,yes,20,1000
2025-05-20T11:03:03.503789,KXBTCD-25MAY2015-T106499.99,DELTA,21,5100,22,50,841,no,72,2000
2025-05-20T11:03:03.564275,KXBTCD-25MAY2015-T106499.99,DELTA,21,5100,28,23000,842,no,78,-50
2025-05-20T11:03:03.602992,KXBTCD-25MAY2015-T106499.99,DELTA,21,5100,22,200,843,no,78,200
2025-05-20T11:03:03.644104,KXBTCD-25MAY2015-T106499.99,DELTA,21,100,22,200,844,yes,21,-5000
2025-05-20T11:03:03.644942,KXBTCD-25MAY2015-T106499.99,DELTA,21,100,22,200,845,yes,20,5000
2025-05-20T11:03:03.746362,KXBTCD-25MAY2015-T106499.99,DELTA,21,100,22,200,846,no,71,-1250
2025-05-20T11:03:03.864428,KXBTCD-25MAY2015-T106499.99,DELTA,21,100,22,200,847,no,72,1250
2025-05-20T11:03:03.865151,KXBTCD-25MAY2015-T106499.99,DELTA,21,100,22,200,848,no,71,-100
2025-05-20T11:03:04.025030,KXBTCD-25MAY2015-T106499.99,DELTA,21,100,22,200,849,no,72,-1250
2025-05-20T11:03:04.105444,KXBTCD-25MAY2015-T106499.99,DELTA,21,100,22,200,850,no,71,1250
2025-05-20T11:03:04.240356,KXBTCD-25MAY2015-T106499.99,DELTA,21,100,22,200,851,yes,7,-4628
2025-05-20T11:03:04.241185,KXBTCD-25MAY2015-T106499.99,DELTA,21,100,22,200,852,yes,4,8100
2025-05-20T11:03:04.323457,KXBTCD-25MAY2015-T106499.99,DELTA,21,100,22,200,853,yes,8,-20000
2025-05-20T11:03:04.324672,KXBTCD-25MAY2015-T106499.99,DELTA,21,100,22,200,854,yes,8,-2000
2025-05-20T11:03:04.346902,KXBTCD-25MAY2015-T106499.99,DELTA,21,100,22,200,855,yes,8,-1250
2025-05-20T11:03:04.383532,KXBTCD-25MAY2015-T106499.99,DELTA,21,100,22,200,856,yes,5,1250
2025-05-20T11:03:04.384112,KXBTCD-25MAY2015-T106499.99,DELTA,21,100,22,200,857,yes,5,20000
2025-05-20T11:03:04.407852,KXBTCD-25MAY2015-T106499.99,DELTA,21,100,22,200,858,yes,5,2000
2025-05-20T11:03:04.482852,KXBTCD-25MAY2015-T106499.99,DELTA,21,100,22,200,859,yes,20,-1000
2025-05-20T11:03:04.483670,KXBTCD-25MAY2015-T106499.99,DELTA,21,100,22,200,860,no,72,-2000
2025-05-20T11:03:04.544544,KXBTCD-25MAY2015-T106499.99,DELTA,21,1100,22,200,861,yes,21,1000
2025-05-20T11:03:04.545622,KXBTCD-25MAY2015-T106499.99,DELTA,21,1100,22,200,862,no,71,2000
2025-05-20T11:03:04.564176,KXBTCD-25MAY2015-T106499.99,DELTA,21,1100,22,200,863,yes,20,-5000
2025-05-20T11:03:04.564571,KXBTCD-25MAY2015-T106499.99,DELTA,21,6100,22,200,864,yes,21,5000
2025-05-20T11:03:04.583391,KXBTCD-25MAY2015-T106499.99,DELTA,21,6100,22,200,865,no,73,9
2025-05-20T11:03:05.105293,KXBTCD-25MAY2015-T106499.99,DELTA,21,6100,22,200,866,no,72,100
2025-05-20T11:03:05.124249,KXBTCD-25MAY2015-T106499.99,DELTA,21,1100,22,200,867,yes,21,-5000
2025-05-20T11:03:05.125324,KXBTCD-25MAY2015-T106499.99,DELTA,21,1100,22,200,868,yes,20,5000
2025-05-20T11:03:05.184373,KXBTCD-25MAY2015-T106499.99,DELTA,21,1100,22,200,869,no,72,-1000
2025-05-20T11:03:05.203108,KXBTCD-25MAY2015-T106499.99,DELTA,21,1100,22,200,870,yes,4,-8100
2025-05-20T11:03:05.203709,KXBTCD-25MAY2015-T106499.99,DELTA,21,1100,22,200,871,yes,6,5400
2025-05-20T11:03:05.225271,KXBTCD-25MAY2015-T106499.99,DELTA,21,1100,22,200,872,no,73,1000
2025-05-20T11:03:05.263270,KXBTCD-25MAY2015-T106499.99,DELTA,21,1100,22,200,873,yes,5,-20000
2025-05-20T11:03:05.263746,KXBTCD-25MAY2015-T106499.99,DELTA,21,1100,22,200,874,yes,5,-2000
2025-05-20T11:03:05.283527,KXBTCD-25MAY2015-T106499.99,DELTA,21,1100,22,200,875,yes,5,-1250
2025-05-20T11:03:05.325042,KXBTCD-25MAY2015-T106499.99,DELTA,21,1100,22,200,876,yes,7,1250
2025-05-20T11:03:05.325741,KXBTCD-25MAY2015-T106499.99,DELTA,21,1100,22,200,877,yes,7,2000
2025-05-20T11:03:05.326070,KXBTCD-25MAY2015-T106499.99,DELTA,21,1100,22,200,878,yes,7,20000
2025-05-20T11:03:05.503637,KXBTCD-25MAY2015-T106499.99,DELTA,21,100,22,200,879,yes,21,-1000
2025-05-20T11:03:05.522333,KXBTCD-25MAY2015-T106499.99,DELTA,21,100,22,200,880,no,71,-2000
2025-05-20T11:03:05.563283,KXBTCD-25MAY2015-T106499.99,DELTA,21,100,22,200,881,no,72,2000
2025-05-20T11:03:05.582869,KXBTCD-25MAY2015-T106499.99,DELTA,21,100,22,200,882,yes,20,1000
2025-05-20T11:03:05.943484,KXBTCD-25MAY2015-T106499.99,DELTA,21,100,22,200,883,yes,19,-400
2025-05-20T11:03:05.944283,KXBTCD-25MAY2015-T106499.99,DELTA,21,100,27,1009,884,no,78,-200
2025-05-20T11:03:06.043263,KXBTCD-25MAY2015-T106499.99,DELTA,21,100,27,1009,885,yes,19,200
2025-05-20T11:03:06.063506,KXBTCD-25MAY2015-T106499.99,DELTA,21,100,22,150,886,no,78,150
2025-05-20T11:03:06.184131,KXBTCD-25MAY2015-T106499.99,DELTA,21,100,22,150,887,yes,6,-5400
2025-05-20T11:03:06.184932,KXBTCD-25MAY2015-T106499.99,DELTA,21,100,22,150,888,yes,7,4628
2025-05-20T11:03:06.245609,KXBTCD-25MAY2015-T106499.99,DELTA,21,100,22,150,889,yes,7,-20000
2025-05-20T11:03:06.264691,KXBTCD-25MAY2015-T106499.99,DELTA,21,100,22,150,890,yes,7,-2000
2025-05-20T11:03:06.265206,KXBTCD-25MAY2015-T106499.99,DELTA,21,100,22,150,891,yes,7,-1250
2025-05-20T11:03:06.345403,KXBTCD-25MAY2015-T106499.99,DELTA,21,100,22,150,892,yes,8,1250
2025-05-20T11:03:06.346225,KXBTCD-25MAY2015-T106499.99,DELTA,21,100,22,150,893,yes,8,20000
2025-05-20T11:03:06.346687,KXBTCD-25MAY2015-T106499.99,DELTA,21,100,22,150,894,yes,8,2000
2025-05-20T11:03:07.185275,KXBTCD-25MAY2015-T106499.99,DELTA,21,100,22,150,895,yes,8,-20000
2025-05-20T11:03:07.206829,KXBTCD-25MAY2015-T106499.99,DELTA,21,100,22,150,896,yes,20,-1000
2025-05-20T11:03:07.207681,KXBTCD-25MAY2015-T106499.99,DELTA,21,100,22,150,897,no,72,-2000
2025-05-20T11:03:07.303729,KXBTCD-25MAY2015-T106499.99,DELTA,21,100,22,150,898,no,71,2000
2025-05-20T11:03:07.304876,KXBTCD-25MAY2015-T106499.99,DELTA,21,1100,22,150,899,yes,21,1000
2025-05-20T11:03:07.305518,KXBTCD-25MAY2015-T106499.99,DELTA,21,1100,22,150,900,yes,20,20000
2025-05-20T11:03:07.305921,KXBTCD-25MAY2015-T106499.99,DELTA,21,1100,22,150,901,no,73,-9
2025-05-20T11:03:07.306158,KXBTCD-25MAY2015-T106499.99,DELTA,21,1100,22,150,902,no,74,9
2025-05-20T11:03:07.364470,KXBTCD-25MAY2015-T106499.99,DELTA,21,1100,22,150,903,yes,20,-20000
2025-05-20T11:03:07.384771,KXBTCD-25MAY2015-T106499.99,DELTA,21,100,22,150,904,yes,21,-1000
2025-05-20T11:03:07.386772,KXBTCD-25MAY2015-T106499.99,DELTA,21,100,22,150,905,no,71,-2000
2025-05-20T11:03:07.424788,KXBTCD-25MAY2015-T106499.99,DELTA,21,100,22,150,906,yes,20,-5000
2025-05-20T11:03:07.425564,KXBTCD-25MAY2015-T106499.99,DELTA,21,5100,22,150,907,yes,21,5000
2025-05-20T11:03:07.426003,KXBTCD-25MAY2015-T106499.99,DELTA,21,5100,26,9,908,no,78,-150
2025-05-20T11:03:07.463643,KXBTCD-25MAY2015-T106499.99,DELTA,21,5100,26,9,909,yes,8,20000
2025-05-20T11:03:07.464346,KXBTCD-25MAY2015-T106499.99,DELTA,21,6100,26,9,910,yes,21,1000
2025-05-20T11:03:07.464756,KXBTCD-25MAY2015-T106499.99,DELTA,21,6100,26,9,911,no,71,2000
2025-05-20T11:03:07.465056,KXBTCD-25MAY2015-T106499.99,DELTA,21,6100,23,300,912,no,77,300
2025-05-20T11:03:07.903549,KXBTCD-25MAY2015-T106499.99,DELTA,21,1100,23,300,913,yes,21,-5000
2025-05-20T11:03:07.904049,KXBTCD-25MAY2015-T106499.99,DELTA,21,1100,23,300,914,yes,20,5000
2025-05-20T11:03:07.984559,KXBTCD-25MAY2015-T106499.99,DELTA,21,1100,23,300,915,yes,8,-20000
2025-05-20T11:03:08.043052,KXBTCD-25MAY2015-T106499.99,DELTA,21,1100,23,300,916,yes,20,20000
2025-05-20T11:03:08.970299,KXBTCD-25MAY2015-T106499.99,DELTA,21,1100,23,300,917,no,71,-1250
2025-05-20T11:03:09.496666,KXBTCD-25MAY2015-T106499.99,DELTA,21,1100,23,300,918,no,71,1250
2025-05-20T11:03:09.565175,KXBTCD-25MAY2015-T106499.99,DELTA,21,1100,23,300,919,yes,19,-200
2025-05-20T11:03:09.603707,KXBTCD-25MAY2015-T106499.99,DELTA,21,1100,23,300,920,no,74,-9
2025-05-20T11:03:09.604262,KXBTCD-25MAY2015-T106499.99,DELTA,21,1100,23,300,921,yes,18,350
2025-05-20T11:03:09.725081,KXBTCD-25MAY2015-T106499.99,DELTA,21,1100,23,300,922,yes,8,-2000
2025-05-20T11:03:09.824209,KXBTCD-25MAY2015-T106499.99,DELTA,21,1100,27,1000,923,no,77,-300
2025-05-20T11:03:09.825013,KXBTCD-25MAY2015-T106499.99,DELTA,21,1100,27,1000,924,yes,18,2000
2025-05-20T11:03:09.903805,KXBTCD-25MAY2015-T106499.99,DELTA,21,1050,27,1000,925,yes,21,-50
2025-05-20T11:03:10.004405,KXBTCD-25MAY2015-T106499.99,DELTA,21,1000,27,1000,926,yes,21,-50
2025-05-20T11:03:10.043509,KXBTCD-25MAY2015-T106499.99,DELTA,21,1000,22,400,927,no,78,400
2025-05-20T11:03:10.283885,KXBTCD-25MAY2015-T106499.99,DELTA,21,1000,22,400,928,yes,20,-20000
2025-05-20T11:03:10.304801,KXBTCD-25MAY2015-T106499.99,DELTA,21,1000,22,400,929,yes,18,-2000
2025-05-20T11:03:10.305888,KXBTCD-25MAY2015-T106499.99,DELTA,20,5000,22,400,930,yes,21,-1000
2025-05-20T11:03:10.343291,KXBTCD-25MAY2015-T106499.99,DELTA,20,5000,22,400,931,no,71,-2000
2025-05-20T11:03:10.423569,KXBTCD-25MAY2015-T106499.99,DELTA,20,5000,22,400,932,yes,18,2000
2025-05-20T11:03:10.424448,KXBTCD-25MAY2015-T106499.99,DELTA,20,25000,22,400,933,yes,20,20000
2025-05-20T11:03:10.443533,KXBTCD-25MAY2015-T106499.99,DELTA,20,25000,22,400,934,no,71,2000
2025-05-20T11:03:10.444319,KXBTCD-25MAY2015-T106499.99,DELTA,21,1000,22,400,935,yes,21,1000
2025-05-20T11:03:10.483545,KXBTCD-25MAY2015-T106499.99,DELTA,21,1000,27,1000,936,no,78,-400
2025-05-20T11:03:10.525268,KXBTCD-25MAY2015-T106499.99,DELTA,21,1000,23,350,937,no,77,350
2025-05-20T11:03:10.625390,KXBTCD-25MAY2015-T106499.99,DELTA,21,1000,23,350,938,yes,20,-5000
2025-05-20T11:03:10.626258,KXBTCD-25MAY2015-T106499.99,DELTA,21,6000,23,350,939,yes,21,5000
2025-05-20T11:03:10.644188,KXBTCD-25MAY2015-T106499.99,DELTA,21,6000,23,350,940,yes,8,-1250
2025-05-20T11:03:10.644958,KXBTCD-25MAY2015-T106499.99,DELTA,21,6000,23,350,941,no,71,-1250
2025-05-20T11:03:10.664795,KXBTCD-25MAY2015-T106499.99,DELTA,21,6000,23,350,942,yes,18,-350
2025-05-20T11:03:10.684906,KXBTCD-25MAY2015-T106499.99,DELTA,21,6000,23,350,943,no,72,-100
2025-05-20T11:03:10.793440,KXBTCD-25MAY2015-T106499.99,DELTA,21,6000,23,350,944,yes,20,200
2025-05-20T11:03:11.025109,KXBTCD-25MAY2015-T106499.99,DELTA,21,6000,23,350,945,no,71,-2000
2025-05-20T11:03:11.025767,KXBTCD-25MAY2015-T106499.99,DELTA,21,6000,27,1000,946,no,77,-350
2025-05-20T11:03:11.026274,KXBTCD-25MAY2015-T106499.99,DELTA,21,6000,24,350,947,no,76,350
2025-05-20T11:03:11.026607,KXBTCD-25MAY2015-T106499.99,DELTA,21,6000,24,350,948,yes,18,1250
2025-05-20T11:03:11.026851,KXBTCD-25MAY2015-T106499.99,DELTA,21,6000,24,350,949,yes,20,-20000
2025-05-20T11:03:11.027071,KXBTCD-25MAY2015-T106499.99,DELTA,21,6000,24,350,950,yes,18,-2000
2025-05-20T11:03:11.027283,KXBTCD-25MAY2015-T106499.99,DELTA,21,5000,24,350,951,yes,21,-1000
2025-05-20T11:03:11.027495,KXBTCD-25MAY2015-T106499.99,DELTA,21,5000,24,350,952,no,73,-1000
2025-05-20T11:03:11.027721,KXBTCD-25MAY2015-T106499.99,DELTA,21,5000,24,350,953,no,41,2000
2025-05-20T11:03:11.076485,KXBTCD-25MAY2015-T106499.99,DELTA,22,1000,24,350,954,yes,22,1000
2025-05-20T11:03:11.077087,KXBTCD-25MAY2015-T106499.99,DELTA,22,1000,24,350,955,yes,18,-1250
2025-05-20T11:03:11.704298,KXBTCD-25MAY2015-T106499.99,DELTA,22,1000,24,350,956,no,24,-1350
2025-05-20T11:03:11.704723,KXBTCD-25MAY2015-T106499.99,DELTA,22,1000,24,350,957,no,72,1000
2025-05-20T11:03:11.705120,KXBTCD-25MAY2015-T106499.99,DELTA,22,1000,24,350,958,yes,8,2000
2025-05-20T11:03:11.705393,KXBTCD-25MAY2015-T106499.99,DELTA,22,1000,24,350,959,yes,8,1250
2025-05-20T11:03:11.705514,KXBTCD-25MAY2015-T106499.99,DELTA,22,1000,24,350,960,yes,18,88
2025-05-20T11:03:11.705597,KXBTCD-25MAY2015-T106499.99,DELTA,22,1000,24,350,961,yes,21,20000
2025-05-20T11:03:11.705670,KXBTCD-25MAY2015-T106499.99,DELTA,22,1000,24,350,962,yes,18,-88
2025-05-20T11:03:12.126770,KXBTCD-25MAY2015-T106499.99,DELTA,22,1000,24,350,963,yes,7,-4628
2025-05-20T11:03:12.128094,KXBTCD-25MAY2015-T106499.99,DELTA,22,1000,24,350,964,yes,4,8100
2025-05-20T11:03:12.224881,KXBTCD-25MAY2015-T106499.99,DELTA,22,1000,24,350,965,yes,8,-2000
2025-05-20T11:03:12.326543,KXBTCD-25MAY2015-T106499.99,DELTA,22,1000,24,350,966,yes,8,-1250
2025-05-20T11:03:12.806013,KXBTCD-25MAY2015-T106499.99,DELTA,22,1000,24,350,967,yes,5,2000
2025-05-20T11:03:12.807067,KXBTCD-25MAY2015-T106499.99,DELTA,22,1000,24,350,968,yes,5,1250
2025-05-20T11:03:12.808094,KXBTCD-25MAY2015-T106499.99,DELTA,22,1000,24,350,969,yes,19,88
2025-05-20T11:03:14.224981,KXBTCD-25MAY2015-T106499.99,DELTA,22,1000,24,350,970,no,73,100
2025-05-20T11:03:14.425046,KXBTCD-25MAY2015-T106499.99,DELTA,22,1000,24,350,971,no,72,-1000
2025-05-20T11:03:14.564736,KXBTCD-25MAY2015-T106499.99,DELTA,22,1000,24,350,972,no,73,1000
2025-05-20T11:03:14.693004,KXBTCD-25MAY2015-T106499.99,DELTA,22,1000,24,350,973,yes,21,-5000
2025-05-20T11:03:14.693685,KXBTCD-25MAY2015-T106499.99,DELTA,22,1000,24,350,974,no,71,-5000
2025-05-20T11:03:14.885872,KXBTCD-25MAY2015-T106499.99,DELTA,22,1000,24,350,975,no,24,1350
2025-05-20T11:03:15.050767,KXBTCD-25MAY2015-T106499.99,DELTA,22,1000,24,350,976,yes,21,-20000
2025-05-20T11:03:15.051326,KXBTCD-25MAY2015-T106499.99,DELTA,20,200,24,350,977,yes,22,-1000
2025-05-20T11:03:15.065026,KXBTCD-25MAY2015-T106499.99,DELTA,20,200,24,350,978,no,72,-20000
2025-05-20T11:03:15.784308,KXBTCD-25MAY2015-T106499.99,DELTA,20,200,24,350,979,no,70,5000
2025-05-20T11:03:15.785825,KXBTCD-25MAY2015-T106499.99,DELTA,21,5000,24,350,980,yes,21,5000
2025-05-20T11:03:15.869034,KXBTCD-25MAY2015-T106499.99,DELTA,21,5000,24,350,981,no,41,-2000
2025-05-20T11:03:15.964759,KXBTCD-25MAY2015-T106499.99,DELTA,21,5000,24,350,982,yes,4,-8100
2025-05-20T11:03:15.965581,KXBTCD-25MAY2015-T106499.99,DELTA,21,5000,24,350,983,yes,6,5400
2025-05-20T11:03:15.984185,KXBTCD-25MAY2015-T106499.99,DELTA,21,5000,24,350,984,no,70,-5000
2025-05-20T11:03:15.984718,KXBTCD-25MAY2015-T106499.99,DELTA,21,5000,24,350,985,no,69,5000
2025-05-20T11:03:16.087234,KXBTCD-25MAY2015-T106499.99,DELTA,21,5000,24,350,986,yes,5,-2000
2025-05-20T11:03:16.104486,KXBTCD-25MAY2015-T106499.99,DELTA,21,5000,24,350,987,yes,5,-1250
2025-05-20T11:03:16.144764,KXBTCD-25MAY2015-T106499.99,DELTA,20,200,24,350,988,yes,21,-5000
2025-05-20T11:03:16.145640,KXBTCD-25MAY2015-T106499.99,DELTA,22,5000,24,350,989,yes,22,5000
2025-05-20T11:03:17.547377,KXBTCD-25MAY2015-T106499.99,DELTA,22,5000,24,350,990,yes,7,20000
2025-05-20T11:03:17.548182,KXBTCD-25MAY2015-T106499.99,DELTA,22,5000,24,350,991,yes,7,2000
2025-05-20T11:03:17.606102,KXBTCD-25MAY2015-T106499.99,DELTA,22,5000,24,350,992,no,70,2000
2025-05-20T11:03:17.606981,KXBTCD-25MAY2015-T106499.99,DELTA,22,5000,24,350,993,no,70,20000
2025-05-20T11:03:17.607473,KXBTCD-25MAY2015-T106499.99,DELTA,22,5000,24,350,994,no,70,1250
2025-05-20T11:03:17.608318,KXBTCD-25MAY2015-T106499.99,DELTA,22,5000,24,350,995,yes,7,1250
2025-05-20T11:03:17.646226,KXBTCD-25MAY2015-T106499.99,DELTA,22,6000,24,350,996,yes,22,1000
2025-05-20T11:03:18.104537,KXBTCD-25MAY2015-T106499.99,DELTA,22,6000,24,350,997,yes,6,-5400
2025-05-20T11:03:18.105704,KXBTCD-25MAY2015-T106499.99,DELTA,22,6000,24,350,998,yes,4,8100
2025-05-20T11:03:18.185002,KXBTCD-25MAY2015-T106499.99,DELTA,22,6000,24,350,999,yes,7,-20000
2025-05-20T11:03:18.210327,KXBTCD-25MAY2015-T106499.99,DELTA,22,6000,24,350,1000,yes,7,-2000
2025-05-20T11:03:18.210963,KXBTCD-25MAY2015-T106499.99,DELTA,22,6000,24,350,1001,yes,7,-1250
2025-05-20T11:03:18.304404,KXBTCD-25MAY2015-T106499.99,DELTA,22,6000,24,350,1002,yes,5,2000
2025-05-20T11:03:18.305373,KXBTCD-25MAY2015-T106499.99,DELTA,22,6000,24,350,1003,yes,5,20000
2025-05-20T11:03:18.305617,KXBTCD-25MAY2015-T106499.99,DELTA,22,6000,24,350,1004,yes,5,1250
2025-05-20T11:03:18.974877,KXBTCD-25MAY2015-T106499.99,DELTA,22,1000,24,350,1005,yes,22,-5000
2025-05-20T11:03:19.200662,KXBTCD-25MAY2015-T106499.99,DELTA,22,1000,24,350,1006,no,69,-5000
2025-05-20T11:03:19.201960,KXBTCD-25MAY2015-T106499.99,DELTA,22,1000,24,350,1007,yes,4,-8100
2025-05-20T11:03:19.202247,KXBTCD-25MAY2015-T106499.99,DELTA,22,1000,24,350,1008,yes,6,5400
2025-05-20T11:03:19.247188,KXBTCD-25MAY2015-T106499.99,DELTA,20,200,24,350,1009,yes,22,-1000
2025-05-20T11:03:19.283000,KXBTCD-25MAY2015-T106499.99,DELTA,20,200,24,350,1010,no,70,-20000
2025-05-20T11:03:19.304140,KXBTCD-25MAY2015-T106499.99,DELTA,20,200,24,350,1011,no,70,-2000
2025-05-20T11:03:19.304883,KXBTCD-25MAY2015-T106499.99,DELTA,20,200,24,350,1012,no,70,-1250
2025-05-20T11:03:19.443523,KXBTCD-25MAY2015-T106499.99,DELTA,21,1000,24,350,1013,yes,21,1000
2025-05-20T11:03:19.444207,KXBTCD-25MAY2015-T106499.99,DELTA,21,1000,24,350,1014,yes,5,-20000
2025-05-20T11:03:19.444670,KXBTCD-25MAY2015-T106499.99,DELTA,21,1000,24,350,1015,yes,5,-2000
2025-05-20T11:03:19.464352,KXBTCD-25MAY2015-T106499.99,DELTA,21,1000,24,350,1016,yes,5,-1250
2025-05-20T11:03:19.844220,KXBTCD-25MAY2015-T106499.99,DELTA,21,1000,24,350,1017,yes,7,20000
2025-05-20T11:03:19.870903,KXBTCD-25MAY2015-T106499.99,DELTA,21,1000,24,350,1018,yes,7,1250
2025-05-20T11:03:19.884123,KXBTCD-25MAY2015-T106499.99,DELTA,21,1000,24,350,1019,yes,7,2000
2025-05-20T11:03:20.425204,KXBTCD-25MAY2015-T106499.99,DELTA,21,1000,24,350,1020,no,41,2000
2025-05-20T11:03:20.709374,KXBTCD-25MAY2015-T106499.99,DELTA,21,1000,24,350,1021,no,69,5000
2025-05-20T11:03:20.730744,KXBTCD-25MAY2015-T106499.99,DELTA,22,5000,24,350,1022,yes,22,5000
2025-05-20T11:03:21.305139,KXBTCD-25MAY2015-T106499.99,DELTA,22,5000,24,350,1023,no,70,20000
2025-05-20T11:03:21.306284,KXBTCD-25MAY2015-T106499.99,DELTA,22,5000,24,350,1024,no,41,-2000
2025-05-20T11:03:21.306845,KXBTCD-25MAY2015-T106499.99,DELTA,22,5000,24,350,1025,yes,21,-1000
2025-05-20T11:03:21.344137,KXBTCD-25MAY2015-T106499.99,DELTA,22,5000,24,350,1026,no,70,1250
2025-05-20T11:03:22.263206,KXBTCD-25MAY2015-T106499.99,DELTA,22,5000,24,350,1027,no,70,2000
2025-05-20T11:03:22.264018,KXBTCD-25MAY2015-T106499.99,DELTA,22,6000,24,350,1028,yes,22,1000
2025-05-20T11:03:25.203954,KXBTCD-25MAY2015-T106499.99,DELTA,22,6000,24,350,1029,no,73,-100
2025-05-20T11:03:25.424763,KXBTCD-25MAY2015-T106499.99,DELTA,22,6000,24,350,1030,no,73,-1000
2025-05-20T11:03:25.625889,KXBTCD-25MAY2015-T106499.99,DELTA,22,6000,24,350,1031,no,70,1000
2025-05-20T11:03:25.652229,KXBTCD-25MAY2015-T106499.99,DELTA,22,5000,24,350,1032,yes,22,-1000
2025-05-20T11:03:25.710433,KXBTCD-25MAY2015-T106499.99,DELTA,22,5000,24,350,1033,yes,21,1000
2025-05-20T11:03:25.885726,KXBTCD-25MAY2015-T106499.99,DELTA,22,5000,24,350,1034,yes,6,-5400
2025-05-20T11:03:25.886609,KXBTCD-25MAY2015-T106499.99,DELTA,22,5000,24,350,1035,yes,4,8100
2025-05-20T11:03:25.944488,KXBTCD-25MAY2015-T106499.99,DELTA,22,5000,24,350,1036,yes,7,-20000
2025-05-20T11:03:25.945732,KXBTCD-25MAY2015-T106499.99,DELTA,22,5000,24,350,1037,yes,7,-2000
2025-05-20T11:03:25.964169,KXBTCD-25MAY2015-T106499.99,DELTA,22,5000,24,350,1038,yes,7,-1250
2025-05-20T11:03:26.023951,KXBTCD-25MAY2015-T106499.99,DELTA,22,5000,24,350,1039,yes,5,1250
2025-05-20T11:03:26.024866,KXBTCD-25MAY2015-T106499.99,DELTA,22,5000,24,350,1040,yes,5,20000
2025-05-20T11:03:26.025528,KXBTCD-25MAY2015-T106499.99,DELTA,22,5000,24,350,1041,yes,5,2000
2025-05-20T11:03:26.822382,KXBTCD-25MAY2015-T106499.99,DELTA,22,5000,24,350,1042,no,74,100
2025-05-20T11:03:26.885821,KXBTCD-25MAY2015-T106499.99,DELTA,22,5000,24,350,1043,no,70,-1000
2025-05-20T11:03:26.964237,KXBTCD-25MAY2015-T106499.99,DELTA,22,5000,24,350,1044,no,74,1000
2025-05-20T11:03:29.304402,KXBTCD-25MAY2015-T106499.99,DELTA,22,5000,24,350,1045,yes,4,-8100
2025-05-20T11:03:29.305241,KXBTCD-25MAY2015-T106499.99,DELTA,22,5000,24,350,1046,yes,6,5400
2025-05-20T11:03:29.364100,KXBTCD-25MAY2015-T106499.99,DELTA,22,5000,24,350,1047,yes,5,-20000
2025-05-20T11:03:29.364822,KXBTCD-25MAY2015-T106499.99,DELTA,22,5000,24,350,1048,yes,5,-2000
2025-05-20T11:03:29.383128,KXBTCD-25MAY2015-T106499.99,DELTA,22,5000,24,350,1049,yes,5,-1250
2025-05-20T11:03:29.443220,KXBTCD-25MAY2015-T106499.99,DELTA,22,5000,24,350,1050,yes,7,1250
2025-05-20T11:03:29.444145,KXBTCD-25MAY2015-T106499.99,DELTA,22,5000,24,350,1051,yes,7,2000
2025-05-20T11:03:29.444815,KXBTCD-25MAY2015-T106499.99,DELTA,22,5000,24,350,1052,yes,7,20000
2025-05-20T11:03:30.267748,KXBTCD-25MAY2015-T106499.99,DELTA,22,5000,24,350,1053,yes,6,-5400
2025-05-20T11:03:30.268876,KXBTCD-25MAY2015-T106499.99,DELTA,22,5000,24,350,1054,yes,4,8100
2025-05-20T11:03:30.365090,KXBTCD-25MAY2015-T106499.99,DELTA,22,5000,24,350,1055,yes,7,-20000
2025-05-20T11:03:30.385057,KXBTCD-25MAY2015-T106499.99,DELTA,22,5000,24,350,1056,yes,7,-2000
2025-05-20T11:03:30.386195,KXBTCD-25MAY2015-T106499.99,DELTA,22,5000,24,350,1057,yes,7,-1250
2025-05-20T11:03:30.444700,KXBTCD-25MAY2015-T106499.99,DELTA,22,5000,24,350,1058,yes,5,20000
2025-05-20T11:03:30.445466,KXBTCD-25MAY2015-T106499.99,DELTA,22,5000,24,350,1059,yes,5,2000
2025-05-20T11:03:30.446054,KXBTCD-25MAY2015-T106499.99,DELTA,22,5000,24,350,1060,yes,5,1250
2025-05-20T11:03:30.465582,KXBTCD-25MAY2015-T106499.99,DELTA,22,5000,24,350,1061,no,74,-100
2025-05-20T11:03:30.484097,KXBTCD-25MAY2015-T106499.99,DELTA,22,5000,24,350,1062,yes,19,-88
2025-05-20T11:03:30.545574,KXBTCD-25MAY2015-T106499.99,DELTA,22,5000,24,350,1063,no,74,-1000
2025-05-20T11:03:30.604886,KXBTCD-25MAY2015-T106499.99,DELTA,22,5000,24,350,1064,no,70,1000
2025-05-20T11:03:31.226032,KXBTCD-25MAY2015-T106499.99,DELTA,22,5000,24,350,1065,yes,4,-8100
2025-05-20T11:03:31.226763,KXBTCD-25MAY2015-T106499.99,DELTA,22,5000,24,350,1066,yes,6,5400
2025-05-20T11:03:31.283892,KXBTCD-25MAY2015-T106499.99,DELTA,22,5000,24,350,1067,yes,5,-20000
2025-05-20T11:03:31.303792,KXBTCD-25MAY2015-T106499.99,DELTA,22,5000,24,350,1068,yes,5,-2000
2025-05-20T11:03:31.304740,KXBTCD-25MAY2015-T106499.99,DELTA,22,5000,24,350,1069,yes,5,-1250
2025-05-20T11:03:31.344359,KXBTCD-25MAY2015-T106499.99,DELTA,22,5000,24,350,1070,yes,19,88
2025-05-20T11:03:31.345324,KXBTCD-25MAY2015-T106499.99,DELTA,22,5000,24,350,1071,no,73,100
2025-05-20T11:03:31.365012,KXBTCD-25MAY2015-T106499.99,DELTA,22,5000,24,350,1072,yes,7,2000
2025-05-20T11:03:31.365997,KXBTCD-25MAY2015-T106499.99,DELTA,22,5000,24,350,1073,yes,7,20000
