timestamp,market_ticker,type,yes_bid_price_cents,yes_bid_qty,yes_ask_price_cents,yes_ask_qty_on_no_side,sequence_num,delta_side,delta_price_cents,delta_quantity
2025-05-22T17:05:53.347812,KXBTCD-25MAY2221-T111499.99,SNAPSHOT,53,200,58,3000,1,,,
2025-05-22T17:05:53.425586,KXBTCD-25MAY2221-T111499.99,DELTA,53,200,58,3000,2,yes,8,-4050
2025-05-22T17:05:53.425740,KXBTCD-25MAY2221-T111499.99,DELTA,53,200,58,3000,3,yes,10,3240
2025-05-22T17:05:53.484168,KXBTCD-25MAY2221-T111499.99,DELTA,53,200,58,3000,4,yes,9,-20000
2025-05-22T17:05:53.745687,KXBTCD-25MAY2221-T111499.99,DELTA,53,200,58,3000,5,yes,11,20000
2025-05-22T17:05:53.786482,KXBTCD-25MAY2221-T111499.99,DELTA,53,200,58,3000,6,yes,45,-1000
2025-05-22T17:05:53.864205,KXBTCD-25MAY2221-T111499.99,DELTA,53,200,58,3000,7,yes,50,1000
2025-05-22T17:05:53.964468,KXBTCD-25MAY2221-T111499.99,DELTA,53,200,58,3000,8,yes,46,-9
2025-05-22T17:05:54.184918,KXBTCD-25MAY2221-T111499.99,DELTA,53,200,58,1000,9,no,42,-2000
2025-05-22T17:05:54.185040,KXBTCD-25MAY2221-T111499.99,DELTA,53,200,58,1000,10,no,40,-1250
2025-05-22T17:05:54.370452,KXBTCD-25MAY2221-T111499.99,DELTA,53,200,58,1000,11,no,39,1250
2025-05-22T17:05:54.370656,KXBTCD-25MAY2221-T111499.99,DELTA,53,200,58,1000,12,no,41,2000
2025-05-22T17:05:54.584661,KXBTCD-25MAY2221-T111499.99,DELTA,53,200,58,1000,13,yes,10,-3240
2025-05-22T17:05:54.584871,KXBTCD-25MAY2221-T111499.99,DELTA,53,200,58,1000,14,yes,12,2700
2025-05-22T17:05:54.664664,KXBTCD-25MAY2221-T111499.99,DELTA,53,200,58,1000,15,yes,11,-20000
2025-05-22T17:05:54.886056,KXBTCD-25MAY2221-T111499.99,DELTA,53,200,58,1000,16,no,41,-250
2025-05-22T17:05:54.905829,KXBTCD-25MAY2221-T111499.99,DELTA,53,200,58,1000,17,no,40,250
2025-05-22T17:05:54.964691,KXBTCD-25MAY2221-T111499.99,DELTA,53,200,58,1000,18,yes,50,-1000
2025-05-22T17:05:54.984511,KXBTCD-25MAY2221-T111499.99,DELTA,53,200,58,1000,19,no,41,-2000
2025-05-22T17:05:54.984620,KXBTCD-25MAY2221-T111499.99,DELTA,53,200,58,1000,20,no,39,-1250
2025-05-22T17:05:55.065440,KXBTCD-25MAY2221-T111499.99,DELTA,53,200,58,1000,21,yes,51,1000
2025-05-22T17:05:55.065646,KXBTCD-25MAY2221-T111499.99,DELTA,53,200,58,1000,22,no,40,2000
2025-05-22T17:05:55.144213,KXBTCD-25MAY2221-T111499.99,DELTA,53,200,58,1000,23,no,38,1250
2025-05-22T17:05:55.184474,KXBTCD-25MAY2221-T111499.99,DELTA,53,200,58,1000,24,yes,46,250
2025-05-22T17:05:55.184581,KXBTCD-25MAY2221-T111499.99,DELTA,53,200,58,1000,25,yes,36,-250
2025-05-22T17:05:55.184657,KXBTCD-25MAY2221-T111499.99,DELTA,53,200,58,1000,26,no,30,250
2025-05-22T17:05:55.204970,KXBTCD-25MAY2221-T111499.99,DELTA,53,200,58,1000,27,no,40,-250
2025-05-22T17:05:55.247675,KXBTCD-25MAY2221-T111499.99,DELTA,53,200,58,1000,28,yes,45,-2000
2025-05-22T17:05:55.247812,KXBTCD-25MAY2221-T111499.99,DELTA,53,200,58,1000,29,yes,45,-1250
2025-05-22T17:05:55.304191,KXBTCD-25MAY2221-T111499.99,DELTA,53,200,58,1000,30,no,40,-2000
2025-05-22T17:05:55.304271,KXBTCD-25MAY2221-T111499.99,DELTA,53,200,58,1000,31,yes,47,2000
2025-05-22T17:05:55.304328,KXBTCD-25MAY2221-T111499.99,DELTA,53,200,58,1000,32,yes,46,1250
2025-05-22T17:05:55.305048,KXBTCD-25MAY2221-T111499.99,DELTA,53,200,58,1000,33,no,38,-1250
2025-05-22T17:05:55.364730,KXBTCD-25MAY2221-T111499.99,DELTA,53,200,58,1000,34,no,41,2000
2025-05-22T17:05:55.364835,KXBTCD-25MAY2221-T111499.99,DELTA,53,200,58,1000,35,no,39,1250
2025-05-22T17:05:55.584398,KXBTCD-25MAY2221-T111499.99,DELTA,53,200,58,1000,36,yes,51,-1000
2025-05-22T17:05:55.603728,KXBTCD-25MAY2221-T111499.99,DELTA,53,200,58,1000,37,yes,46,-1250
2025-05-22T17:05:55.603825,KXBTCD-25MAY2221-T111499.99,DELTA,53,200,58,1000,38,no,39,-1250
2025-05-22T17:05:55.664071,KXBTCD-25MAY2221-T111499.99,DELTA,53,200,58,1000,39,no,40,1250
2025-05-22T17:05:55.664185,KXBTCD-25MAY2221-T111499.99,DELTA,53,200,58,1000,40,yes,45,1250
2025-05-22T17:05:55.664244,KXBTCD-25MAY2221-T111499.99,DELTA,53,200,58,1000,41,yes,50,1000
2025-05-22T17:05:55.725570,KXBTCD-25MAY2221-T111499.99,DELTA,53,200,58,1000,42,yes,48,9
2025-05-22T17:05:57.144782,KXBTCD-25MAY2221-T111499.99,DELTA,53,200,58,1000,43,yes,36,250
2025-05-22T17:05:57.165825,KXBTCD-25MAY2221-T111499.99,DELTA,53,200,58,1000,44,yes,46,-250
2025-05-22T17:05:57.224438,KXBTCD-25MAY2221-T111499.99,DELTA,53,200,58,1000,45,yes,47,-2000
2025-05-22T17:05:57.245413,KXBTCD-25MAY2221-T111499.99,DELTA,53,200,58,1000,46,yes,48,-9
2025-05-22T17:05:57.265028,KXBTCD-25MAY2221-T111499.99,DELTA,53,200,58,1000,47,yes,45,2000
2025-05-22T17:05:57.764397,KXBTCD-25MAY2221-T111499.99,DELTA,53,200,58,1000,48,yes,50,-1000
2025-05-22T17:05:57.804666,KXBTCD-25MAY2221-T111499.99,DELTA,53,200,58,1000,49,yes,45,1000
2025-05-22T17:05:58.085779,KXBTCD-25MAY2221-T111499.99,DELTA,53,200,58,1000,50,yes,45,-1250
2025-05-22T17:05:58.085883,KXBTCD-25MAY2221-T111499.99,DELTA,53,200,58,1000,51,no,40,-1250
2025-05-22T17:05:58.104919,KXBTCD-25MAY2221-T111499.99,DELTA,53,200,58,1000,52,yes,50,-30
2025-05-22T17:05:58.105069,KXBTCD-25MAY2221-T111499.99,DELTA,53,200,58,1000,53,yes,1,-8000
2025-05-22T17:05:58.105142,KXBTCD-25MAY2221-T111499.99,DELTA,53,200,58,1000,54,yes,51,-14
2025-05-22T17:05:58.105408,KXBTCD-25MAY2221-T111499.99,DELTA,53,200,58,1000,55,yes,48,30
2025-05-22T17:05:58.105516,KXBTCD-25MAY2221-T111499.99,DELTA,53,200,58,1000,56,no,39,-14
2025-05-22T17:05:58.105583,KXBTCD-25MAY2221-T111499.99,DELTA,53,200,58,1000,57,no,39,-30
2025-05-22T17:05:58.125826,KXBTCD-25MAY2221-T111499.99,DELTA,53,200,58,1000,58,no,40,30
2025-05-22T17:05:58.125971,KXBTCD-25MAY2221-T111499.99,DELTA,53,200,58,1000,59,yes,49,14
2025-05-22T17:05:58.126034,KXBTCD-25MAY2221-T111499.99,DELTA,53,200,58,1000,60,no,41,14
2025-05-22T17:05:58.145160,KXBTCD-25MAY2221-T111499.99,DELTA,53,200,58,1000,61,no,41,1250
2025-05-22T17:05:58.151460,KXBTCD-25MAY2221-T111499.99,DELTA,53,200,58,1000,62,yes,44,1250
2025-05-22T17:05:58.165466,KXBTCD-25MAY2221-T111499.99,DELTA,53,200,58,1000,63,no,40,250
2025-05-22T17:05:58.165550,KXBTCD-25MAY2221-T111499.99,DELTA,53,200,58,1000,64,no,30,-250
2025-05-22T17:05:58.165607,KXBTCD-25MAY2221-T111499.99,DELTA,52,100,58,1000,65,yes,53,-200
2025-05-22T17:05:58.185529,KXBTCD-25MAY2221-T111499.99,DELTA,52,100,58,1000,66,no,40,-250
2025-05-22T17:05:58.204714,KXBTCD-25MAY2221-T111499.99,DELTA,52,100,58,1000,67,yes,46,9
2025-05-22T17:05:58.244547,KXBTCD-25MAY2221-T111499.99,DELTA,52,100,58,1000,68,yes,45,-1000
2025-05-22T17:05:58.244636,KXBTCD-25MAY2221-T111499.99,DELTA,52,350,58,1000,69,yes,52,250
2025-05-22T17:05:58.264587,KXBTCD-25MAY2221-T111499.99,DELTA,52,350,58,1200,70,no,42,200
2025-05-22T17:05:58.285032,KXBTCD-25MAY2221-T111499.99,DELTA,52,350,58,1200,71,yes,48,1000
2025-05-22T17:05:58.345681,KXBTCD-25MAY2221-T111499.99,DELTA,52,350,58,1200,72,no,41,-2000
2025-05-22T17:05:58.346108,KXBTCD-25MAY2221-T111499.99,DELTA,52,350,58,200,73,no,42,-1000
2025-05-22T17:05:58.404646,KXBTCD-25MAY2221-T111499.99,DELTA,52,350,57,2000,74,no,43,2000
2025-05-22T17:05:58.404776,KXBTCD-25MAY2221-T111499.99,DELTA,52,350,57,3000,75,no,43,1000
2025-05-22T17:06:00.204206,KXBTCD-25MAY2221-T111499.99,DELTA,52,350,57,3000,76,yes,12,-2700
2025-05-22T17:06:00.204366,KXBTCD-25MAY2221-T111499.99,DELTA,52,350,57,3000,77,yes,4,8100
2025-05-22T17:06:00.265298,KXBTCD-25MAY2221-T111499.99,DELTA,52,350,57,3000,78,yes,5,20000
2025-05-22T17:06:00.324657,KXBTCD-25MAY2221-T111499.99,DELTA,52,100,57,3000,79,yes,52,-250
2025-05-22T17:06:00.324753,KXBTCD-25MAY2221-T111499.99,DELTA,52,100,57,3000,80,yes,46,-9
2025-05-22T17:06:00.324820,KXBTCD-25MAY2221-T111499.99,DELTA,52,100,57,3000,81,no,10,-200
2025-05-22T17:06:00.324881,KXBTCD-25MAY2221-T111499.99,DELTA,52,100,57,3000,82,no,20,200
2025-05-22T17:06:00.345110,KXBTCD-25MAY2221-T111499.99,DELTA,52,100,57,3000,83,yes,44,-1250
2025-05-22T17:06:00.405108,KXBTCD-25MAY2221-T111499.99,DELTA,52,100,57,3000,84,no,42,-200
2025-05-22T17:06:00.425254,KXBTCD-25MAY2221-T111499.99,DELTA,52,100,57,3000,85,yes,48,-1000
2025-05-22T17:06:00.425350,KXBTCD-25MAY2221-T111499.99,DELTA,52,100,57,3000,86,yes,43,1250
2025-05-22T17:06:00.445257,KXBTCD-25MAY2221-T111499.99,DELTA,52,100,57,3000,87,yes,51,100
2025-05-22T17:06:00.466477,KXBTCD-25MAY2221-T111499.99,DELTA,52,100,56,100,88,no,44,100
2025-05-22T17:06:00.505375,KXBTCD-25MAY2221-T111499.99,DELTA,52,100,56,100,89,no,43,-2000
2025-05-22T17:06:00.505470,KXBTCD-25MAY2221-T111499.99,DELTA,52,100,56,100,90,no,43,-1000
2025-05-22T17:06:00.587932,KXBTCD-25MAY2221-T111499.99,DELTA,52,100,56,100,91,yes,36,-250
2025-05-22T17:06:00.588032,KXBTCD-25MAY2221-T111499.99,DELTA,52,100,56,100,92,yes,45,1000
2025-05-22T17:06:00.588102,KXBTCD-25MAY2221-T111499.99,DELTA,52,100,56,100,93,yes,46,250
2025-05-22T17:06:00.588157,KXBTCD-25MAY2221-T111499.99,DELTA,52,100,56,100,94,no,41,2000
2025-05-22T17:06:00.588209,KXBTCD-25MAY2221-T111499.99,DELTA,52,100,55,1000,95,no,45,1000
2025-05-22T17:06:00.588260,KXBTCD-25MAY2221-T111499.99,DELTA,52,100,55,1000,96,no,32,-250
2025-05-22T17:06:00.588308,KXBTCD-25MAY2221-T111499.99,DELTA,52,100,55,1000,97,no,42,250
2025-05-22T17:06:00.684800,KXBTCD-25MAY2221-T111499.99,DELTA,52,100,55,1000,98,yes,45,-1000
2025-05-22T17:06:00.685779,KXBTCD-25MAY2221-T111499.99,DELTA,52,100,55,1000,99,no,41,-2000
2025-05-22T17:06:00.704421,KXBTCD-25MAY2221-T111499.99,DELTA,52,100,55,1000,100,no,41,-1250
2025-05-22T17:06:00.744734,KXBTCD-25MAY2221-T111499.99,DELTA,52,100,55,1000,101,no,42,1250
2025-05-22T17:06:00.744838,KXBTCD-25MAY2221-T111499.99,DELTA,52,100,55,1000,102,no,43,2000
2025-05-22T17:06:00.764642,KXBTCD-25MAY2221-T111499.99,DELTA,52,100,55,1000,103,yes,47,1000
2025-05-22T17:06:00.925148,KXBTCD-25MAY2221-T111499.99,DELTA,52,100,55,1000,104,yes,46,30
2025-05-22T17:06:00.925266,KXBTCD-25MAY2221-T111499.99,DELTA,52,100,55,1000,105,yes,48,-30
2025-05-22T17:06:00.925508,KXBTCD-25MAY2221-T111499.99,DELTA,52,100,55,1000,106,yes,49,-14
2025-05-22T17:06:00.925573,KXBTCD-25MAY2221-T111499.99,DELTA,52,100,55,1000,107,no,41,-14
2025-05-22T17:06:00.925778,KXBTCD-25MAY2221-T111499.99,DELTA,52,100,55,1000,108,no,42,30
2025-05-22T17:06:00.925843,KXBTCD-25MAY2221-T111499.99,DELTA,52,100,55,1000,109,no,40,-30
2025-05-22T17:06:00.925912,KXBTCD-25MAY2221-T111499.99,DELTA,52,100,55,1000,110,yes,47,14
2025-05-22T17:06:00.945216,KXBTCD-25MAY2221-T111499.99,DELTA,52,100,55,1000,111,no,43,14
2025-05-22T17:06:01.025040,KXBTCD-25MAY2221-T111499.99,DELTA,52,100,55,1000,112,yes,51,-100
2025-05-22T17:06:01.085616,KXBTCD-25MAY2221-T111499.99,DELTA,52,100,55,1000,113,yes,50,150
2025-05-22T17:06:01.145672,KXBTCD-25MAY2221-T111499.99,DELTA,52,100,55,1000,114,yes,48,9
2025-05-22T17:06:01.225024,KXBTCD-25MAY2221-T111499.99,DELTA,52,100,55,1000,115,no,44,250
2025-05-22T17:06:01.225394,KXBTCD-25MAY2221-T111499.99,DELTA,52,100,55,1000,116,no,34,-250
2025-05-22T17:06:01.305239,KXBTCD-25MAY2221-T111499.99,DELTA,52,100,55,1000,117,no,43,-2000
2025-05-22T17:06:01.345618,KXBTCD-25MAY2221-T111499.99,DELTA,52,100,55,1000,118,no,44,2000
2025-05-22T17:06:01.544891,KXBTCD-25MAY2221-T111499.99,DELTA,52,100,55,1000,119,no,41,-100
2025-05-22T17:06:01.545032,KXBTCD-25MAY2221-T111499.99,DELTA,50,150,55,1000,120,yes,52,-100
2025-05-22T17:06:01.624488,KXBTCD-25MAY2221-T111499.99,DELTA,50,150,55,1000,121,yes,46,-250
2025-05-22T17:06:01.624610,KXBTCD-25MAY2221-T111499.99,DELTA,50,150,55,1000,122,yes,36,250
2025-05-22T17:06:01.664604,KXBTCD-25MAY2221-T111499.99,DELTA,50,150,55,1000,123,yes,45,-2000
2025-05-22T17:06:01.684510,KXBTCD-25MAY2221-T111499.99,DELTA,50,150,55,1000,124,yes,43,-1250
2025-05-22T17:06:01.684624,KXBTCD-25MAY2221-T111499.99,DELTA,50,150,55,1000,125,no,44,-2000
2025-05-22T17:06:01.705856,KXBTCD-25MAY2221-T111499.99,DELTA,50,150,55,1000,126,no,42,-1250
2025-05-22T17:06:01.784227,KXBTCD-25MAY2221-T111499.99,DELTA,50,150,55,1000,127,yes,42,1250
2025-05-22T17:06:01.784328,KXBTCD-25MAY2221-T111499.99,DELTA,50,150,55,1000,128,no,43,1250
2025-05-22T17:06:01.784385,KXBTCD-25MAY2221-T111499.99,DELTA,50,150,55,1000,129,yes,44,2000
2025-05-22T17:06:01.784436,KXBTCD-25MAY2221-T111499.99,DELTA,50,150,55,3000,130,no,45,2000
2025-05-22T17:06:01.904303,KXBTCD-25MAY2221-T111499.99,DELTA,50,150,55,3000,131,yes,48,-9
2025-05-22T17:06:02.886033,KXBTCD-25MAY2221-T111499.99,DELTA,50,150,55,3000,132,yes,4,-8100
2025-05-22T17:06:02.886207,KXBTCD-25MAY2221-T111499.99,DELTA,50,150,55,3000,133,yes,6,5400
2025-05-22T17:06:02.964543,KXBTCD-25MAY2221-T111499.99,DELTA,50,150,55,3000,134,no,11,-2945
2025-05-22T17:06:02.964695,KXBTCD-25MAY2221-T111499.99,DELTA,50,150,55,3000,135,no,4,8100
2025-05-22T17:06:02.965027,KXBTCD-25MAY2221-T111499.99,DELTA,50,150,55,3000,136,yes,5,-20000
2025-05-22T17:06:03.004905,KXBTCD-25MAY2221-T111499.99,DELTA,50,150,55,3000,137,yes,7,20000
2025-05-22T17:06:03.025821,KXBTCD-25MAY2221-T111499.99,DELTA,50,150,55,3000,138,no,5,20000
2025-05-22T17:06:03.225126,KXBTCD-25MAY2221-T111499.99,DELTA,50,250,55,3000,139,yes,50,100
2025-05-22T17:06:03.225298,KXBTCD-25MAY2221-T111499.99,DELTA,50,250,55,3000,140,no,42,100
2025-05-22T17:06:04.225928,KXBTCD-25MAY2221-T111499.99,DELTA,50,250,55,3000,141,yes,6,-5400
2025-05-22T17:06:04.226089,KXBTCD-25MAY2221-T111499.99,DELTA,50,250,55,3000,142,yes,8,4050
2025-05-22T17:06:04.285727,KXBTCD-25MAY2221-T111499.99,DELTA,50,250,55,3000,143,no,4,-8100
2025-05-22T17:06:04.285877,KXBTCD-25MAY2221-T111499.99,DELTA,50,250,55,3000,144,no,6,5400
2025-05-22T17:06:04.305167,KXBTCD-25MAY2221-T111499.99,DELTA,50,250,55,3000,145,yes,7,-20000
2025-05-22T17:06:04.367485,KXBTCD-25MAY2221-T111499.99,DELTA,50,250,55,3000,146,no,5,-20000
2025-05-22T17:06:04.381758,KXBTCD-25MAY2221-T111499.99,DELTA,50,250,55,3000,147,yes,9,20000
2025-05-22T17:06:04.381879,KXBTCD-25MAY2221-T111499.99,DELTA,50,250,55,3000,148,yes,47,-1000
2025-05-22T17:06:04.404596,KXBTCD-25MAY2221-T111499.99,DELTA,50,250,55,3000,149,no,7,20000
2025-05-22T17:06:04.445137,KXBTCD-25MAY2221-T111499.99,DELTA,50,250,55,3000,150,yes,46,1000
2025-05-22T17:06:04.604351,KXBTCD-25MAY2221-T111499.99,DELTA,50,100,55,3000,151,yes,50,-150
2025-05-22T17:06:04.649387,KXBTCD-25MAY2221-T111499.99,DELTA,50,100,55,3000,152,yes,49,250
2025-05-22T17:06:04.744212,KXBTCD-25MAY2221-T111499.99,DELTA,50,100,55,3000,153,no,42,-100
2025-05-22T17:06:04.873167,KXBTCD-25MAY2221-T111499.99,DELTA,50,100,55,3000,154,yes,47,-14
2025-05-22T17:06:04.873311,KXBTCD-25MAY2221-T111499.99,DELTA,50,100,55,3000,155,yes,46,14
2025-05-22T17:06:04.873443,KXBTCD-25MAY2221-T111499.99,DELTA,50,100,55,3000,156,yes,45,30
2025-05-22T17:06:04.873532,KXBTCD-25MAY2221-T111499.99,DELTA,50,100,55,3000,157,yes,46,-30
2025-05-22T17:06:04.873596,KXBTCD-25MAY2221-T111499.99,DELTA,50,100,55,3000,158,no,44,14
2025-05-22T17:06:04.873654,KXBTCD-25MAY2221-T111499.99,DELTA,50,100,55,3000,159,no,43,-14
2025-05-22T17:06:04.884497,KXBTCD-25MAY2221-T111499.99,DELTA,50,100,55,3000,160,no,42,-30
2025-05-22T17:06:04.884577,KXBTCD-25MAY2221-T111499.99,DELTA,50,100,55,3000,161,no,43,30
2025-05-22T17:06:04.905989,KXBTCD-25MAY2221-T111499.99,DELTA,50,100,55,3000,162,no,44,-100
2025-05-22T17:06:04.951115,KXBTCD-25MAY2221-T111499.99,DELTA,50,100,55,3000,163,no,1,8000
2025-05-22T17:06:04.951224,KXBTCD-25MAY2221-T111499.99,DELTA,50,100,55,3000,164,yes,44,-2000
2025-05-22T17:06:04.967904,KXBTCD-25MAY2221-T111499.99,DELTA,50,100,55,3000,165,yes,46,-1000
2025-05-22T17:06:04.967989,KXBTCD-25MAY2221-T111499.99,DELTA,50,100,55,3000,166,yes,42,-1250
2025-05-22T17:06:04.968781,KXBTCD-25MAY2221-T111499.99,DELTA,50,100,55,3000,167,no,43,-1250
2025-05-22T17:06:04.984572,KXBTCD-25MAY2221-T111499.99,DELTA,50,100,55,3000,168,yes,49,-250
2025-05-22T17:06:05.025339,KXBTCD-25MAY2221-T111499.99,DELTA,50,100,55,3000,169,yes,49,50
2025-05-22T17:06:05.025505,KXBTCD-25MAY2221-T111499.99,DELTA,50,100,54,150,170,no,46,150
2025-05-22T17:06:05.071300,KXBTCD-25MAY2221-T111499.99,DELTA,50,100,54,150,171,yes,34,250
2025-05-22T17:06:05.071456,KXBTCD-25MAY2221-T111499.99,DELTA,50,100,54,150,172,yes,41,1250
2025-05-22T17:06:05.071613,KXBTCD-25MAY2221-T111499.99,DELTA,50,100,54,150,173,no,44,1250
2025-05-22T17:06:05.071674,KXBTCD-25MAY2221-T111499.99,DELTA,50,100,54,150,174,yes,45,1000
2025-05-22T17:06:05.085198,KXBTCD-25MAY2221-T111499.99,DELTA,50,100,54,150,175,yes,43,2000
2025-05-22T17:06:05.085431,KXBTCD-25MAY2221-T111499.99,DELTA,50,100,54,150,176,yes,46,9
2025-05-22T17:06:05.104504,KXBTCD-25MAY2221-T111499.99,DELTA,50,100,54,150,177,yes,44,-250
2025-05-22T17:06:05.125842,KXBTCD-25MAY2221-T111499.99,DELTA,50,100,54,150,178,no,45,-2000
2025-05-22T17:06:05.144966,KXBTCD-25MAY2221-T111499.99,DELTA,50,100,54,150,179,no,45,-1000
2025-05-22T17:06:05.165871,KXBTCD-25MAY2221-T111499.99,DELTA,50,100,54,150,180,no,36,-250
2025-05-22T17:06:05.166005,KXBTCD-25MAY2221-T111499.99,DELTA,50,100,54,150,181,yes,44,250
2025-05-22T17:06:05.186311,KXBTCD-25MAY2221-T111499.99,DELTA,50,100,54,2150,182,no,46,2000
2025-05-22T17:06:05.186462,KXBTCD-25MAY2221-T111499.99,DELTA,50,100,53,1000,183,no,47,1000
2025-05-22T17:06:05.186529,KXBTCD-25MAY2221-T111499.99,DELTA,50,100,53,1000,184,yes,34,-250
2025-05-22T17:06:05.205361,KXBTCD-25MAY2221-T111499.99,DELTA,50,100,53,1000,185,no,46,250
2025-05-22T17:06:05.344680,KXBTCD-25MAY2221-T111499.99,DELTA,50,100,53,1000,186,yes,8,-4050
2025-05-22T17:06:05.344787,KXBTCD-25MAY2221-T111499.99,DELTA,50,100,53,1000,187,yes,10,3240
2025-05-22T17:06:05.385444,KXBTCD-25MAY2221-T111499.99,DELTA,50,100,53,1000,188,no,6,-5400
2025-05-22T17:06:05.385549,KXBTCD-25MAY2221-T111499.99,DELTA,50,100,53,1000,189,no,8,4050
2025-05-22T17:06:05.405010,KXBTCD-25MAY2221-T111499.99,DELTA,50,100,53,1000,190,yes,9,-20000
2025-05-22T17:06:05.446398,KXBTCD-25MAY2221-T111499.99,DELTA,50,100,53,1000,191,no,7,-20000
2025-05-22T17:06:05.485278,KXBTCD-25MAY2221-T111499.99,DELTA,50,100,53,1000,192,no,9,20000
2025-05-22T17:06:05.664956,KXBTCD-25MAY2221-T111499.99,DELTA,50,100,53,1000,193,yes,11,20000
2025-05-22T17:06:06.211029,KXBTCD-25MAY2221-T111499.99,DELTA,50,100,53,1000,194,yes,45,-1000
2025-05-22T17:06:06.246950,KXBTCD-25MAY2221-T111499.99,DELTA,50,100,53,1000,195,yes,46,1000
2025-05-22T17:06:06.266857,KXBTCD-25MAY2221-T111499.99,DELTA,50,100,53,1000,196,no,43,100
2025-05-22T17:06:06.424617,KXBTCD-25MAY2221-T111499.99,DELTA,50,100,53,1000,197,yes,46,-1000
2025-05-22T17:06:06.464994,KXBTCD-25MAY2221-T111499.99,DELTA,50,100,53,765,198,no,47,-235
2025-05-22T17:06:06.465196,KXBTCD-25MAY2221-T111499.99,DELTA,50,100,53,765,199,yes,45,1000
2025-05-22T17:06:06.565888,KXBTCD-25MAY2221-T111499.99,DELTA,50,100,53,765,200,yes,10,-3240
2025-05-22T17:06:06.566439,KXBTCD-25MAY2221-T111499.99,DELTA,50,100,53,765,201,yes,12,2700
2025-05-22T17:06:06.604699,KXBTCD-25MAY2221-T111499.99,DELTA,50,100,53,765,202,no,8,-4050
2025-05-22T17:06:06.605149,KXBTCD-25MAY2221-T111499.99,DELTA,50,100,53,765,203,no,10,3240
2025-05-22T17:06:06.628074,KXBTCD-25MAY2221-T111499.99,DELTA,50,100,53,765,204,yes,11,-20000
2025-05-22T17:06:06.665268,KXBTCD-25MAY2221-T111499.99,DELTA,50,100,53,765,205,no,9,-20000
2025-05-22T17:06:06.705244,KXBTCD-25MAY2221-T111499.99,DELTA,50,100,53,765,206,no,11,20000
2025-05-22T17:06:06.823814,KXBTCD-25MAY2221-T111499.99,DELTA,50,100,53,765,207,no,43,-100
2025-05-22T17:06:06.844532,KXBTCD-25MAY2221-T111499.99,DELTA,49,50,53,765,208,yes,50,-100
2025-05-22T17:06:07.865371,KXBTCD-25MAY2221-T111499.99,DELTA,49,50,53,765,209,yes,12,-2700
2025-05-22T17:06:07.866090,KXBTCD-25MAY2221-T111499.99,DELTA,49,50,53,765,210,yes,4,8100
2025-05-22T17:06:07.907285,KXBTCD-25MAY2221-T111499.99,DELTA,46,23,53,765,211,yes,49,-50
2025-05-22T17:06:07.908788,KXBTCD-25MAY2221-T111499.99,DELTA,46,23,53,765,212,no,10,-3240
2025-05-22T17:06:07.909984,KXBTCD-25MAY2221-T111499.99,DELTA,46,23,53,765,213,no,12,2700
2025-05-22T17:06:07.945966,KXBTCD-25MAY2221-T111499.99,DELTA,46,23,53,765,214,yes,5,20000
2025-05-22T17:06:07.947296,KXBTCD-25MAY2221-T111499.99,DELTA,48,250,53,765,215,yes,48,250
2025-05-22T17:06:07.964223,KXBTCD-25MAY2221-T111499.99,DELTA,48,250,53,765,216,yes,46,-9
2025-05-22T17:06:07.964924,KXBTCD-25MAY2221-T111499.99,DELTA,48,250,53,765,217,no,11,-20000
2025-05-22T17:06:08.878663,KXBTCD-25MAY2221-T111499.99,DELTA,48,250,53,765,218,no,44,100
2025-05-22T17:06:08.878861,KXBTCD-25MAY2221-T111499.99,DELTA,48,350,53,765,219,yes,48,100
2025-05-22T17:06:09.824475,KXBTCD-25MAY2221-T111499.99,DELTA,48,350,53,765,220,yes,43,-2000
2025-05-22T17:06:09.845064,KXBTCD-25MAY2221-T111499.99,DELTA,48,350,53,765,221,yes,41,-1250
2025-05-22T17:06:09.845172,KXBTCD-25MAY2221-T111499.99,DELTA,48,350,53,765,222,no,46,-2000
2025-05-22T17:06:09.865607,KXBTCD-25MAY2221-T111499.99,DELTA,48,350,53,765,223,no,44,-1250
2025-05-22T17:06:09.865730,KXBTCD-25MAY2221-T111499.99,DELTA,48,350,53,765,224,yes,44,14
2025-05-22T17:06:09.865794,KXBTCD-25MAY2221-T111499.99,DELTA,48,350,53,765,225,no,20,-3000
2025-05-22T17:06:09.865847,KXBTCD-25MAY2221-T111499.99,DELTA,48,350,53,765,226,yes,45,-30
2025-05-22T17:06:09.884706,KXBTCD-25MAY2221-T111499.99,DELTA,48,350,53,765,227,yes,46,-14
2025-05-22T17:06:09.884851,KXBTCD-25MAY2221-T111499.99,DELTA,48,350,53,765,228,yes,43,30
2025-05-22T17:06:09.884980,KXBTCD-25MAY2221-T111499.99,DELTA,48,350,53,765,229,no,43,-30
2025-05-22T17:06:09.885041,KXBTCD-25MAY2221-T111499.99,DELTA,48,350,53,765,230,no,46,14
2025-05-22T17:06:09.885236,KXBTCD-25MAY2221-T111499.99,DELTA,48,350,53,765,231,no,45,30
2025-05-22T17:06:09.885288,KXBTCD-25MAY2221-T111499.99,DELTA,48,350,53,765,232,yes,34,250
2025-05-22T17:06:09.885336,KXBTCD-25MAY2221-T111499.99,DELTA,48,350,53,765,233,no,44,-14
2025-05-22T17:06:09.885381,KXBTCD-25MAY2221-T111499.99,DELTA,48,350,53,765,234,yes,44,-250
2025-05-22T17:06:09.905120,KXBTCD-25MAY2221-T111499.99,DELTA,48,350,53,765,235,yes,45,-1000
2025-05-22T17:06:09.945351,KXBTCD-25MAY2221-T111499.99,DELTA,48,350,53,765,236,no,28,3000
2025-05-22T17:06:09.945471,KXBTCD-25MAY2221-T111499.99,DELTA,48,350,53,765,237,yes,39,1250
2025-05-22T17:06:09.945549,KXBTCD-25MAY2221-T111499.99,DELTA,48,350,53,2765,238,no,47,2000
2025-05-22T17:06:09.945603,KXBTCD-25MAY2221-T111499.99,DELTA,48,350,53,2765,239,yes,41,2000
2025-05-22T17:06:09.964573,KXBTCD-25MAY2221-T111499.99,DELTA,48,350,53,2765,240,no,46,1250
2025-05-22T17:06:09.964730,KXBTCD-25MAY2221-T111499.99,DELTA,48,100,53,2765,241,yes,48,-250
2025-05-22T17:06:09.964859,KXBTCD-25MAY2221-T111499.99,DELTA,48,100,53,2765,242,no,46,-150
2025-05-22T17:06:10.025159,KXBTCD-25MAY2221-T111499.99,DELTA,48,100,53,2765,243,yes,47,100
2025-05-22T17:06:10.045664,KXBTCD-25MAY2221-T111499.99,DELTA,48,100,52,100,244,no,48,100
2025-05-22T17:06:10.086101,KXBTCD-25MAY2221-T111499.99,DELTA,48,100,52,100,245,yes,43,1000
2025-05-22T17:06:10.124213,KXBTCD-25MAY2221-T111499.99,DELTA,48,100,52,100,246,no,38,-250
2025-05-22T17:06:10.124399,KXBTCD-25MAY2221-T111499.99,DELTA,48,100,52,350,247,no,48,250
2025-05-22T17:06:10.144705,KXBTCD-25MAY2221-T111499.99,DELTA,48,100,52,350,248,no,47,-765
2025-05-22T17:06:10.224350,KXBTCD-25MAY2221-T111499.99,DELTA,48,100,51,1000,249,no,49,1000
2025-05-22T17:06:10.284290,KXBTCD-25MAY2221-T111499.99,DELTA,48,100,51,1000,250,no,47,-2000
2025-05-22T17:06:10.323799,KXBTCD-25MAY2221-T111499.99,DELTA,48,100,51,1000,251,no,48,2000
2025-05-22T17:06:10.485317,KXBTCD-25MAY2221-T111499.99,DELTA,48,100,51,1000,252,no,44,-100
2025-05-22T17:06:12.005340,KXBTCD-25MAY2221-T111499.99,DELTA,48,100,51,1000,253,no,45,100
2025-05-22T17:06:12.125490,KXBTCD-25MAY2221-T111499.99,DELTA,48,100,51,1000,254,yes,44,9
2025-05-22T17:06:12.225308,KXBTCD-25MAY2221-T111499.99,DELTA,48,100,51,1000,255,yes,43,-1000
2025-05-22T17:06:12.266533,KXBTCD-25MAY2221-T111499.99,DELTA,48,100,51,1000,256,yes,44,1000
2025-05-22T17:06:12.405471,KXBTCD-25MAY2221-T111499.99,DELTA,48,100,51,1000,257,no,48,-100
2025-05-22T17:06:12.464822,KXBTCD-25MAY2221-T111499.99,DELTA,48,100,51,1000,258,no,47,50
2025-05-22T17:06:12.874306,KXBTCD-25MAY2221-T111499.99,DELTA,48,100,51,1000,259,yes,41,-2000
2025-05-22T17:06:12.874411,KXBTCD-25MAY2221-T111499.99,DELTA,48,100,51,1000,260,yes,39,-1250
2025-05-22T17:06:12.874715,KXBTCD-25MAY2221-T111499.99,DELTA,48,100,51,1000,261,no,48,-2000
2025-05-22T17:06:12.874819,KXBTCD-25MAY2221-T111499.99,DELTA,48,100,51,1000,262,no,46,-1250
2025-05-22T17:06:12.884788,KXBTCD-25MAY2221-T111499.99,DELTA,48,100,51,1000,263,no,47,2000
2025-05-22T17:06:12.884917,KXBTCD-25MAY2221-T111499.99,DELTA,48,100,51,1000,264,yes,42,2000
2025-05-22T17:06:12.884997,KXBTCD-25MAY2221-T111499.99,DELTA,48,100,51,1000,265,yes,40,1250
2025-05-22T17:06:12.885065,KXBTCD-25MAY2221-T111499.99,DELTA,48,100,51,1000,266,no,45,1250
2025-05-22T17:06:12.904779,KXBTCD-25MAY2221-T111499.99,DELTA,48,100,51,1000,267,yes,44,-9
2025-05-22T17:06:13.203995,KXBTCD-25MAY2221-T111499.99,DELTA,48,100,51,1000,268,no,47,-50
2025-05-22T17:06:13.250715,KXBTCD-25MAY2221-T111499.99,DELTA,48,100,51,1000,269,no,46,250
2025-05-22T17:06:13.267467,KXBTCD-25MAY2221-T111499.99,DELTA,48,100,51,1000,270,yes,47,-100
2025-05-22T17:06:13.305681,KXBTCD-25MAY2221-T111499.99,DELTA,49,50,51,1000,271,yes,49,50
2025-05-22T17:06:13.366829,KXBTCD-25MAY2221-T111499.99,DELTA,48,100,51,1000,272,yes,49,-50
2025-05-22T17:06:13.424700,KXBTCD-25MAY2221-T111499.99,DELTA,49,150,51,1000,273,yes,49,150
2025-05-22T17:06:13.664165,KXBTCD-25MAY2221-T111499.99,DELTA,49,150,51,1000,274,no,38,250
2025-05-22T17:06:13.664360,KXBTCD-25MAY2221-T111499.99,DELTA,49,150,51,1000,275,no,48,-250
2025-05-22T17:06:13.705086,KXBTCD-25MAY2221-T111499.99,DELTA,49,150,51,1000,276,yes,42,-2000
2025-05-22T17:06:13.725923,KXBTCD-25MAY2221-T111499.99,DELTA,49,150,51,1000,277,yes,40,-1250
2025-05-22T17:06:13.726353,KXBTCD-25MAY2221-T111499.99,DELTA,49,150,51,1000,278,no,47,-2000
2025-05-22T17:06:13.744495,KXBTCD-25MAY2221-T111499.99,DELTA,49,150,54,514,279,no,49,-1000
2025-05-22T17:06:13.744734,KXBTCD-25MAY2221-T111499.99,DELTA,49,150,54,514,280,no,45,-1250
2025-05-22T17:06:13.765094,KXBTCD-25MAY2221-T111499.99,DELTA,49,150,54,514,281,no,1,-8000
2025-05-22T17:06:13.765182,KXBTCD-25MAY2221-T111499.99,DELTA,49,150,54,264,282,no,46,-250
2025-05-22T17:06:13.806379,KXBTCD-25MAY2221-T111499.99,DELTA,49,150,54,264,283,yes,45,9
2025-05-22T17:06:13.824833,KXBTCD-25MAY2221-T111499.99,DELTA,49,150,54,264,284,no,45,100
2025-05-22T17:06:13.824929,KXBTCD-25MAY2221-T111499.99,DELTA,49,150,54,264,285,yes,4,-8100
2025-05-22T17:06:13.825004,KXBTCD-25MAY2221-T111499.99,DELTA,49,150,54,264,286,yes,6,5400
2025-05-22T17:06:13.884372,KXBTCD-25MAY2221-T111499.99,DELTA,49,150,54,264,287,no,12,-2700
2025-05-22T17:06:13.884516,KXBTCD-25MAY2221-T111499.99,DELTA,49,150,54,264,288,no,4,8100
2025-05-22T17:06:13.884681,KXBTCD-25MAY2221-T111499.99,DELTA,49,150,54,264,289,no,45,-100
2025-05-22T17:06:13.884744,KXBTCD-25MAY2221-T111499.99,DELTA,49,150,54,264,290,no,45,2000
2025-05-22T17:06:13.885582,KXBTCD-25MAY2221-T111499.99,DELTA,49,150,54,264,291,yes,42,1250
2025-05-22T17:06:13.904051,KXBTCD-25MAY2221-T111499.99,DELTA,49,150,54,264,292,yes,43,2000
2025-05-22T17:06:13.904483,KXBTCD-25MAY2221-T111499.99,DELTA,49,150,53,1000,293,no,47,1000
2025-05-22T17:06:13.904760,KXBTCD-25MAY2221-T111499.99,DELTA,49,150,53,1000,294,no,43,1250
2025-05-22T17:06:13.944928,KXBTCD-25MAY2221-T111499.99,DELTA,48,100,53,1000,295,yes,49,-150
2025-05-22T17:06:13.964783,KXBTCD-25MAY2221-T111499.99,DELTA,48,100,53,1000,296,yes,5,-20000
2025-05-22T17:06:13.964861,KXBTCD-25MAY2221-T111499.99,DELTA,48,100,53,1000,297,no,5,20000
2025-05-22T17:06:14.004670,KXBTCD-25MAY2221-T111499.99,DELTA,51,100,53,1000,298,yes,51,100
2025-05-22T17:06:14.025769,KXBTCD-25MAY2221-T111499.99,DELTA,51,100,53,1000,299,no,44,100
2025-05-22T17:06:14.046150,KXBTCD-25MAY2221-T111499.99,DELTA,51,100,53,1000,300,yes,7,20000
2025-05-22T17:06:14.166098,KXBTCD-25MAY2221-T111499.99,DELTA,51,100,53,1000,301,yes,44,250
2025-05-22T17:06:14.244785,KXBTCD-25MAY2221-T111499.99,DELTA,51,100,53,1000,302,yes,43,-2000
2025-05-22T17:06:14.244943,KXBTCD-25MAY2221-T111499.99,DELTA,51,100,53,1000,303,yes,34,-250
2025-05-22T17:06:14.245055,KXBTCD-25MAY2221-T111499.99,DELTA,51,100,53,1000,304,yes,44,-1000
2025-05-22T17:06:14.304315,KXBTCD-25MAY2221-T111499.99,DELTA,51,100,53,1000,305,yes,45,1000
2025-05-22T17:06:14.304454,KXBTCD-25MAY2221-T111499.99,DELTA,51,100,53,1000,306,yes,44,2000
2025-05-22T17:06:14.644666,KXBTCD-25MAY2221-T111499.99,DELTA,51,100,53,1000,307,no,46,-250
2025-05-22T17:06:14.644767,KXBTCD-25MAY2221-T111499.99,DELTA,51,100,53,1000,308,no,36,250
2025-05-22T17:06:14.644911,KXBTCD-25MAY2221-T111499.99,DELTA,51,100,53,1000,309,yes,44,-2000
2025-05-22T17:06:14.665478,KXBTCD-25MAY2221-T111499.99,DELTA,51,100,53,1000,310,yes,42,-1250
2025-05-22T17:06:14.665558,KXBTCD-25MAY2221-T111499.99,DELTA,51,100,53,1000,311,no,45,-2000
2025-05-22T17:06:14.684215,KXBTCD-25MAY2221-T111499.99,DELTA,51,100,53,1000,312,no,43,-1250
2025-05-22T17:06:14.705271,KXBTCD-25MAY2221-T111499.99,DELTA,51,100,53,1000,313,no,45,-100
2025-05-22T17:06:14.724315,KXBTCD-25MAY2221-T111499.99,DELTA,51,100,53,1000,314,yes,48,-100
2025-05-22T17:06:14.724390,KXBTCD-25MAY2221-T111499.99,DELTA,51,100,54,14,315,no,47,-1000
2025-05-22T17:06:14.744349,KXBTCD-25MAY2221-T111499.99,DELTA,51,100,54,14,316,yes,45,2000
2025-05-22T17:06:14.746539,KXBTCD-25MAY2221-T111499.99,DELTA,51,100,54,14,317,yes,43,1250
2025-05-22T17:06:14.746607,KXBTCD-25MAY2221-T111499.99,DELTA,51,100,54,14,318,no,42,1250
2025-05-22T17:06:14.746671,KXBTCD-25MAY2221-T111499.99,DELTA,51,100,54,14,319,no,44,2000
2025-05-22T17:06:14.784070,KXBTCD-25MAY2221-T111499.99,DELTA,51,100,54,14,320,yes,45,-9
2025-05-22T17:06:14.784159,KXBTCD-25MAY2221-T111499.99,DELTA,51,100,54,1014,321,no,46,1000
2025-05-22T17:06:14.784225,KXBTCD-25MAY2221-T111499.99,DELTA,51,100,54,1014,322,yes,46,9
2025-05-22T17:06:15.230623,KXBTCD-25MAY2221-T111499.99,DELTA,51,100,54,1014,323,yes,36,-250
2025-05-22T17:06:15.230750,KXBTCD-25MAY2221-T111499.99,DELTA,51,100,54,1014,324,yes,46,250
2025-05-22T17:06:15.230894,KXBTCD-25MAY2221-T111499.99,DELTA,51,100,54,1014,325,yes,45,-1000
2025-05-22T17:06:15.314277,KXBTCD-25MAY2221-T111499.99,DELTA,51,100,54,1014,326,yes,47,1000
2025-05-22T17:06:15.583598,KXBTCD-25MAY2221-T111499.99,DELTA,51,100,54,1014,327,no,44,-100
2025-05-22T17:06:15.624294,KXBTCD-25MAY2221-T111499.99,DELTA,51,100,54,1014,328,no,43,250
2025-05-22T17:06:15.704243,KXBTCD-25MAY2221-T111499.99,DELTA,51,100,54,1014,329,yes,46,-9
2025-05-22T17:06:15.725418,KXBTCD-25MAY2221-T111499.99,DELTA,47,1000,54,1014,330,yes,51,-100
2025-05-22T17:06:15.764431,KXBTCD-25MAY2221-T111499.99,DELTA,50,250,54,1014,331,yes,50,250
2025-05-22T17:06:16.645311,KXBTCD-25MAY2221-T111499.99,DELTA,50,250,54,1014,332,yes,6,-5400
2025-05-22T17:06:16.645517,KXBTCD-25MAY2221-T111499.99,DELTA,50,250,54,1014,333,yes,8,4050
2025-05-22T17:06:16.685212,KXBTCD-25MAY2221-T111499.99,DELTA,50,250,54,1014,334,no,4,-8100
2025-05-22T17:06:16.685417,KXBTCD-25MAY2221-T111499.99,DELTA,50,250,54,1014,335,no,6,5400
2025-05-22T17:06:16.704248,KXBTCD-25MAY2221-T111499.99,DELTA,50,250,54,1014,336,yes,7,-20000
2025-05-22T17:06:16.745452,KXBTCD-25MAY2221-T111499.99,DELTA,50,250,54,1014,337,no,5,-20000
2025-05-22T17:06:16.745592,KXBTCD-25MAY2221-T111499.99,DELTA,50,250,54,1014,338,yes,9,20000
2025-05-22T17:06:16.841635,KXBTCD-25MAY2221-T111499.99,DELTA,50,250,54,1014,339,no,7,20000
2025-05-22T17:06:17.588583,KXBTCD-25MAY2221-T111499.99,DELTA,50,250,54,1014,340,no,43,100
2025-05-22T17:06:17.604778,KXBTCD-25MAY2221-T111499.99,DELTA,50,250,54,1014,341,yes,49,100
2025-05-22T17:06:17.844245,KXBTCD-25MAY2221-T111499.99,DELTA,50,250,54,1014,342,yes,8,-4050
2025-05-22T17:06:17.844394,KXBTCD-25MAY2221-T111499.99,DELTA,50,250,54,1014,343,yes,10,3240
2025-05-22T17:06:17.905311,KXBTCD-25MAY2221-T111499.99,DELTA,50,250,54,1014,344,no,6,-5400
2025-05-22T17:06:17.905427,KXBTCD-25MAY2221-T111499.99,DELTA,50,250,54,1014,345,no,8,4050
2025-05-22T17:06:17.905496,KXBTCD-25MAY2221-T111499.99,DELTA,50,250,54,1014,346,yes,9,-20000
2025-05-22T17:06:17.944504,KXBTCD-25MAY2221-T111499.99,DELTA,50,250,54,1014,347,yes,11,20000
2025-05-22T17:06:17.964543,KXBTCD-25MAY2221-T111499.99,DELTA,50,250,54,1014,348,no,7,-20000
2025-05-22T17:06:18.004595,KXBTCD-25MAY2221-T111499.99,DELTA,50,250,54,1014,349,no,9,20000
2025-05-22T17:06:18.384963,KXBTCD-25MAY2221-T111499.99,DELTA,50,250,54,1014,350,no,43,-250
2025-05-22T17:06:18.426524,KXBTCD-25MAY2221-T111499.99,DELTA,50,250,54,1014,351,no,45,50
2025-05-22T17:06:18.917883,KXBTCD-25MAY2221-T111499.99,DELTA,50,250,54,1014,352,yes,46,-250
2025-05-22T17:06:18.918027,KXBTCD-25MAY2221-T111499.99,DELTA,50,250,54,1014,353,yes,36,250
2025-05-22T17:06:18.918102,KXBTCD-25MAY2221-T111499.99,DELTA,50,250,54,1014,354,yes,47,-1000
2025-05-22T17:06:18.945369,KXBTCD-25MAY2221-T111499.99,DELTA,50,250,54,1014,355,yes,45,1000
2025-05-22T17:06:19.045882,KXBTCD-25MAY2221-T111499.99,DELTA,50,250,54,1014,356,yes,10,-3240
2025-05-22T17:06:19.046048,KXBTCD-25MAY2221-T111499.99,DELTA,50,250,54,1014,357,yes,12,2700
2025-05-22T17:06:19.046112,KXBTCD-25MAY2221-T111499.99,DELTA,50,250,54,1014,358,no,43,-100
2025-05-22T17:06:19.085058,KXBTCD-25MAY2221-T111499.99,DELTA,50,250,54,1014,359,no,8,-4050
2025-05-22T17:06:19.085145,KXBTCD-25MAY2221-T111499.99,DELTA,50,250,54,1014,360,no,10,3240
2025-05-22T17:06:19.125008,KXBTCD-25MAY2221-T111499.99,DELTA,50,250,54,1014,361,yes,11,-20000
2025-05-22T17:06:19.146029,KXBTCD-25MAY2221-T111499.99,DELTA,50,250,54,1014,362,no,36,-250
2025-05-22T17:06:19.146106,KXBTCD-25MAY2221-T111499.99,DELTA,50,250,54,1264,363,no,46,250
2025-05-22T17:06:19.146157,KXBTCD-25MAY2221-T111499.99,DELTA,50,250,54,1264,364,yes,45,-2000
2025-05-22T17:06:19.146204,KXBTCD-25MAY2221-T111499.99,DELTA,49,100,54,1264,365,yes,50,-250
2025-05-22T17:06:19.165627,KXBTCD-25MAY2221-T111499.99,DELTA,49,100,54,1264,366,yes,43,-1250
2025-05-22T17:06:19.165694,KXBTCD-25MAY2221-T111499.99,DELTA,49,100,54,1264,367,no,45,-50
2025-05-22T17:06:19.165742,KXBTCD-25MAY2221-T111499.99,DELTA,49,100,54,1264,368,no,44,-2000
2025-05-22T17:06:19.185011,KXBTCD-25MAY2221-T111499.99,DELTA,49,100,54,1264,369,no,42,-1250
2025-05-22T17:06:19.205459,KXBTCD-25MAY2221-T111499.99,DELTA,49,300,54,1264,370,yes,49,200
2025-05-22T17:06:19.225501,KXBTCD-25MAY2221-T111499.99,DELTA,49,300,54,1264,371,no,45,250
2025-05-22T17:06:19.264724,KXBTCD-25MAY2221-T111499.99,DELTA,49,300,54,1264,372,yes,42,1250
2025-05-22T17:06:19.264809,KXBTCD-25MAY2221-T111499.99,DELTA,49,300,54,1264,373,no,43,1250
2025-05-22T17:06:19.264866,KXBTCD-25MAY2221-T111499.99,DELTA,49,300,54,1264,374,yes,44,2000
2025-05-22T17:06:19.264917,KXBTCD-25MAY2221-T111499.99,DELTA,49,300,54,1264,375,no,9,-20000
2025-05-22T17:06:19.284835,KXBTCD-25MAY2221-T111499.99,DELTA,49,300,54,1264,376,no,45,2000
2025-05-22T17:06:19.284946,KXBTCD-25MAY2221-T111499.99,DELTA,49,300,54,264,377,no,46,-1000
2025-05-22T17:06:19.325604,KXBTCD-25MAY2221-T111499.99,DELTA,49,300,53,1000,378,no,47,1000
2025-05-22T17:06:19.344735,KXBTCD-25MAY2221-T111499.99,DELTA,49,300,53,1000,379,no,11,20000
2025-05-22T17:06:20.104303,KXBTCD-25MAY2221-T111499.99,DELTA,49,300,53,1000,380,yes,12,-2700
2025-05-22T17:06:20.205917,KXBTCD-25MAY2221-T111499.99,DELTA,49,300,53,1000,381,no,10,-3240
2025-05-22T17:06:20.206033,KXBTCD-25MAY2221-T111499.99,DELTA,49,300,53,1000,382,no,12,2700
2025-05-22T17:06:20.300434,KXBTCD-25MAY2221-T111499.99,DELTA,49,300,53,1000,383,no,11,-20000
2025-05-22T17:06:20.365121,KXBTCD-25MAY2221-T111499.99,DELTA,49,300,53,1000,384,yes,44,-2000
2025-05-22T17:06:20.386015,KXBTCD-25MAY2221-T111499.99,DELTA,49,300,53,1000,385,yes,42,-1250
2025-05-22T17:06:20.386508,KXBTCD-25MAY2221-T111499.99,DELTA,49,300,53,1000,386,no,45,-2000
2025-05-22T17:06:20.405248,KXBTCD-25MAY2221-T111499.99,DELTA,49,300,53,1000,387,no,43,-1250
2025-05-22T17:06:20.405331,KXBTCD-25MAY2221-T111499.99,DELTA,49,100,53,1000,388,yes,49,-200
2025-05-22T17:06:20.444881,KXBTCD-25MAY2221-T111499.99,DELTA,49,100,53,1000,389,yes,34,250
2025-05-22T17:06:20.444957,KXBTCD-25MAY2221-T111499.99,DELTA,49,100,53,1000,390,yes,44,-250
2025-05-22T17:06:20.464231,KXBTCD-25MAY2221-T111499.99,DELTA,49,100,53,1000,391,no,44,1250
2025-05-22T17:06:20.464373,KXBTCD-25MAY2221-T111499.99,DELTA,49,100,53,1000,392,yes,43,2000
2025-05-22T17:06:20.464435,KXBTCD-25MAY2221-T111499.99,DELTA,49,100,53,1000,393,no,46,2000
2025-05-22T17:06:20.464489,KXBTCD-25MAY2221-T111499.99,DELTA,49,100,53,1000,394,yes,41,1250
2025-05-22T17:06:20.464641,KXBTCD-25MAY2221-T111499.99,DELTA,49,100,53,1000,395,no,45,-250
2025-05-22T17:06:20.525804,KXBTCD-25MAY2221-T111499.99,DELTA,49,100,53,1000,396,no,1,8000
2025-05-22T17:06:20.526263,KXBTCD-25MAY2221-T111499.99,DELTA,49,100,53,1000,397,yes,48,100
2025-05-22T17:06:20.545050,KXBTCD-25MAY2221-T111499.99,DELTA,49,100,53,1100,398,no,47,100
2025-05-22T17:06:20.564511,KXBTCD-25MAY2221-T111499.99,DELTA,49,100,53,1100,399,yes,45,-1000
2025-05-22T17:06:20.584912,KXBTCD-25MAY2221-T111499.99,DELTA,49,100,53,1100,400,no,46,-2000
2025-05-22T17:06:20.604779,KXBTCD-25MAY2221-T111499.99,DELTA,49,100,53,1100,401,no,44,-1250
2025-05-22T17:06:20.665671,KXBTCD-25MAY2221-T111499.99,DELTA,49,100,53,1100,402,yes,44,1000
2025-05-22T17:06:20.665764,KXBTCD-25MAY2221-T111499.99,DELTA,49,100,53,1100,403,yes,43,-2000
2025-05-22T17:06:20.665917,KXBTCD-25MAY2221-T111499.99,DELTA,49,100,53,1100,404,yes,41,-1250
2025-05-22T17:06:20.725104,KXBTCD-25MAY2221-T111499.99,DELTA,49,100,53,3100,405,no,47,2000
2025-05-22T17:06:20.725422,KXBTCD-25MAY2221-T111499.99,DELTA,49,100,53,2100,406,no,47,-1000
2025-05-22T17:06:20.725488,KXBTCD-25MAY2221-T111499.99,DELTA,49,100,53,2100,407,no,45,1250
2025-05-22T17:06:20.765231,KXBTCD-25MAY2221-T111499.99,DELTA,49,100,53,2100,408,yes,42,2000
2025-05-22T17:06:20.765329,KXBTCD-25MAY2221-T111499.99,DELTA,49,100,53,2100,409,yes,40,1250
2025-05-22T17:06:20.785859,KXBTCD-25MAY2221-T111499.99,DELTA,49,100,52,1000,410,no,48,1000
2025-05-22T17:06:21.125097,KXBTCD-25MAY2221-T111499.99,DELTA,49,100,52,1000,411,no,12,-2700
2025-05-22T17:06:21.245220,KXBTCD-25MAY2221-T111499.99,DELTA,49,100,52,1000,412,yes,42,-2000
2025-05-22T17:06:21.265093,KXBTCD-25MAY2221-T111499.99,DELTA,49,100,52,1000,413,yes,40,-1250
2025-05-22T17:06:21.265186,KXBTCD-25MAY2221-T111499.99,DELTA,49,100,52,1000,414,no,47,-2000
2025-05-22T17:06:21.284557,KXBTCD-25MAY2221-T111499.99,DELTA,49,100,52,1000,415,no,45,-1250
2025-05-22T17:06:21.284656,KXBTCD-25MAY2221-T111499.99,DELTA,49,100,52,1000,416,yes,45,9
2025-05-22T17:06:21.345755,KXBTCD-25MAY2221-T111499.99,DELTA,49,100,52,1000,417,yes,4,8100
2025-05-22T17:06:21.345871,KXBTCD-25MAY2221-T111499.99,DELTA,49,100,52,1000,418,yes,41,1250
2025-05-22T17:06:21.345935,KXBTCD-25MAY2221-T111499.99,DELTA,49,100,52,1000,419,no,46,2000
2025-05-22T17:06:21.345988,KXBTCD-25MAY2221-T111499.99,DELTA,49,100,52,1000,420,yes,43,2000
2025-05-22T17:06:21.346043,KXBTCD-25MAY2221-T111499.99,DELTA,49,100,52,1000,421,no,44,1250
2025-05-22T17:06:21.406134,KXBTCD-25MAY2221-T111499.99,DELTA,49,100,52,1000,422,yes,5,20000
2025-05-22T17:06:21.504867,KXBTCD-25MAY2221-T111499.99,DELTA,48,100,52,1000,423,yes,49,-100
2025-05-22T17:06:21.585096,KXBTCD-25MAY2221-T111499.99,DELTA,48,100,52,1000,424,no,44,100
2025-05-22T17:06:21.905480,KXBTCD-25MAY2221-T111499.99,DELTA,48,100,52,1000,425,no,47,-100
2025-05-22T17:06:21.926632,KXBTCD-25MAY2221-T111499.99,DELTA,48,100,52,1000,426,no,46,250
2025-05-22T17:06:21.966682,KXBTCD-25MAY2221-T111499.99,DELTA,48,100,54,2514,427,no,48,-1000
2025-05-22T17:06:22.006711,KXBTCD-25MAY2221-T111499.99,DELTA,48,100,53,1000,428,no,47,1000
2025-05-22T17:06:22.025947,KXBTCD-25MAY2221-T111499.99,DELTA,48,100,53,1000,429,yes,45,-9
2025-05-22T17:06:22.165492,KXBTCD-25MAY2221-T111499.99,DELTA,48,100,53,1000,430,no,46,-250
2025-05-22T17:06:22.185010,KXBTCD-25MAY2221-T111499.99,DELTA,48,100,53,1000,431,no,45,250
2025-05-22T17:06:22.467392,KXBTCD-25MAY2221-T111499.99,DELTA,48,100,53,1000,432,yes,43,-2000
2025-05-22T17:06:22.467587,KXBTCD-25MAY2221-T111499.99,DELTA,48,100,53,1000,433,yes,41,-1250
2025-05-22T17:06:22.467662,KXBTCD-25MAY2221-T111499.99,DELTA,48,100,53,1000,434,no,46,-2000
2025-05-22T17:06:22.467719,KXBTCD-25MAY2221-T111499.99,DELTA,48,100,53,1000,435,no,44,-1250
2025-05-22T17:06:22.545412,KXBTCD-25MAY2221-T111499.99,DELTA,48,100,53,3000,436,no,47,2000
2025-05-22T17:06:22.545519,KXBTCD-25MAY2221-T111499.99,DELTA,48,100,53,3000,437,no,45,1250
2025-05-22T17:06:22.545591,KXBTCD-25MAY2221-T111499.99,DELTA,48,100,53,3000,438,yes,42,2000
2025-05-22T17:06:22.545656,KXBTCD-25MAY2221-T111499.99,DELTA,48,100,53,3000,439,yes,40,1250
2025-05-22T17:06:22.785992,KXBTCD-25MAY2221-T111499.99,DELTA,48,200,53,3000,440,yes,48,100
2025-05-22T17:06:22.804263,KXBTCD-25MAY2221-T111499.99,DELTA,48,200,53,3000,441,yes,42,-2000
2025-05-22T17:06:22.824780,KXBTCD-25MAY2221-T111499.99,DELTA,48,200,53,3000,442,yes,40,-1250
2025-05-22T17:06:22.824993,KXBTCD-25MAY2221-T111499.99,DELTA,48,200,53,1000,443,no,47,-2000
2025-05-22T17:06:22.844280,KXBTCD-25MAY2221-T111499.99,DELTA,48,200,53,1000,444,no,45,-1250
2025-05-22T17:06:22.885086,KXBTCD-25MAY2221-T111499.99,DELTA,48,200,53,1000,445,yes,43,2000
2025-05-22T17:06:22.885196,KXBTCD-25MAY2221-T111499.99,DELTA,48,200,53,1000,446,yes,41,1250
2025-05-22T17:06:22.885259,KXBTCD-25MAY2221-T111499.99,DELTA,48,200,53,1000,447,no,46,2000
2025-05-22T17:06:22.904088,KXBTCD-25MAY2221-T111499.99,DELTA,48,200,53,1000,448,no,44,1250
2025-05-22T17:06:23.214932,KXBTCD-25MAY2221-T111499.99,DELTA,48,200,53,1000,449,yes,34,-250
2025-05-22T17:06:23.215044,KXBTCD-25MAY2221-T111499.99,DELTA,48,200,53,1000,450,yes,44,250
2025-05-22T17:06:23.244656,KXBTCD-25MAY2221-T111499.99,DELTA,48,200,53,1000,451,yes,44,-1000
2025-05-22T17:06:23.264911,KXBTCD-25MAY2221-T111499.99,DELTA,48,100,53,1000,452,yes,48,-100
2025-05-22T17:06:23.285960,KXBTCD-25MAY2221-T111499.99,DELTA,48,350,53,1000,453,yes,48,250
2025-05-22T17:06:23.305038,KXBTCD-25MAY2221-T111499.99,DELTA,48,350,53,1000,454,yes,45,1000
2025-05-22T17:06:23.584951,KXBTCD-25MAY2221-T111499.99,DELTA,48,350,53,1000,455,yes,43,-2000
2025-05-22T17:06:23.585075,KXBTCD-25MAY2221-T111499.99,DELTA,48,350,53,1000,456,yes,41,-1250
2025-05-22T17:06:23.604541,KXBTCD-25MAY2221-T111499.99,DELTA,48,350,53,1000,457,no,46,-2000
2025-05-22T17:06:23.604649,KXBTCD-25MAY2221-T111499.99,DELTA,48,350,53,1000,458,no,44,-1250
2025-05-22T17:06:23.665356,KXBTCD-25MAY2221-T111499.99,DELTA,48,350,53,1000,459,yes,40,1250
2025-05-22T17:06:23.665459,KXBTCD-25MAY2221-T111499.99,DELTA,48,350,53,1000,460,yes,42,2000
2025-05-22T17:06:23.665523,KXBTCD-25MAY2221-T111499.99,DELTA,48,350,53,1000,461,no,45,1250
2025-05-22T17:06:23.665577,KXBTCD-25MAY2221-T111499.99,DELTA,48,350,53,3000,462,no,47,2000
2025-05-22T17:06:24.147638,KXBTCD-25MAY2221-T111499.99,DELTA,48,350,53,3000,463,yes,42,-2000
2025-05-22T17:06:24.225648,KXBTCD-25MAY2221-T111499.99,DELTA,48,350,53,3000,464,yes,40,-1250
2025-05-22T17:06:24.226179,KXBTCD-25MAY2221-T111499.99,DELTA,48,350,53,1000,465,no,47,-2000
2025-05-22T17:06:24.245135,KXBTCD-25MAY2221-T111499.99,DELTA,48,350,53,1000,466,no,45,-1250
2025-05-22T17:06:24.304804,KXBTCD-25MAY2221-T111499.99,DELTA,48,350,53,1000,467,no,44,1250
2025-05-22T17:06:24.304926,KXBTCD-25MAY2221-T111499.99,DELTA,48,350,53,1000,468,no,46,2000
2025-05-22T17:06:24.305005,KXBTCD-25MAY2221-T111499.99,DELTA,48,350,53,1000,469,yes,41,1250
2025-05-22T17:06:24.305068,KXBTCD-25MAY2221-T111499.99,DELTA,48,350,53,1000,470,yes,43,2000
2025-05-22T17:06:25.804979,KXBTCD-25MAY2221-T111499.99,DELTA,48,350,53,1000,471,no,1,-8000
2025-05-22T17:06:27.684987,KXBTCD-25MAY2221-T111499.99,DELTA,48,350,53,1000,472,yes,43,-2000
2025-05-22T17:06:27.685206,KXBTCD-25MAY2221-T111499.99,DELTA,48,350,53,1000,473,yes,41,-1250
2025-05-22T17:06:27.704661,KXBTCD-25MAY2221-T111499.99,DELTA,48,350,53,1000,474,no,46,-2000
2025-05-22T17:06:27.704784,KXBTCD-25MAY2221-T111499.99,DELTA,48,350,53,1000,475,no,44,-1250
2025-05-22T17:06:27.764577,KXBTCD-25MAY2221-T111499.99,DELTA,48,350,53,1000,476,no,45,2000
2025-05-22T17:06:27.764802,KXBTCD-25MAY2221-T111499.99,DELTA,48,350,53,1000,477,yes,44,2000
2025-05-22T17:06:27.764883,KXBTCD-25MAY2221-T111499.99,DELTA,48,350,53,1000,478,no,43,1250
2025-05-22T17:06:27.764941,KXBTCD-25MAY2221-T111499.99,DELTA,48,350,53,1000,479,yes,42,1250
2025-05-22T17:06:28.184330,KXBTCD-25MAY2221-T111499.99,DELTA,48,350,53,1000,480,yes,4,-8100
2025-05-22T17:06:28.184657,KXBTCD-25MAY2221-T111499.99,DELTA,48,350,53,1000,481,yes,6,5400
2025-05-22T17:06:28.244380,KXBTCD-25MAY2221-T111499.99,DELTA,48,350,53,1000,482,yes,5,-20000
2025-05-22T17:06:28.244542,KXBTCD-25MAY2221-T111499.99,DELTA,48,350,53,1000,483,no,4,8100
2025-05-22T17:06:28.283292,KXBTCD-25MAY2221-T111499.99,DELTA,48,350,53,1000,484,yes,7,20000
2025-05-22T17:06:28.284138,KXBTCD-25MAY2221-T111499.99,DELTA,48,350,53,1000,485,yes,44,-2000
2025-05-22T17:06:28.304815,KXBTCD-25MAY2221-T111499.99,DELTA,48,350,53,1000,486,yes,42,-1250
2025-05-22T17:06:28.305173,KXBTCD-25MAY2221-T111499.99,DELTA,48,350,53,1000,487,no,5,20000
2025-05-22T17:06:28.305277,KXBTCD-25MAY2221-T111499.99,DELTA,48,350,53,1000,488,no,45,-2000
2025-05-22T17:06:28.326757,KXBTCD-25MAY2221-T111499.99,DELTA,48,350,53,1000,489,no,43,-1250
2025-05-22T17:06:28.363747,KXBTCD-25MAY2221-T111499.99,DELTA,48,350,53,1000,490,no,46,2000
2025-05-22T17:06:28.363844,KXBTCD-25MAY2221-T111499.99,DELTA,48,350,53,1000,491,yes,43,2000
2025-05-22T17:06:28.363916,KXBTCD-25MAY2221-T111499.99,DELTA,48,350,53,1000,492,no,44,1250
2025-05-22T17:06:28.363985,KXBTCD-25MAY2221-T111499.99,DELTA,48,350,53,1000,493,yes,41,1250
2025-05-22T17:06:28.685721,KXBTCD-25MAY2221-T111499.99,DELTA,48,350,53,1000,494,no,1,8000
2025-05-22T17:06:28.769845,KXBTCD-25MAY2221-T111499.99,DELTA,48,350,53,1000,495,no,45,-250
2025-05-22T17:06:28.785046,KXBTCD-25MAY2221-T111499.99,DELTA,48,350,53,1150,496,no,47,150
2025-05-22T17:06:28.845238,KXBTCD-25MAY2221-T111499.99,DELTA,48,350,53,150,497,no,47,-1000
2025-05-22T17:06:28.884797,KXBTCD-25MAY2221-T111499.99,DELTA,48,350,52,1000,498,no,48,1000
2025-05-22T17:06:28.885173,KXBTCD-25MAY2221-T111499.99,DELTA,48,350,52,1000,499,yes,44,-250
2025-05-22T17:06:28.885327,KXBTCD-25MAY2221-T111499.99,DELTA,48,350,52,1000,500,yes,34,250
2025-05-22T17:06:28.904520,KXBTCD-25MAY2221-T111499.99,DELTA,48,350,52,1000,501,yes,43,-2000
2025-05-22T17:06:28.924355,KXBTCD-25MAY2221-T111499.99,DELTA,48,350,52,1000,502,yes,45,-1000
2025-05-22T17:06:28.924507,KXBTCD-25MAY2221-T111499.99,DELTA,48,350,52,1000,503,yes,41,-1250
2025-05-22T17:06:28.945252,KXBTCD-25MAY2221-T111499.99,DELTA,48,350,52,1000,504,no,46,-2000
2025-05-22T17:06:28.945437,KXBTCD-25MAY2221-T111499.99,DELTA,48,350,52,1000,505,no,44,-1250
2025-05-22T17:06:28.985021,KXBTCD-25MAY2221-T111499.99,DELTA,48,350,52,1000,506,yes,40,1250
2025-05-22T17:06:28.985227,KXBTCD-25MAY2221-T111499.99,DELTA,48,350,52,1000,507,yes,44,1000
2025-05-22T17:06:28.985312,KXBTCD-25MAY2221-T111499.99,DELTA,48,350,52,1000,508,yes,42,2000
2025-05-22T17:06:29.025577,KXBTCD-25MAY2221-T111499.99,DELTA,48,350,52,1000,509,no,47,2000
2025-05-22T17:06:29.025724,KXBTCD-25MAY2221-T111499.99,DELTA,48,350,52,1000,510,no,45,1250
2025-05-22T17:06:29.145696,KXBTCD-25MAY2221-T111499.99,DELTA,48,350,52,1250,511,no,48,250
2025-05-22T17:06:29.145926,KXBTCD-25MAY2221-T111499.99,DELTA,48,350,52,1250,512,no,38,-250
2025-05-22T17:06:29.204399,KXBTCD-25MAY2221-T111499.99,DELTA,48,350,52,250,513,no,48,-1000
2025-05-22T17:06:29.264781,KXBTCD-25MAY2221-T111499.99,DELTA,48,350,51,1000,514,no,49,1000
2025-05-22T17:06:29.765972,KXBTCD-25MAY2221-T111499.99,DELTA,48,350,51,1000,515,no,44,-100
2025-05-22T17:06:30.105206,KXBTCD-25MAY2221-T111499.99,DELTA,48,350,51,1000,516,no,47,-150
2025-05-22T17:06:30.145145,KXBTCD-25MAY2221-T111499.99,DELTA,48,350,51,1000,517,no,46,200
2025-05-22T17:06:30.304298,KXBTCD-25MAY2221-T111499.99,DELTA,48,350,51,1000,518,yes,42,-2000
2025-05-22T17:06:30.304487,KXBTCD-25MAY2221-T111499.99,DELTA,48,350,51,1000,519,yes,40,-1250
2025-05-22T17:06:30.304666,KXBTCD-25MAY2221-T111499.99,DELTA,48,350,51,1000,520,no,38,250
2025-05-22T17:06:30.325380,KXBTCD-25MAY2221-T111499.99,DELTA,48,350,51,1000,521,no,48,-250
2025-05-22T17:06:30.325458,KXBTCD-25MAY2221-T111499.99,DELTA,48,350,51,1000,522,no,47,-2000
2025-05-22T17:06:30.325519,KXBTCD-25MAY2221-T111499.99,DELTA,48,350,54,464,523,no,49,-1000
2025-05-22T17:06:30.344664,KXBTCD-25MAY2221-T111499.99,DELTA,48,350,54,464,524,no,45,-1250
2025-05-22T17:06:30.344888,KXBTCD-25MAY2221-T111499.99,DELTA,48,350,54,464,525,no,1,-8000
2025-05-22T17:06:30.364517,KXBTCD-25MAY2221-T111499.99,DELTA,48,100,54,464,526,yes,48,-250
2025-05-22T17:06:30.364622,KXBTCD-25MAY2221-T111499.99,DELTA,48,100,54,264,527,no,46,-200
2025-05-22T17:06:30.409745,KXBTCD-25MAY2221-T111499.99,DELTA,48,100,54,264,528,yes,43,2000
2025-05-22T17:06:30.409873,KXBTCD-25MAY2221-T111499.99,DELTA,48,100,54,264,529,yes,42,1250
2025-05-22T17:06:30.409938,KXBTCD-25MAY2221-T111499.99,DELTA,48,100,53,1000,530,no,47,1000
2025-05-22T17:06:30.409994,KXBTCD-25MAY2221-T111499.99,DELTA,48,100,53,1000,531,no,43,1250
2025-05-22T17:06:30.425355,KXBTCD-25MAY2221-T111499.99,DELTA,48,100,53,1000,532,no,45,2000
2025-05-22T17:06:30.425432,KXBTCD-25MAY2221-T111499.99,DELTA,50,100,53,1000,533,yes,50,100
2025-05-22T17:06:30.444353,KXBTCD-25MAY2221-T111499.99,DELTA,50,100,53,1000,534,no,45,100
2025-05-22T17:06:30.505087,KXBTCD-25MAY2221-T111499.99,DELTA,48,100,53,1000,535,yes,50,-100
2025-05-22T17:06:30.505260,KXBTCD-25MAY2221-T111499.99,DELTA,48,100,53,1000,536,no,45,-100
2025-05-22T17:06:30.543936,KXBTCD-25MAY2221-T111499.99,DELTA,49,200,53,1000,537,yes,49,200
2025-05-22T17:06:30.564683,KXBTCD-25MAY2221-T111499.99,DELTA,49,200,53,1000,538,no,45,250
2025-05-22T17:06:30.883961,KXBTCD-25MAY2221-T111499.99,DELTA,49,200,53,1000,539,yes,6,-5400
2025-05-22T17:06:30.884078,KXBTCD-25MAY2221-T111499.99,DELTA,49,200,53,1000,540,yes,8,4050
2025-05-22T17:06:30.944219,KXBTCD-25MAY2221-T111499.99,DELTA,49,200,53,1000,541,no,4,-8100
2025-05-22T17:06:30.944306,KXBTCD-25MAY2221-T111499.99,DELTA,49,200,53,1000,542,no,6,5400
2025-05-22T17:06:30.944371,KXBTCD-25MAY2221-T111499.99,DELTA,49,200,53,1000,543,yes,7,-20000
2025-05-22T17:06:30.984176,KXBTCD-25MAY2221-T111499.99,DELTA,49,200,53,1000,544,yes,9,20000
2025-05-22T17:06:31.003970,KXBTCD-25MAY2221-T111499.99,DELTA,49,200,53,1000,545,no,5,-20000
2025-05-22T17:06:31.043455,KXBTCD-25MAY2221-T111499.99,DELTA,49,200,53,1000,546,no,7,20000
2025-05-22T17:06:31.144609,KXBTCD-25MAY2221-T111499.99,DELTA,49,200,53,1000,547,yes,34,-250
2025-05-22T17:06:31.164309,KXBTCD-25MAY2221-T111499.99,DELTA,49,200,53,1000,548,yes,44,250
2025-05-22T17:06:31.224961,KXBTCD-25MAY2221-T111499.99,DELTA,49,200,53,1000,549,yes,43,-2000
2025-05-22T17:06:31.245039,KXBTCD-25MAY2221-T111499.99,DELTA,49,200,53,1000,550,yes,44,-1000
2025-05-22T17:06:31.284321,KXBTCD-25MAY2221-T111499.99,DELTA,49,200,53,1000,551,yes,44,2000
2025-05-22T17:06:31.284425,KXBTCD-25MAY2221-T111499.99,DELTA,49,200,53,1000,552,yes,45,1000
2025-05-22T17:06:31.984339,KXBTCD-25MAY2221-T111499.99,DELTA,49,200,53,1000,553,yes,8,-4050
2025-05-22T17:06:31.984510,KXBTCD-25MAY2221-T111499.99,DELTA,49,200,53,1000,554,yes,10,3240
2025-05-22T17:06:32.044914,KXBTCD-25MAY2221-T111499.99,DELTA,49,200,53,1000,555,no,6,-5400
2025-05-22T17:06:32.045026,KXBTCD-25MAY2221-T111499.99,DELTA,49,200,53,1000,556,no,8,4050
2025-05-22T17:06:32.045086,KXBTCD-25MAY2221-T111499.99,DELTA,49,200,53,1000,557,yes,9,-20000
2025-05-22T17:06:32.104975,KXBTCD-25MAY2221-T111499.99,DELTA,49,200,53,1000,558,yes,11,20000
2025-05-22T17:06:32.125050,KXBTCD-25MAY2221-T111499.99,DELTA,49,200,53,1000,559,no,7,-20000
2025-05-22T17:06:32.164361,KXBTCD-25MAY2221-T111499.99,DELTA,49,200,53,1000,560,no,9,20000
2025-05-22T17:06:32.384878,KXBTCD-25MAY2221-T111499.99,DELTA,49,200,53,1000,561,no,44,100
2025-05-22T17:06:33.104524,KXBTCD-25MAY2221-T111499.99,DELTA,49,200,53,1000,562,yes,10,-3240
2025-05-22T17:06:33.104622,KXBTCD-25MAY2221-T111499.99,DELTA,49,200,53,1000,563,yes,12,2700
2025-05-22T17:06:33.144089,KXBTCD-25MAY2221-T111499.99,DELTA,49,200,53,1000,564,no,8,-4050
2025-05-22T17:06:33.144171,KXBTCD-25MAY2221-T111499.99,DELTA,49,200,53,1000,565,no,10,3240
2025-05-22T17:06:33.185378,KXBTCD-25MAY2221-T111499.99,DELTA,49,200,53,1000,566,yes,11,-20000
2025-05-22T17:06:33.205695,KXBTCD-25MAY2221-T111499.99,DELTA,49,200,53,1000,567,no,9,-20000
2025-05-22T17:06:33.264893,KXBTCD-25MAY2221-T111499.99,DELTA,49,200,53,1000,568,no,11,20000
2025-05-22T17:06:33.865195,KXBTCD-25MAY2221-T111499.99,DELTA,49,200,53,1000,569,yes,44,-2000
2025-05-22T17:06:33.884679,KXBTCD-25MAY2221-T111499.99,DELTA,49,200,53,1000,570,yes,42,-1250
2025-05-22T17:06:33.885023,KXBTCD-25MAY2221-T111499.99,DELTA,49,200,53,1000,571,no,45,-2000
2025-05-22T17:06:33.904423,KXBTCD-25MAY2221-T111499.99,DELTA,49,200,53,1000,572,no,43,-1250
2025-05-22T17:06:33.944567,KXBTCD-25MAY2221-T111499.99,DELTA,49,200,53,1000,573,yes,43,2000
2025-05-22T17:06:33.944652,KXBTCD-25MAY2221-T111499.99,DELTA,49,200,53,1000,574,yes,41,1250
2025-05-22T17:06:33.944710,KXBTCD-25MAY2221-T111499.99,DELTA,49,200,53,1000,575,no,46,2000
2025-05-22T17:06:33.964271,KXBTCD-25MAY2221-T111499.99,DELTA,49,200,53,1000,576,no,44,1250
2025-05-22T17:06:34.205311,KXBTCD-25MAY2221-T111499.99,DELTA,49,200,53,1000,577,yes,12,-2700
2025-05-22T17:06:34.205487,KXBTCD-25MAY2221-T111499.99,DELTA,49,200,53,1000,578,yes,4,8100
2025-05-22T17:06:34.244849,KXBTCD-25MAY2221-T111499.99,DELTA,49,200,53,1000,579,no,10,-3240
2025-05-22T17:06:34.244946,KXBTCD-25MAY2221-T111499.99,DELTA,49,200,53,1000,580,no,12,2700
2025-05-22T17:06:34.304334,KXBTCD-25MAY2221-T111499.99,DELTA,49,200,53,1000,581,yes,5,20000
2025-05-22T17:06:34.324025,KXBTCD-25MAY2221-T111499.99,DELTA,49,200,53,1000,582,no,11,-20000
2025-05-22T17:06:34.365042,KXBTCD-25MAY2221-T111499.99,DELTA,48,100,53,1000,583,yes,49,-200
2025-05-22T17:06:34.404929,KXBTCD-25MAY2221-T111499.99,DELTA,48,300,53,1000,584,yes,48,200
2025-05-22T17:06:34.564776,KXBTCD-25MAY2221-T111499.99,DELTA,48,300,53,1000,585,no,45,-250
2025-05-22T17:06:34.564919,KXBTCD-25MAY2221-T111499.99,DELTA,48,300,53,1000,586,yes,34,250
2025-05-22T17:06:34.585431,KXBTCD-25MAY2221-T111499.99,DELTA,48,300,53,1000,587,yes,44,-250
2025-05-22T17:06:34.585627,KXBTCD-25MAY2221-T111499.99,DELTA,48,300,53,1000,588,no,1,8000
2025-05-22T17:06:34.585894,KXBTCD-25MAY2221-T111499.99,DELTA,48,300,53,1000,589,yes,43,-2000
2025-05-22T17:06:34.604747,KXBTCD-25MAY2221-T111499.99,DELTA,48,300,53,1050,590,no,47,50
2025-05-22T17:06:34.604857,KXBTCD-25MAY2221-T111499.99,DELTA,48,300,53,1050,591,yes,45,-1000
2025-05-22T17:06:34.605379,KXBTCD-25MAY2221-T111499.99,DELTA,48,300,53,1050,592,yes,41,-1250
2025-05-22T17:06:34.624962,KXBTCD-25MAY2221-T111499.99,DELTA,48,300,53,1050,593,no,46,-2000
2025-05-22T17:06:34.625072,KXBTCD-25MAY2221-T111499.99,DELTA,48,300,53,1050,594,no,44,-1250
2025-05-22T17:06:34.704754,KXBTCD-25MAY2221-T111499.99,DELTA,48,300,53,50,595,no,47,-1000
2025-05-22T17:06:34.704920,KXBTCD-25MAY2221-T111499.99,DELTA,48,300,53,2050,596,no,47,2000
2025-05-22T17:06:34.705001,KXBTCD-25MAY2221-T111499.99,DELTA,48,300,53,2050,597,yes,44,1000
2025-05-22T17:06:34.705069,KXBTCD-25MAY2221-T111499.99,DELTA,48,300,53,2050,598,no,46,1250
2025-05-22T17:06:34.705132,KXBTCD-25MAY2221-T111499.99,DELTA,48,300,53,2050,599,yes,39,1250
2025-05-22T17:06:34.705182,KXBTCD-25MAY2221-T111499.99,DELTA,48,300,53,2050,600,yes,41,2000
2025-05-22T17:06:34.725372,KXBTCD-25MAY2221-T111499.99,DELTA,48,300,53,2050,601,yes,43,9
2025-05-22T17:06:34.804981,KXBTCD-25MAY2221-T111499.99,DELTA,48,300,52,1000,602,no,48,1000
2025-05-22T17:06:34.964337,KXBTCD-25MAY2221-T111499.99,DELTA,48,300,52,1000,603,no,47,-50
2025-05-22T17:06:35.005133,KXBTCD-25MAY2221-T111499.99,DELTA,48,300,52,1000,604,no,47,50
2025-05-22T17:06:35.024100,KXBTCD-25MAY2221-T111499.99,DELTA,48,300,53,2050,605,no,48,-1000
2025-05-22T17:06:35.064535,KXBTCD-25MAY2221-T111499.99,DELTA,48,300,52,1000,606,no,48,1000
2025-05-22T17:06:35.084227,KXBTCD-25MAY2221-T111499.99,DELTA,48,300,52,1000,607,no,47,-50
2025-05-22T17:06:35.123998,KXBTCD-25MAY2221-T111499.99,DELTA,48,300,52,1000,608,no,46,200
2025-05-22T17:06:35.124604,KXBTCD-25MAY2221-T111499.99,DELTA,48,300,52,1000,609,yes,41,-2000
2025-05-22T17:06:35.124676,KXBTCD-25MAY2221-T111499.99,DELTA,48,300,52,1000,610,yes,39,-1250
2025-05-22T17:06:35.144215,KXBTCD-25MAY2221-T111499.99,DELTA,48,300,52,1000,611,no,46,-1250
2025-05-22T17:06:35.144329,KXBTCD-25MAY2221-T111499.99,DELTA,48,300,53,2000,612,no,48,-1000
2025-05-22T17:06:35.205371,KXBTCD-25MAY2221-T111499.99,DELTA,48,300,53,3000,613,no,47,1000
2025-05-22T17:06:35.225644,KXBTCD-25MAY2221-T111499.99,DELTA,48,300,53,3000,614,no,45,1250
2025-05-22T17:06:35.225769,KXBTCD-25MAY2221-T111499.99,DELTA,48,300,53,3000,615,yes,42,2000
2025-05-22T17:06:35.225909,KXBTCD-25MAY2221-T111499.99,DELTA,48,300,53,3000,616,yes,40,1250
2025-05-22T17:06:35.245839,KXBTCD-25MAY2221-T111499.99,DELTA,48,300,53,3000,617,yes,4,-8100
2025-05-22T17:06:35.245961,KXBTCD-25MAY2221-T111499.99,DELTA,48,300,53,3000,618,yes,6,5400
2025-05-22T17:06:35.305487,KXBTCD-25MAY2221-T111499.99,DELTA,48,300,53,3000,619,no,12,-2700
2025-05-22T17:06:35.305643,KXBTCD-25MAY2221-T111499.99,DELTA,48,300,53,3000,620,no,4,8100
2025-05-22T17:06:35.305713,KXBTCD-25MAY2221-T111499.99,DELTA,48,300,53,3000,621,yes,5,-20000
2025-05-22T17:06:35.384868,KXBTCD-25MAY2221-T111499.99,DELTA,48,300,53,3000,622,no,5,20000
2025-05-22T17:06:35.405116,KXBTCD-25MAY2221-T111499.99,DELTA,48,300,53,3000,623,yes,7,20000
2025-05-22T17:06:35.484802,KXBTCD-25MAY2221-T111499.99,DELTA,48,300,53,3000,624,yes,43,-9
2025-05-22T17:06:36.185245,KXBTCD-25MAY2221-T111499.99,DELTA,48,300,53,3000,625,no,38,-250
2025-05-22T17:06:36.185472,KXBTCD-25MAY2221-T111499.99,DELTA,48,300,52,250,626,no,48,250
2025-05-22T17:06:36.263634,KXBTCD-25MAY2221-T111499.99,DELTA,48,300,52,250,627,yes,42,-2000
2025-05-22T17:06:36.303831,KXBTCD-25MAY2221-T111499.99,DELTA,48,300,52,250,628,yes,40,-1250
2025-05-22T17:06:36.404746,KXBTCD-25MAY2221-T111499.99,DELTA,48,300,52,250,629,yes,41,30
2025-05-22T17:06:36.404858,KXBTCD-25MAY2221-T111499.99,DELTA,48,300,52,250,630,no,47,-2000
2025-05-22T17:06:36.485013,KXBTCD-25MAY2221-T111499.99,DELTA,48,300,52,250,631,yes,43,14
2025-05-22T17:06:36.485164,KXBTCD-25MAY2221-T111499.99,DELTA,48,300,52,250,632,yes,43,-30
2025-05-22T17:06:36.485275,KXBTCD-25MAY2221-T111499.99,DELTA,48,300,52,250,633,yes,44,-14
2025-05-22T17:06:36.485361,KXBTCD-25MAY2221-T111499.99,DELTA,48,300,52,250,634,yes,44,-1000
2025-05-22T17:06:36.485422,KXBTCD-25MAY2221-T111499.99,DELTA,48,100,52,250,635,yes,48,-200
2025-05-22T17:06:36.485590,KXBTCD-25MAY2221-T111499.99,DELTA,48,100,52,250,636,no,47,30
2025-05-22T17:06:36.485671,KXBTCD-25MAY2221-T111499.99,DELTA,48,100,52,250,637,no,47,-1000
2025-05-22T17:06:36.505525,KXBTCD-25MAY2221-T111499.99,DELTA,48,100,52,250,638,no,46,-14
2025-05-22T17:06:36.505607,KXBTCD-25MAY2221-T111499.99,DELTA,48,100,52,250,639,no,46,-200
2025-05-22T17:06:36.505665,KXBTCD-25MAY2221-T111499.99,DELTA,48,100,52,250,640,no,47,14
2025-05-22T17:06:36.505717,KXBTCD-25MAY2221-T111499.99,DELTA,48,100,52,250,641,no,45,-30
2025-05-22T17:06:36.505766,KXBTCD-25MAY2221-T111499.99,DELTA,48,100,52,250,642,no,45,-1250
2025-05-22T17:06:36.604914,KXBTCD-25MAY2221-T111499.99,DELTA,48,100,52,250,643,yes,42,1000
2025-05-22T17:06:36.605137,KXBTCD-25MAY2221-T111499.99,DELTA,48,100,51,1000,644,no,49,1000
2025-05-22T17:06:36.605196,KXBTCD-25MAY2221-T111499.99,DELTA,48,100,51,1000,645,no,48,1250
2025-05-22T17:06:36.605247,KXBTCD-25MAY2221-T111499.99,DELTA,48,100,51,1000,646,yes,39,2000
2025-05-22T17:06:36.706033,KXBTCD-25MAY2221-T111499.99,DELTA,48,100,51,3000,647,no,49,2000
2025-05-22T17:06:36.706639,KXBTCD-25MAY2221-T111499.99,DELTA,48,100,51,3000,648,yes,40,30
2025-05-22T17:06:36.706710,KXBTCD-25MAY2221-T111499.99,DELTA,48,100,51,3000,649,yes,37,1250
2025-05-22T17:06:36.706780,KXBTCD-25MAY2221-T111499.99,DELTA,48,100,51,3000,650,yes,41,14
2025-05-22T17:06:36.706845,KXBTCD-25MAY2221-T111499.99,DELTA,48,100,51,3000,651,yes,41,-30
2025-05-22T17:06:36.784639,KXBTCD-25MAY2221-T111499.99,DELTA,48,100,51,3000,652,yes,43,-14
2025-05-22T17:06:36.784876,KXBTCD-25MAY2221-T111499.99,DELTA,48,100,51,3000,653,yes,42,-250
2025-05-22T17:06:36.784947,KXBTCD-25MAY2221-T111499.99,DELTA,48,100,51,3000,654,yes,32,250
2025-05-22T17:06:36.785133,KXBTCD-25MAY2221-T111499.99,DELTA,48,100,51,3000,655,yes,42,-1000
2025-05-22T17:06:36.806578,KXBTCD-25MAY2221-T111499.99,DELTA,48,100,51,3000,656,no,47,-30
2025-05-22T17:06:36.806688,KXBTCD-25MAY2221-T111499.99,DELTA,48,100,51,3014,657,no,49,14
2025-05-22T17:06:36.806760,KXBTCD-25MAY2221-T111499.99,DELTA,48,100,51,3014,658,no,48,30
2025-05-22T17:06:36.806819,KXBTCD-25MAY2221-T111499.99,DELTA,48,100,51,3014,659,no,47,-14
2025-05-22T17:06:36.905456,KXBTCD-25MAY2221-T111499.99,DELTA,48,100,51,3014,660,yes,39,-2000
2025-05-22T17:06:36.984656,KXBTCD-25MAY2221-T111499.99,DELTA,48,100,51,3014,661,yes,41,1000
2025-05-22T17:06:37.004726,KXBTCD-25MAY2221-T111499.99,DELTA,48,100,51,3014,662,no,48,-1250
2025-05-22T17:06:37.084663,KXBTCD-25MAY2221-T111499.99,DELTA,48,100,51,3014,663,yes,38,2000
2025-05-22T17:06:37.085031,KXBTCD-25MAY2221-T111499.99,DELTA,48,100,51,4264,664,no,49,1250
2025-05-22T17:06:37.085121,KXBTCD-25MAY2221-T111499.99,DELTA,48,100,51,4264,665,yes,42,9
2025-05-22T17:06:37.304551,KXBTCD-25MAY2221-T111499.99,DELTA,48,100,51,4264,666,yes,45,250
2025-05-22T17:06:37.384929,KXBTCD-25MAY2221-T111499.99,DELTA,48,100,51,4264,667,no,44,-100
2025-05-22T17:06:37.385054,KXBTCD-25MAY2221-T111499.99,DELTA,48,100,51,4414,668,no,49,150
2025-05-22T17:06:37.385668,KXBTCD-25MAY2221-T111499.99,DELTA,45,250,51,4414,669,yes,48,-100
2025-05-22T17:06:37.405550,KXBTCD-25MAY2221-T111499.99,DELTA,45,250,51,4414,670,no,40,-250
2025-05-22T17:06:37.585064,KXBTCD-25MAY2221-T111499.99,DELTA,45,250,51,4414,671,yes,38,-2000
2025-05-22T17:06:37.585543,KXBTCD-25MAY2221-T111499.99,DELTA,45,250,50,250,672,no,50,250
2025-05-22T17:06:37.605793,KXBTCD-25MAY2221-T111499.99,DELTA,45,250,50,250,673,no,49,-1250
2025-05-22T17:06:37.906674,KXBTCD-25MAY2221-T111499.99,DELTA,45,250,50,250,674,no,49,-2000
2025-05-22T17:06:37.907648,KXBTCD-25MAY2221-T111499.99,DELTA,45,250,50,250,675,yes,39,2000
2025-05-22T17:06:37.907749,KXBTCD-25MAY2221-T111499.99,DELTA,45,250,50,250,676,no,48,1250
2025-05-22T17:06:38.107268,KXBTCD-25MAY2221-T111499.99,DELTA,45,250,50,250,677,no,49,-1000
2025-05-22T17:06:38.108482,KXBTCD-25MAY2221-T111499.99,DELTA,45,250,50,250,678,yes,42,-9
2025-05-22T17:06:38.285054,KXBTCD-25MAY2221-T111499.99,DELTA,45,250,49,1000,679,no,51,1000
2025-05-22T17:06:38.285222,KXBTCD-25MAY2221-T111499.99,DELTA,45,250,49,1000,680,no,50,2000
2025-05-22T17:06:39.605718,KXBTCD-25MAY2221-T111499.99,DELTA,45,250,49,1000,681,yes,37,-1250
2025-05-22T17:06:39.704513,KXBTCD-25MAY2221-T111499.99,DELTA,45,250,49,1000,682,no,50,-2000
2025-05-22T17:06:39.784345,KXBTCD-25MAY2221-T111499.99,DELTA,45,250,49,1000,683,yes,38,1250
2025-05-22T17:06:39.805358,KXBTCD-25MAY2221-T111499.99,DELTA,45,350,49,1000,684,yes,45,100
2025-05-22T17:06:39.805682,KXBTCD-25MAY2221-T111499.99,DELTA,45,350,49,1000,685,yes,39,-2000
2025-05-22T17:06:39.805860,KXBTCD-25MAY2221-T111499.99,DELTA,45,350,49,1000,686,no,48,-1250
2025-05-22T17:06:39.905413,KXBTCD-25MAY2221-T111499.99,DELTA,45,350,49,1000,687,no,47,100
2025-05-22T17:06:40.005554,KXBTCD-25MAY2221-T111499.99,DELTA,45,350,49,1000,688,no,49,2000
2025-05-22T17:06:40.504842,KXBTCD-25MAY2221-T111499.99,DELTA,45,350,49,1000,689,yes,40,2000
2025-05-22T17:06:40.584815,KXBTCD-25MAY2221-T111499.99,DELTA,45,350,49,1000,690,no,47,1250
2025-05-22T17:06:40.686379,KXBTCD-25MAY2221-T111499.99,DELTA,45,350,49,1000,691,yes,40,-2000
2025-05-22T17:06:40.705740,KXBTCD-25MAY2221-T111499.99,DELTA,45,350,49,1000,692,yes,38,-1250
2025-05-22T17:06:40.784778,KXBTCD-25MAY2221-T111499.99,DELTA,45,350,49,1000,693,no,49,-2000
2025-05-22T17:06:40.884504,KXBTCD-25MAY2221-T111499.99,DELTA,45,350,49,1000,694,no,47,-1250
2025-05-22T17:06:41.304755,KXBTCD-25MAY2221-T111499.99,DELTA,45,350,49,1000,695,yes,37,1250
2025-05-22T17:06:41.305255,KXBTCD-25MAY2221-T111499.99,DELTA,45,350,49,1000,696,no,50,2000
2025-05-22T17:06:41.486117,KXBTCD-25MAY2221-T111499.99,DELTA,45,350,49,1000,697,yes,39,2000
2025-05-22T17:06:41.486490,KXBTCD-25MAY2221-T111499.99,DELTA,45,350,49,1000,698,no,48,1250
2025-05-22T17:06:41.824964,KXBTCD-25MAY2221-T111499.99,DELTA,45,350,49,1000,699,yes,39,-2000
2025-05-22T17:06:41.825282,KXBTCD-25MAY2221-T111499.99,DELTA,45,350,49,1000,700,yes,37,-1250
2025-05-22T17:06:41.844922,KXBTCD-25MAY2221-T111499.99,DELTA,45,350,49,1000,701,no,50,-2000
2025-05-22T17:06:41.885150,KXBTCD-25MAY2221-T111499.99,DELTA,45,350,49,1000,702,yes,40,2000
2025-05-22T17:06:41.885687,KXBTCD-25MAY2221-T111499.99,DELTA,45,350,49,1000,703,yes,38,1250
2025-05-22T17:06:41.904160,KXBTCD-25MAY2221-T111499.99,DELTA,45,350,49,1000,704,no,49,2000
2025-05-22T17:06:42.164726,KXBTCD-25MAY2221-T111499.99,DELTA,45,350,49,1000,705,no,40,250
2025-05-22T17:06:42.165183,KXBTCD-25MAY2221-T111499.99,DELTA,45,350,49,1000,706,no,50,-250
2025-05-22T17:06:42.191494,KXBTCD-25MAY2221-T111499.99,DELTA,45,350,49,1000,707,no,48,-1250
2025-05-22T17:06:42.204499,KXBTCD-25MAY2221-T111499.99,DELTA,45,100,49,1000,708,yes,45,-250
2025-05-22T17:06:42.224500,KXBTCD-25MAY2221-T111499.99,DELTA,45,100,49,1000,709,no,49,-150
2025-05-22T17:06:42.224728,KXBTCD-25MAY2221-T111499.99,DELTA,45,100,49,1000,710,no,47,1250
2025-05-22T17:06:42.245506,KXBTCD-25MAY2221-T111499.99,DELTA,45,100,51,2014,711,no,51,-1000
2025-05-22T17:06:42.264634,KXBTCD-25MAY2221-T111499.99,DELTA,47,50,51,2014,712,yes,47,50
2025-05-22T17:06:42.285581,KXBTCD-25MAY2221-T111499.99,DELTA,47,50,51,2014,713,no,48,150
2025-05-22T17:06:42.304849,KXBTCD-25MAY2221-T111499.99,DELTA,47,50,51,3014,714,no,49,1000
2025-05-22T17:06:42.324733,KXBTCD-25MAY2221-T111499.99,DELTA,45,100,51,3014,715,yes,47,-50
2025-05-22T17:06:42.344224,KXBTCD-25MAY2221-T111499.99,DELTA,45,100,51,3014,716,yes,40,-2000
2025-05-22T17:06:42.364644,KXBTCD-25MAY2221-T111499.99,DELTA,47,150,51,3014,717,yes,47,150
2025-05-22T17:06:42.365166,KXBTCD-25MAY2221-T111499.99,DELTA,47,150,51,3014,718,yes,38,-1250
2025-05-22T17:06:42.365301,KXBTCD-25MAY2221-T111499.99,DELTA,47,150,51,1014,719,no,49,-2000
2025-05-22T17:06:42.384161,KXBTCD-25MAY2221-T111499.99,DELTA,47,150,51,1014,720,no,47,-1250
2025-05-22T17:06:42.425069,KXBTCD-25MAY2221-T111499.99,DELTA,47,150,51,1014,721,no,48,-150
2025-05-22T17:06:42.444931,KXBTCD-25MAY2221-T111499.99,DELTA,47,150,51,1014,722,yes,41,2000
2025-05-22T17:06:42.445102,KXBTCD-25MAY2221-T111499.99,DELTA,47,150,51,1014,723,no,48,2000
2025-05-22T17:06:42.445420,KXBTCD-25MAY2221-T111499.99,DELTA,47,150,51,1014,724,yes,39,1250
2025-05-22T17:06:42.445550,KXBTCD-25MAY2221-T111499.99,DELTA,47,150,51,1014,725,no,46,1250
2025-05-22T17:06:42.445668,KXBTCD-25MAY2221-T111499.99,DELTA,47,150,51,1014,726,no,47,250
2025-05-22T17:06:42.706490,KXBTCD-25MAY2221-T111499.99,DELTA,47,150,51,1014,727,yes,45,-100
2025-05-22T17:06:43.165567,KXBTCD-25MAY2221-T111499.99,DELTA,47,150,51,1014,728,yes,42,250
2025-05-22T17:06:43.166063,KXBTCD-25MAY2221-T111499.99,DELTA,47,150,51,1014,729,yes,32,-250
2025-05-22T17:06:43.224714,KXBTCD-25MAY2221-T111499.99,DELTA,47,150,51,1014,730,yes,41,-1000
2025-05-22T17:06:43.284483,KXBTCD-25MAY2221-T111499.99,DELTA,47,150,51,1014,731,yes,43,1000
2025-05-22T17:06:43.284640,KXBTCD-25MAY2221-T111499.99,DELTA,47,150,51,1014,732,yes,43,9
2025-05-22T17:06:43.384682,KXBTCD-25MAY2221-T111499.99,DELTA,47,150,51,1014,733,yes,6,-5400
2025-05-22T17:06:43.384829,KXBTCD-25MAY2221-T111499.99,DELTA,47,150,51,1014,734,yes,8,4050
2025-05-22T17:06:43.444262,KXBTCD-25MAY2221-T111499.99,DELTA,47,150,51,1014,735,no,4,-8100
2025-05-22T17:06:43.444409,KXBTCD-25MAY2221-T111499.99,DELTA,47,150,51,1014,736,no,6,5400
2025-05-22T17:06:43.525123,KXBTCD-25MAY2221-T111499.99,DELTA,47,150,51,1014,737,no,5,-20000
2025-05-22T17:06:43.564201,KXBTCD-25MAY2221-T111499.99,DELTA,47,150,51,1014,738,no,7,20000
2025-05-22T17:06:43.664524,KXBTCD-25MAY2221-T111499.99,DELTA,47,150,51,1014,739,no,47,-100
2025-05-22T17:06:43.684317,KXBTCD-25MAY2221-T111499.99,DELTA,47,150,51,1014,740,yes,7,-20000
2025-05-22T17:06:43.917444,KXBTCD-25MAY2221-T111499.99,DELTA,47,150,51,1014,741,yes,9,20000
2025-05-22T17:06:43.917829,KXBTCD-25MAY2221-T111499.99,DELTA,47,150,51,1014,742,no,38,250
2025-05-22T17:06:43.918312,KXBTCD-25MAY2221-T111499.99,DELTA,47,150,51,1014,743,no,48,-250
2025-05-22T17:06:43.918412,KXBTCD-25MAY2221-T111499.99,DELTA,47,150,51,1014,744,no,44,-250
2025-05-22T17:06:43.918500,KXBTCD-25MAY2221-T111499.99,DELTA,47,150,51,1014,745,no,32,250
2025-05-22T17:06:43.918585,KXBTCD-25MAY2221-T111499.99,DELTA,47,150,51,1014,746,yes,41,-2000
2025-05-22T17:06:43.924861,KXBTCD-25MAY2221-T111499.99,DELTA,47,150,51,1014,747,no,38,-250
2025-05-22T17:06:43.925011,KXBTCD-25MAY2221-T111499.99,DELTA,47,150,51,1014,748,yes,39,-1250
2025-05-22T17:06:43.984202,KXBTCD-25MAY2221-T111499.99,DELTA,47,150,51,1014,749,no,40,-250
2025-05-22T17:06:43.984413,KXBTCD-25MAY2221-T111499.99,DELTA,47,150,51,1014,750,no,42,-250
2025-05-22T17:06:44.005495,KXBTCD-25MAY2221-T111499.99,DELTA,43,1009,51,1014,751,yes,47,-150
2025-05-22T17:06:44.006327,KXBTCD-25MAY2221-T111499.99,DELTA,43,3009,51,1014,752,yes,43,2000
2025-05-22T17:06:44.006662,KXBTCD-25MAY2221-T111499.99,DELTA,43,3009,51,1014,753,yes,41,1250
2025-05-22T17:06:44.006775,KXBTCD-25MAY2221-T111499.99,DELTA,43,3009,51,1014,754,no,47,-250
2025-05-22T17:06:44.006961,KXBTCD-25MAY2221-T111499.99,DELTA,43,3009,51,1014,755,no,26,250
2025-05-22T17:06:44.026818,KXBTCD-25MAY2221-T111499.99,DELTA,43,3009,51,1014,756,no,46,-250
2025-05-22T17:06:44.027086,KXBTCD-25MAY2221-T111499.99,DELTA,43,3009,51,1014,757,no,28,250
2025-05-22T17:06:44.027255,KXBTCD-25MAY2221-T111499.99,DELTA,43,3023,51,1014,758,yes,43,14
2025-05-22T17:06:44.027406,KXBTCD-25MAY2221-T111499.99,DELTA,43,3023,51,1014,759,yes,41,-14
2025-05-22T17:06:44.027513,KXBTCD-25MAY2221-T111499.99,DELTA,43,3023,51,1014,760,yes,40,-30
2025-05-22T17:06:44.027611,KXBTCD-25MAY2221-T111499.99,DELTA,43,3023,51,1014,761,no,48,-30
2025-05-22T17:06:44.027708,KXBTCD-25MAY2221-T111499.99,DELTA,43,3023,51,1014,762,no,47,14
2025-05-22T17:06:44.027799,KXBTCD-25MAY2221-T111499.99,DELTA,43,3023,51,1014,763,no,34,250
2025-05-22T17:06:44.027886,KXBTCD-25MAY2221-T111499.99,DELTA,43,3023,51,1000,764,no,49,-14
2025-05-22T17:06:44.045737,KXBTCD-25MAY2221-T111499.99,DELTA,43,3023,51,1000,765,no,30,250
2025-05-22T17:06:44.045924,KXBTCD-25MAY2221-T111499.99,DELTA,43,3023,51,1000,766,yes,42,30
2025-05-22T17:06:44.050992,KXBTCD-25MAY2221-T111499.99,DELTA,43,3014,51,1000,767,yes,43,-9
2025-05-22T17:06:44.088618,KXBTCD-25MAY2221-T111499.99,DELTA,43,3014,51,1000,768,no,46,30
2025-05-22T17:06:44.104968,KXBTCD-25MAY2221-T111499.99,DELTA,50,50,51,1000,769,yes,50,50
2025-05-22T17:06:44.126073,KXBTCD-25MAY2221-T111499.99,DELTA,50,50,51,1000,770,no,45,150
2025-05-22T17:06:44.166585,KXBTCD-25MAY2221-T111499.99,DELTA,50,50,51,1000,771,no,30,-250
2025-05-22T17:06:44.204330,KXBTCD-25MAY2221-T111499.99,DELTA,43,3014,51,1000,772,yes,50,-50
2025-05-22T17:06:44.244228,KXBTCD-25MAY2221-T111499.99,DELTA,49,250,51,1000,773,yes,49,250
2025-05-22T17:06:44.244808,KXBTCD-25MAY2221-T111499.99,DELTA,49,250,51,1000,774,no,26,-250
2025-05-22T17:06:44.264658,KXBTCD-25MAY2221-T111499.99,DELTA,49,250,51,1000,775,no,32,-250
2025-05-22T17:06:44.264831,KXBTCD-25MAY2221-T111499.99,DELTA,49,250,51,1000,776,no,28,-250
2025-05-22T17:06:44.264951,KXBTCD-25MAY2221-T111499.99,DELTA,49,250,51,1000,777,no,38,250
2025-05-22T17:06:44.285133,KXBTCD-25MAY2221-T111499.99,DELTA,49,250,51,1000,778,no,34,-250
2025-05-22T17:06:44.285324,KXBTCD-25MAY2221-T111499.99,DELTA,49,250,51,1000,779,no,40,250
2025-05-22T17:06:44.285456,KXBTCD-25MAY2221-T111499.99,DELTA,49,250,51,1000,780,no,42,250
2025-05-22T17:06:44.304462,KXBTCD-25MAY2221-T111499.99,DELTA,49,250,51,1000,781,no,44,250
2025-05-22T17:06:44.304627,KXBTCD-25MAY2221-T111499.99,DELTA,49,250,51,1000,782,yes,47,100
2025-05-22T17:06:44.325030,KXBTCD-25MAY2221-T111499.99,DELTA,49,250,51,1000,783,no,46,250
2025-05-22T17:06:44.584106,KXBTCD-25MAY2221-T111499.99,DELTA,49,250,51,1000,784,no,48,-2000
2025-05-22T17:06:44.584293,KXBTCD-25MAY2221-T111499.99,DELTA,49,250,53,14,785,no,49,-1000
2025-05-22T17:06:44.604412,KXBTCD-25MAY2221-T111499.99,DELTA,49,250,53,14,786,no,46,-1250
2025-05-22T17:06:44.604611,KXBTCD-25MAY2221-T111499.99,DELTA,49,250,53,14,787,no,1,-8000
2025-05-22T17:06:44.684611,KXBTCD-25MAY2221-T111499.99,DELTA,49,250,53,14,788,no,43,1250
2025-05-22T17:06:44.705144,KXBTCD-25MAY2221-T111499.99,DELTA,49,250,53,14,789,no,45,2000
2025-05-22T17:06:44.705255,KXBTCD-25MAY2221-T111499.99,DELTA,49,250,53,1014,790,no,47,1000
2025-05-22T17:06:44.804387,KXBTCD-25MAY2221-T111499.99,DELTA,49,250,53,1014,791,yes,44,9
2025-05-22T17:06:44.865463,KXBTCD-25MAY2221-T111499.99,DELTA,49,250,53,1014,792,yes,41,-1250
2025-05-22T17:06:44.924885,KXBTCD-25MAY2221-T111499.99,DELTA,49,250,53,1014,793,yes,42,1250
2025-05-22T17:06:45.125550,KXBTCD-25MAY2221-T111499.99,DELTA,49,250,53,1014,794,yes,44,250
2025-05-22T17:06:45.125713,KXBTCD-25MAY2221-T111499.99,DELTA,49,250,53,1014,795,yes,34,-250
2025-05-22T17:06:45.184556,KXBTCD-25MAY2221-T111499.99,DELTA,49,250,53,1014,796,yes,43,-2000
2025-05-22T17:06:45.204643,KXBTCD-25MAY2221-T111499.99,DELTA,49,250,53,1014,797,yes,43,-1000
2025-05-22T17:06:45.252037,KXBTCD-25MAY2221-T111499.99,DELTA,49,250,53,1014,798,yes,44,2000
2025-05-22T17:06:45.252179,KXBTCD-25MAY2221-T111499.99,DELTA,49,250,53,1014,799,no,45,100
2025-05-22T17:06:45.304528,KXBTCD-25MAY2221-T111499.99,DELTA,49,250,53,1014,800,yes,45,1000
2025-05-22T17:06:45.703843,KXBTCD-25MAY2221-T111499.99,DELTA,49,250,53,1014,801,yes,47,-100
2025-05-22T17:06:45.804807,KXBTCD-25MAY2221-T111499.99,DELTA,49,250,53,1014,802,yes,8,-4050
2025-05-22T17:06:45.805016,KXBTCD-25MAY2221-T111499.99,DELTA,49,250,53,1014,803,yes,10,3240
2025-05-22T17:06:45.824556,KXBTCD-25MAY2221-T111499.99,DELTA,49,250,53,1014,804,yes,44,-9
2025-05-22T17:06:45.864627,KXBTCD-25MAY2221-T111499.99,DELTA,49,250,53,1014,805,no,6,-5400
2025-05-22T17:06:45.864825,KXBTCD-25MAY2221-T111499.99,DELTA,49,250,53,1014,806,no,8,4050
2025-05-22T17:06:45.864901,KXBTCD-25MAY2221-T111499.99,DELTA,49,250,53,1014,807,yes,9,-20000
2025-05-22T17:06:45.924231,KXBTCD-25MAY2221-T111499.99,DELTA,49,250,53,1014,808,yes,11,20000
2025-05-22T17:06:45.943675,KXBTCD-25MAY2221-T111499.99,DELTA,49,250,53,1014,809,no,7,-20000
2025-05-22T17:06:46.084732,KXBTCD-25MAY2221-T111499.99,DELTA,49,250,53,1014,810,no,9,20000
2025-05-22T17:06:46.965814,KXBTCD-25MAY2221-T111499.99,DELTA,49,250,53,1014,811,yes,10,-3240
2025-05-22T17:06:46.965979,KXBTCD-25MAY2221-T111499.99,DELTA,49,250,53,1014,812,yes,12,2700
2025-05-22T17:06:47.025597,KXBTCD-25MAY2221-T111499.99,DELTA,49,250,53,1014,813,no,8,-4050
2025-05-22T17:06:47.025791,KXBTCD-25MAY2221-T111499.99,DELTA,49,250,53,1014,814,no,10,3240
2025-05-22T17:06:47.044354,KXBTCD-25MAY2221-T111499.99,DELTA,49,250,53,1014,815,yes,11,-20000
2025-05-22T17:06:47.084806,KXBTCD-25MAY2221-T111499.99,DELTA,49,250,53,1014,816,no,9,-20000
2025-05-22T17:06:47.125057,KXBTCD-25MAY2221-T111499.99,DELTA,49,250,53,1014,817,no,11,20000
2025-05-22T17:06:47.564109,KXBTCD-25MAY2221-T111499.99,DELTA,45,1000,53,1014,818,yes,49,-250
2025-05-22T17:06:47.587771,KXBTCD-25MAY2221-T111499.99,DELTA,45,1000,53,1014,819,no,45,-150
2025-05-22T17:06:47.664926,KXBTCD-25MAY2221-T111499.99,DELTA,51,100,53,1014,820,yes,51,100
2025-05-22T17:06:47.665031,KXBTCD-25MAY2221-T111499.99,DELTA,51,100,53,1014,821,no,44,100
2025-05-22T17:06:47.764296,KXBTCD-25MAY2221-T111499.99,DELTA,45,1000,53,1014,822,yes,51,-100
2025-05-22T17:06:47.784874,KXBTCD-25MAY2221-T111499.99,DELTA,50,250,53,1014,823,yes,50,250
2025-05-22T17:06:47.924670,KXBTCD-25MAY2221-T111499.99,DELTA,50,250,53,1014,824,yes,48,100
2025-05-22T17:06:47.965928,KXBTCD-25MAY2221-T111499.99,DELTA,50,250,53,1014,825,yes,12,-2700
2025-05-22T17:06:47.966095,KXBTCD-25MAY2221-T111499.99,DELTA,50,250,53,1014,826,yes,4,8100
2025-05-22T17:06:48.004797,KXBTCD-25MAY2221-T111499.99,DELTA,50,250,53,1014,827,no,10,-3240
2025-05-22T17:06:48.004960,KXBTCD-25MAY2221-T111499.99,DELTA,50,250,53,1014,828,no,12,2700
2025-05-22T17:06:48.045744,KXBTCD-25MAY2221-T111499.99,DELTA,50,250,53,1014,829,yes,5,20000
2025-05-22T17:06:48.085894,KXBTCD-25MAY2221-T111499.99,DELTA,50,250,53,1014,830,no,11,-20000
2025-05-22T17:06:48.633722,KXBTCD-25MAY2221-T111499.99,DELTA,50,250,53,1014,831,no,46,-250
2025-05-22T17:06:48.654226,KXBTCD-25MAY2221-T111499.99,DELTA,50,250,53,1014,832,no,34,250
2025-05-22T17:06:48.655812,KXBTCD-25MAY2221-T111499.99,DELTA,50,250,53,1014,833,no,44,-250
2025-05-22T17:06:48.666187,KXBTCD-25MAY2221-T111499.99,DELTA,50,250,53,1014,834,no,36,250
2025-05-22T17:06:48.723870,KXBTCD-25MAY2221-T111499.99,DELTA,50,250,53,1014,835,no,45,-2000
2025-05-22T17:06:48.724066,KXBTCD-25MAY2221-T111499.99,DELTA,50,250,53,1014,836,yes,46,9
2025-05-22T17:06:48.804410,KXBTCD-25MAY2221-T111499.99,DELTA,50,250,53,1014,837,no,43,2000
2025-05-22T17:06:49.066767,KXBTCD-25MAY2221-T111499.99,DELTA,50,250,53,1014,838,yes,4,-8100
2025-05-22T17:06:49.066954,KXBTCD-25MAY2221-T111499.99,DELTA,50,250,53,1014,839,yes,6,5400
2025-05-22T17:06:49.104798,KXBTCD-25MAY2221-T111499.99,DELTA,50,250,53,1014,840,no,12,-2700
2025-05-22T17:06:49.104960,KXBTCD-25MAY2221-T111499.99,DELTA,50,250,53,1014,841,no,4,8100
2025-05-22T17:06:49.164730,KXBTCD-25MAY2221-T111499.99,DELTA,50,250,53,1014,842,no,34,-250
2025-05-22T17:06:49.164827,KXBTCD-25MAY2221-T111499.99,DELTA,50,250,53,1014,843,no,5,20000
2025-05-22T17:06:49.185007,KXBTCD-25MAY2221-T111499.99,DELTA,50,250,53,1014,844,no,44,250
2025-05-22T17:06:49.245675,KXBTCD-25MAY2221-T111499.99,DELTA,50,250,53,1014,845,no,43,-2000
2025-05-22T17:06:49.284802,KXBTCD-25MAY2221-T111499.99,DELTA,50,250,53,1014,846,no,45,2000
2025-05-22T17:06:49.524772,KXBTCD-25MAY2221-T111499.99,DELTA,50,250,53,1014,847,yes,48,-100
2025-05-22T17:06:49.524948,KXBTCD-25MAY2221-T111499.99,DELTA,50,250,53,1014,848,no,45,-100
2025-05-22T17:06:50.146267,KXBTCD-25MAY2221-T111499.99,DELTA,50,250,53,1014,849,no,36,-250
2025-05-22T17:06:50.146452,KXBTCD-25MAY2221-T111499.99,DELTA,50,250,53,1014,850,no,46,250
2025-05-22T17:06:50.185593,KXBTCD-25MAY2221-T111499.99,DELTA,50,250,53,1014,851,no,4,-8100
2025-05-22T17:06:50.185879,KXBTCD-25MAY2221-T111499.99,DELTA,50,250,53,1014,852,no,6,5400
2025-05-22T17:06:50.244758,KXBTCD-25MAY2221-T111499.99,DELTA,50,250,53,1014,853,yes,5,-20000
2025-05-22T17:06:50.324968,KXBTCD-25MAY2221-T111499.99,DELTA,50,250,53,1014,854,yes,7,20000
2025-05-22T17:06:50.404379,KXBTCD-25MAY2221-T111499.99,DELTA,50,250,53,1014,855,no,5,-20000
2025-05-22T17:06:50.564157,KXBTCD-25MAY2221-T111499.99,DELTA,50,250,53,1014,856,no,7,20000
2025-05-22T17:06:50.684827,KXBTCD-25MAY2221-T111499.99,DELTA,50,250,53,1014,857,yes,45,20
2025-05-22T17:06:50.964585,KXBTCD-25MAY2221-T111499.99,DELTA,46,9,53,1014,858,yes,50,-250
2025-05-22T17:06:50.964775,KXBTCD-25MAY2221-T111499.99,DELTA,46,9,53,1014,859,no,44,-100
2025-05-22T17:06:51.067005,KXBTCD-25MAY2221-T111499.99,DELTA,49,50,53,1014,860,yes,49,50
2025-05-22T17:06:51.068734,KXBTCD-25MAY2221-T111499.99,DELTA,49,50,53,1014,861,no,46,100
2025-05-22T17:06:51.125587,KXBTCD-25MAY2221-T111499.99,DELTA,49,50,53,1014,862,yes,44,-2000
2025-05-22T17:06:51.125710,KXBTCD-25MAY2221-T111499.99,DELTA,49,50,53,1014,863,no,1,8000
2025-05-22T17:06:51.145071,KXBTCD-25MAY2221-T111499.99,DELTA,49,50,53,1014,864,yes,45,-1000
2025-05-22T17:06:51.145159,KXBTCD-25MAY2221-T111499.99,DELTA,49,50,53,1014,865,yes,42,-1250
2025-05-22T17:06:51.165304,KXBTCD-25MAY2221-T111499.99,DELTA,49,50,53,1014,866,no,45,-2000
2025-05-22T17:06:51.165764,KXBTCD-25MAY2221-T111499.99,DELTA,49,50,53,1014,867,no,43,-1250
2025-05-22T17:06:51.244926,KXBTCD-25MAY2221-T111499.99,DELTA,49,50,53,1014,868,yes,46,-9
2025-05-22T17:06:51.245803,KXBTCD-25MAY2221-T111499.99,DELTA,49,50,53,3014,869,no,47,2000
2025-05-22T17:06:51.245877,KXBTCD-25MAY2221-T111499.99,DELTA,49,50,53,3014,870,yes,40,1250
2025-05-22T17:06:51.245938,KXBTCD-25MAY2221-T111499.99,DELTA,49,50,53,3014,871,yes,45,1000
2025-05-22T17:06:51.245990,KXBTCD-25MAY2221-T111499.99,DELTA,49,50,53,3014,872,no,45,1250
2025-05-22T17:06:51.305612,KXBTCD-25MAY2221-T111499.99,DELTA,49,50,53,3014,873,yes,48,100
2025-05-22T17:06:51.305760,KXBTCD-25MAY2221-T111499.99,DELTA,49,50,53,3014,874,no,44,100
2025-05-22T17:06:51.305832,KXBTCD-25MAY2221-T111499.99,DELTA,49,50,53,3014,875,yes,45,-1000
2025-05-22T17:06:51.385159,KXBTCD-25MAY2221-T111499.99,DELTA,49,50,53,3014,876,yes,42,2000
2025-05-22T17:06:51.445190,KXBTCD-25MAY2221-T111499.99,DELTA,49,50,53,3014,877,yes,44,1000
2025-05-22T17:06:51.585034,KXBTCD-25MAY2221-T111499.99,DELTA,49,50,53,3014,878,yes,42,-2000
2025-05-22T17:06:51.604715,KXBTCD-25MAY2221-T111499.99,DELTA,49,50,53,3014,879,yes,44,-1000
2025-05-22T17:06:51.604873,KXBTCD-25MAY2221-T111499.99,DELTA,49,50,53,3014,880,yes,40,-1250
2025-05-22T17:06:51.625706,KXBTCD-25MAY2221-T111499.99,DELTA,49,50,53,1014,881,no,47,-2000
2025-05-22T17:06:51.625822,KXBTCD-25MAY2221-T111499.99,DELTA,49,50,53,1014,882,no,45,-1250
2025-05-22T17:06:51.625882,KXBTCD-25MAY2221-T111499.99,DELTA,48,100,53,1014,883,yes,49,-50
2025-05-22T17:06:51.664382,KXBTCD-25MAY2221-T111499.99,DELTA,49,150,53,1014,884,yes,49,150
2025-05-22T17:06:51.684592,KXBTCD-25MAY2221-T111499.99,DELTA,49,150,53,1014,885,yes,44,-250
2025-05-22T17:06:51.684724,KXBTCD-25MAY2221-T111499.99,DELTA,49,150,53,1014,886,yes,34,250
2025-05-22T17:06:51.684791,KXBTCD-25MAY2221-T111499.99,DELTA,49,150,53,1014,887,no,46,-100
2025-05-22T17:06:51.684846,KXBTCD-25MAY2221-T111499.99,DELTA,49,150,53,1014,888,no,44,1250
2025-05-22T17:06:51.684899,KXBTCD-25MAY2221-T111499.99,DELTA,49,150,53,1014,889,yes,45,1000
2025-05-22T17:06:51.684945,KXBTCD-25MAY2221-T111499.99,DELTA,49,150,53,1014,890,no,46,2000
2025-05-22T17:06:51.704125,KXBTCD-25MAY2221-T111499.99,DELTA,49,150,53,1014,891,yes,41,1250
2025-05-22T17:06:51.724241,KXBTCD-25MAY2221-T111499.99,DELTA,49,150,53,1014,892,no,45,150
2025-05-22T17:06:51.745289,KXBTCD-25MAY2221-T111499.99,DELTA,49,150,53,1014,893,yes,43,2000
2025-05-22T17:06:51.745369,KXBTCD-25MAY2221-T111499.99,DELTA,49,150,53,1014,894,yes,45,-1000
2025-05-22T17:06:51.805392,KXBTCD-25MAY2221-T111499.99,DELTA,49,150,53,1014,895,yes,43,1000
2025-05-22T17:06:52.085439,KXBTCD-25MAY2221-T111499.99,DELTA,49,150,53,1014,896,no,1,-8000
2025-05-22T17:06:52.085723,KXBTCD-25MAY2221-T111499.99,DELTA,49,150,53,1014,897,yes,34,-250
2025-05-22T17:06:52.085805,KXBTCD-25MAY2221-T111499.99,DELTA,49,150,53,1014,898,yes,44,250
2025-05-22T17:06:52.105671,KXBTCD-25MAY2221-T111499.99,DELTA,49,150,53,1014,899,yes,41,-1250
2025-05-22T17:06:52.145551,KXBTCD-25MAY2221-T111499.99,DELTA,49,150,53,1014,900,no,46,-2000
2025-05-22T17:06:52.164701,KXBTCD-25MAY2221-T111499.99,DELTA,49,150,53,1014,901,no,44,-1250
2025-05-22T17:06:52.164797,KXBTCD-25MAY2221-T111499.99,DELTA,49,150,53,1014,902,yes,42,1250
2025-05-22T17:06:52.185426,KXBTCD-25MAY2221-T111499.99,DELTA,49,150,53,1014,903,yes,45,9
2025-05-22T17:06:52.225069,KXBTCD-25MAY2221-T111499.99,DELTA,49,150,53,1014,904,no,43,1250
2025-05-22T17:06:52.225667,KXBTCD-25MAY2221-T111499.99,DELTA,49,150,53,1014,905,no,45,2000
2025-05-22T17:06:52.326313,KXBTCD-25MAY2221-T111499.99,DELTA,49,150,53,1014,906,yes,43,-2000
2025-05-22T17:06:52.344707,KXBTCD-25MAY2221-T111499.99,DELTA,49,150,53,1014,907,yes,43,-1000
2025-05-22T17:06:52.505956,KXBTCD-25MAY2221-T111499.99,DELTA,49,150,53,1014,908,yes,46,1000
2025-05-22T17:06:52.566882,KXBTCD-25MAY2221-T111499.99,DELTA,49,150,53,1014,909,yes,44,2000
2025-05-22T17:06:52.884713,KXBTCD-25MAY2221-T111499.99,DELTA,49,150,53,1014,910,yes,44,-2000
2025-05-22T17:06:52.884907,KXBTCD-25MAY2221-T111499.99,DELTA,49,150,53,1014,911,yes,42,-1250
2025-05-22T17:06:52.905518,KXBTCD-25MAY2221-T111499.99,DELTA,49,150,53,1014,912,no,45,-2000
2025-05-22T17:06:52.905679,KXBTCD-25MAY2221-T111499.99,DELTA,49,150,53,1014,913,no,43,-1250
2025-05-22T17:06:52.965355,KXBTCD-25MAY2221-T111499.99,DELTA,49,150,53,1014,914,no,46,2000
2025-05-22T17:06:52.965510,KXBTCD-25MAY2221-T111499.99,DELTA,49,150,53,1014,915,yes,43,2000
2025-05-22T17:06:52.965572,KXBTCD-25MAY2221-T111499.99,DELTA,49,150,53,1014,916,no,44,1250
2025-05-22T17:06:53.005987,KXBTCD-25MAY2221-T111499.99,DELTA,49,150,53,1014,917,yes,45,-9
2025-05-22T17:06:53.045745,KXBTCD-25MAY2221-T111499.99,DELTA,49,150,53,1014,918,yes,41,1250
2025-05-22T17:06:53.144339,KXBTCD-25MAY2221-T111499.99,DELTA,49,150,53,1014,919,yes,46,-1000
2025-05-22T17:06:53.236248,KXBTCD-25MAY2221-T111499.99,DELTA,49,150,53,1014,920,yes,45,1000
2025-05-22T17:06:53.523899,KXBTCD-25MAY2221-T111499.99,DELTA,49,150,53,1014,921,yes,41,-1250
2025-05-22T17:06:53.756123,KXBTCD-25MAY2221-T111499.99,DELTA,49,150,53,1014,922,no,46,-2000
2025-05-22T17:06:53.767922,KXBTCD-25MAY2221-T111499.99,DELTA,49,150,53,1014,923,no,44,-1250
2025-05-22T17:06:53.805123,KXBTCD-25MAY2221-T111499.99,DELTA,49,150,53,1014,924,no,45,2000
2025-05-22T17:06:53.986406,KXBTCD-25MAY2221-T111499.99,DELTA,49,150,53,1014,925,yes,41,1250
2025-05-22T17:06:54.045447,KXBTCD-25MAY2221-T111499.99,DELTA,49,150,53,1014,926,yes,43,-2000
2025-05-22T17:06:54.045597,KXBTCD-25MAY2221-T111499.99,DELTA,49,150,53,1014,927,yes,41,-1250
2025-05-22T17:06:54.104817,KXBTCD-25MAY2221-T111499.99,DELTA,49,150,53,1014,928,yes,44,2000
2025-05-22T17:06:54.105010,KXBTCD-25MAY2221-T111499.99,DELTA,49,150,53,1014,929,yes,42,1250
2025-05-22T17:06:54.144506,KXBTCD-25MAY2221-T111499.99,DELTA,49,150,53,1014,930,no,43,1250
2025-05-22T17:06:55.165671,KXBTCD-25MAY2221-T111499.99,DELTA,49,150,53,1014,931,yes,44,-2000
2025-05-22T17:06:55.168293,KXBTCD-25MAY2221-T111499.99,DELTA,49,150,53,1014,932,yes,42,-1250
2025-05-22T17:06:55.168388,KXBTCD-25MAY2221-T111499.99,DELTA,49,150,53,1014,933,no,45,-2000
2025-05-22T17:06:55.185716,KXBTCD-25MAY2221-T111499.99,DELTA,49,150,53,1014,934,no,43,-1250
2025-05-22T17:06:55.225114,KXBTCD-25MAY2221-T111499.99,DELTA,48,100,53,1014,935,yes,49,-150
2025-05-22T17:06:55.225280,KXBTCD-25MAY2221-T111499.99,DELTA,48,100,53,1014,936,no,46,2000
2025-05-22T17:06:55.225355,KXBTCD-25MAY2221-T111499.99,DELTA,48,100,53,1014,937,yes,41,1250
2025-05-22T17:06:55.244735,KXBTCD-25MAY2221-T111499.99,DELTA,48,100,53,1014,938,yes,43,2000
2025-05-22T17:06:55.244866,KXBTCD-25MAY2221-T111499.99,DELTA,48,100,53,1014,939,no,44,1250
2025-05-22T17:06:55.264437,KXBTCD-25MAY2221-T111499.99,DELTA,48,350,53,1014,940,yes,48,250
2025-05-22T17:06:55.864426,KXBTCD-25MAY2221-T111499.99,DELTA,48,350,53,1014,941,yes,6,-5400
2025-05-22T17:06:55.864560,KXBTCD-25MAY2221-T111499.99,DELTA,48,350,53,1014,942,yes,8,4050
2025-05-22T17:06:55.924952,KXBTCD-25MAY2221-T111499.99,DELTA,48,350,53,1014,943,no,6,-5400
2025-05-22T17:06:55.925064,KXBTCD-25MAY2221-T111499.99,DELTA,48,350,53,1014,944,no,8,4050
2025-05-22T17:06:55.925127,KXBTCD-25MAY2221-T111499.99,DELTA,48,350,53,1014,945,yes,7,-20000
2025-05-22T17:06:55.985053,KXBTCD-25MAY2221-T111499.99,DELTA,48,350,53,1014,946,no,46,-2000
2025-05-22T17:06:56.004870,KXBTCD-25MAY2221-T111499.99,DELTA,48,350,53,1014,947,yes,43,-2000
2025-05-22T17:06:56.005037,KXBTCD-25MAY2221-T111499.99,DELTA,48,350,53,1014,948,no,44,-1250
2025-05-22T17:06:56.005103,KXBTCD-25MAY2221-T111499.99,DELTA,48,350,53,1014,949,yes,9,20000
2025-05-22T17:06:56.005160,KXBTCD-25MAY2221-T111499.99,DELTA,48,350,53,1014,950,yes,41,-1250
2025-05-22T17:06:56.064740,KXBTCD-25MAY2221-T111499.99,DELTA,48,350,53,1014,951,yes,42,1250
2025-05-22T17:06:56.064975,KXBTCD-25MAY2221-T111499.99,DELTA,48,350,53,1014,952,no,45,2000
2025-05-22T17:06:56.065099,KXBTCD-25MAY2221-T111499.99,DELTA,48,350,53,1014,953,yes,44,2000
2025-05-22T17:06:56.185182,KXBTCD-25MAY2221-T111499.99,DELTA,48,350,53,1014,954,no,43,1250
2025-05-22T17:06:56.364619,KXBTCD-25MAY2221-T111499.99,DELTA,48,350,53,1014,955,no,7,-20000
2025-05-22T17:06:56.484464,KXBTCD-25MAY2221-T111499.99,DELTA,48,350,53,1014,956,no,9,20000
2025-05-22T17:06:56.705558,KXBTCD-25MAY2221-T111499.99,DELTA,48,100,53,1014,957,yes,48,-250
2025-05-22T17:06:56.745479,KXBTCD-25MAY2221-T111499.99,DELTA,50,150,53,1014,958,yes,50,150
2025-05-22T17:06:56.764884,KXBTCD-25MAY2221-T111499.99,DELTA,50,150,53,1014,959,no,45,-150
2025-05-22T17:06:56.825733,KXBTCD-25MAY2221-T111499.99,DELTA,50,150,53,1014,960,no,44,200
2025-05-22T17:06:57.086906,KXBTCD-25MAY2221-T111499.99,DELTA,50,150,53,1014,961,yes,44,-2000
2025-05-22T17:06:57.087241,KXBTCD-25MAY2221-T111499.99,DELTA,50,150,53,1014,962,yes,45,-1000
2025-05-22T17:06:57.105008,KXBTCD-25MAY2221-T111499.99,DELTA,50,150,53,1014,963,yes,42,-1250
2025-05-22T17:06:57.105238,KXBTCD-25MAY2221-T111499.99,DELTA,50,150,53,1014,964,no,45,-2000
2025-05-22T17:06:57.125331,KXBTCD-25MAY2221-T111499.99,DELTA,50,150,53,14,965,no,47,-1000
2025-05-22T17:06:57.125503,KXBTCD-25MAY2221-T111499.99,DELTA,50,150,53,14,966,no,43,-1250
2025-05-22T17:06:57.148066,KXBTCD-25MAY2221-T111499.99,DELTA,50,150,53,14,967,yes,46,250
2025-05-22T17:06:57.148172,KXBTCD-25MAY2221-T111499.99,DELTA,50,150,53,14,968,no,46,-250
2025-05-22T17:06:57.189746,KXBTCD-25MAY2221-T111499.99,DELTA,50,150,53,14,969,no,36,250
2025-05-22T17:06:57.191146,KXBTCD-25MAY2221-T111499.99,DELTA,50,150,53,14,970,yes,36,-250
2025-05-22T17:06:57.191229,KXBTCD-25MAY2221-T111499.99,DELTA,50,150,53,14,971,yes,45,2000
2025-05-22T17:06:57.191290,KXBTCD-25MAY2221-T111499.99,DELTA,50,150,53,14,972,yes,48,1000
2025-05-22T17:06:57.191342,KXBTCD-25MAY2221-T111499.99,DELTA,50,150,53,14,973,yes,43,1250
2025-05-22T17:06:57.206868,KXBTCD-25MAY2221-T111499.99,DELTA,50,150,53,14,974,no,44,-200
2025-05-22T17:06:57.245455,KXBTCD-25MAY2221-T111499.99,DELTA,50,150,53,14,975,no,43,200
2025-05-22T17:06:57.245587,KXBTCD-25MAY2221-T111499.99,DELTA,50,150,53,14,976,no,46,1000
2025-05-22T17:06:57.265374,KXBTCD-25MAY2221-T111499.99,DELTA,50,150,53,14,977,no,42,1250
2025-05-22T17:06:57.504179,KXBTCD-25MAY2221-T111499.99,DELTA,50,150,53,14,978,yes,48,-100
2025-05-22T17:06:57.563976,KXBTCD-25MAY2221-T111499.99,DELTA,50,150,53,14,979,yes,48,-1000
2025-05-22T17:06:57.624354,KXBTCD-25MAY2221-T111499.99,DELTA,50,150,53,14,980,yes,47,1000
2025-05-22T17:06:57.904769,KXBTCD-25MAY2221-T111499.99,DELTA,50,150,53,14,981,no,44,2000
2025-05-22T17:06:58.215938,KXBTCD-25MAY2221-T111499.99,DELTA,50,150,53,14,982,yes,8,-4050
2025-05-22T17:06:58.216096,KXBTCD-25MAY2221-T111499.99,DELTA,50,150,53,14,983,yes,10,3240
2025-05-22T17:06:58.264554,KXBTCD-25MAY2221-T111499.99,DELTA,50,150,53,14,984,no,8,-4050
2025-05-22T17:06:58.264703,KXBTCD-25MAY2221-T111499.99,DELTA,50,150,53,14,985,no,10,3240
2025-05-22T17:06:58.264774,KXBTCD-25MAY2221-T111499.99,DELTA,50,150,53,14,986,yes,9,-20000
2025-05-22T17:06:58.304767,KXBTCD-25MAY2221-T111499.99,DELTA,50,150,53,14,987,yes,11,20000
2025-05-22T17:06:58.344858,KXBTCD-25MAY2221-T111499.99,DELTA,50,150,53,14,988,no,9,-20000
2025-05-22T17:06:58.444992,KXBTCD-25MAY2221-T111499.99,DELTA,50,150,53,14,989,no,11,20000
2025-05-22T17:06:58.485266,KXBTCD-25MAY2221-T111499.99,DELTA,50,150,53,14,990,yes,45,-2000
2025-05-22T17:06:58.506425,KXBTCD-25MAY2221-T111499.99,DELTA,50,150,53,14,991,yes,43,-1250
2025-05-22T17:06:58.545218,KXBTCD-25MAY2221-T111499.99,DELTA,50,150,53,14,992,yes,43,-14
2025-05-22T17:06:58.545359,KXBTCD-25MAY2221-T111499.99,DELTA,50,150,53,14,993,yes,46,14
2025-05-22T17:06:58.545691,KXBTCD-25MAY2221-T111499.99,DELTA,50,150,53,14,994,yes,45,30
2025-05-22T17:06:58.545760,KXBTCD-25MAY2221-T111499.99,DELTA,50,150,53,14,995,yes,42,-30
2025-05-22T17:06:58.545827,KXBTCD-25MAY2221-T111499.99,DELTA,50,150,53,14,996,no,46,-30
2025-05-22T17:06:58.545888,KXBTCD-25MAY2221-T111499.99,DELTA,50,150,53,14,997,no,44,14
2025-05-22T17:06:58.545947,KXBTCD-25MAY2221-T111499.99,DELTA,50,150,54,1000,998,no,47,-14
2025-05-22T17:06:58.546001,KXBTCD-25MAY2221-T111499.99,DELTA,50,150,54,1000,999,no,43,30
2025-05-22T17:06:58.546053,KXBTCD-25MAY2221-T111499.99,DELTA,50,150,54,1000,1000,yes,45,2000
2025-05-22T17:06:58.546111,KXBTCD-25MAY2221-T111499.99,DELTA,50,150,54,1000,1001,yes,43,1250
2025-05-22T17:06:58.624722,KXBTCD-25MAY2221-T111499.99,DELTA,50,150,56,2364,1002,no,46,-1000
2025-05-22T17:06:58.664790,KXBTCD-25MAY2221-T111499.99,DELTA,50,150,55,1000,1003,no,45,1000
2025-05-22T17:06:59.056633,KXBTCD-25MAY2221-T111499.99,DELTA,50,150,55,1000,1004,yes,45,-2000
2025-05-22T17:06:59.056802,KXBTCD-25MAY2221-T111499.99,DELTA,50,150,55,1000,1005,yes,43,-1250
2025-05-22T17:06:59.056883,KXBTCD-25MAY2221-T111499.99,DELTA,50,150,55,1000,1006,no,44,-2000
2025-05-22T17:06:59.056947,KXBTCD-25MAY2221-T111499.99,DELTA,50,150,55,1000,1007,no,42,-1250
2025-05-22T17:06:59.064342,KXBTCD-25MAY2221-T111499.99,DELTA,50,150,55,1000,1008,no,41,1250
2025-05-22T17:06:59.064430,KXBTCD-25MAY2221-T111499.99,DELTA,50,150,55,1000,1009,no,43,2000
2025-05-22T17:06:59.085148,KXBTCD-25MAY2221-T111499.99,DELTA,50,150,55,1000,1010,yes,44,1250
2025-05-22T17:06:59.145417,KXBTCD-25MAY2221-T111499.99,DELTA,50,150,55,1000,1011,yes,46,2000
2025-05-22T17:06:59.324933,KXBTCD-25MAY2221-T111499.99,DELTA,50,150,55,1000,1012,yes,10,-3240
2025-05-22T17:06:59.325081,KXBTCD-25MAY2221-T111499.99,DELTA,50,150,55,1000,1013,yes,12,2700
2025-05-22T17:06:59.385100,KXBTCD-25MAY2221-T111499.99,DELTA,50,150,55,1000,1014,no,10,-3240
2025-05-22T17:06:59.385250,KXBTCD-25MAY2221-T111499.99,DELTA,50,150,55,1000,1015,no,12,2700
2025-05-22T17:06:59.427125,KXBTCD-25MAY2221-T111499.99,DELTA,50,150,55,1000,1016,yes,11,-20000
2025-05-22T17:06:59.484154,KXBTCD-25MAY2221-T111499.99,DELTA,50,150,55,1000,1017,no,11,-20000
2025-05-22T17:06:59.604522,KXBTCD-25MAY2221-T111499.99,DELTA,50,150,55,1000,1018,yes,46,-2000
2025-05-22T17:06:59.604726,KXBTCD-25MAY2221-T111499.99,DELTA,50,150,55,1000,1019,yes,44,-1250
2025-05-22T17:06:59.623924,KXBTCD-25MAY2221-T111499.99,DELTA,50,150,55,1000,1020,no,43,-2000
2025-05-22T17:06:59.624042,KXBTCD-25MAY2221-T111499.99,DELTA,50,150,55,1000,1021,no,41,-1250
2025-05-22T17:06:59.684875,KXBTCD-25MAY2221-T111499.99,DELTA,50,150,55,1000,1022,yes,45,2000
2025-05-22T17:06:59.685014,KXBTCD-25MAY2221-T111499.99,DELTA,50,150,55,1000,1023,no,44,2000
2025-05-22T17:06:59.764706,KXBTCD-25MAY2221-T111499.99,DELTA,50,150,55,1000,1024,yes,49,100
2025-05-22T17:06:59.804605,KXBTCD-25MAY2221-T111499.99,DELTA,50,150,55,1000,1025,no,42,1250
2025-05-22T17:06:59.824797,KXBTCD-25MAY2221-T111499.99,DELTA,50,150,55,1000,1026,no,44,-100
2025-05-22T17:06:59.985173,KXBTCD-25MAY2221-T111499.99,DELTA,50,150,55,1000,1027,yes,43,1250
2025-05-22T17:07:00.184679,KXBTCD-25MAY2221-T111499.99,DELTA,50,150,55,1000,1028,yes,36,250
2025-05-22T17:07:00.184811,KXBTCD-25MAY2221-T111499.99,DELTA,50,150,55,1000,1029,yes,46,-250
2025-05-22T17:07:00.184877,KXBTCD-25MAY2221-T111499.99,DELTA,50,150,54,250,1030,no,46,250
2025-05-22T17:07:00.205722,KXBTCD-25MAY2221-T111499.99,DELTA,50,150,54,250,1031,no,36,-250
2025-05-22T17:07:00.243851,KXBTCD-25MAY2221-T111499.99,DELTA,50,150,54,250,1032,yes,47,-1000
2025-05-22T17:07:00.265089,KXBTCD-25MAY2221-T111499.99,DELTA,50,150,54,250,1033,no,45,-1000
2025-05-22T17:07:00.304309,KXBTCD-25MAY2221-T111499.99,DELTA,50,150,53,1000,1034,no,47,1000
2025-05-22T17:07:00.304449,KXBTCD-25MAY2221-T111499.99,DELTA,50,150,53,1000,1035,yes,46,1000
2025-05-22T17:07:00.464211,KXBTCD-25MAY2221-T111499.99,DELTA,50,150,53,1000,1036,yes,12,-2700
2025-05-22T17:07:00.464364,KXBTCD-25MAY2221-T111499.99,DELTA,50,150,53,1000,1037,yes,4,8100
2025-05-22T17:07:00.505901,KXBTCD-25MAY2221-T111499.99,DELTA,50,150,53,1000,1038,no,12,-2700
2025-05-22T17:07:00.506038,KXBTCD-25MAY2221-T111499.99,DELTA,50,150,53,1000,1039,no,4,8100
2025-05-22T17:07:00.523816,KXBTCD-25MAY2221-T111499.99,DELTA,50,150,53,1000,1040,yes,5,20000
2025-05-22T17:07:00.563968,KXBTCD-25MAY2221-T111499.99,DELTA,50,150,53,1000,1041,no,5,20000
2025-05-22T17:07:00.704917,KXBTCD-25MAY2221-T111499.99,DELTA,50,150,54,250,1042,no,47,-1000
2025-05-22T17:07:00.845080,KXBTCD-25MAY2221-T111499.99,DELTA,50,150,54,1250,1043,no,46,1000
2025-05-22T17:07:01.045068,KXBTCD-25MAY2221-T111499.99,DELTA,50,150,54,1250,1044,no,43,-200
2025-05-22T17:07:01.065338,KXBTCD-25MAY2221-T111499.99,DELTA,50,150,54,1250,1045,no,45,50
2025-05-22T17:07:01.364763,KXBTCD-25MAY2221-T111499.99,DELTA,50,150,54,250,1046,no,46,-1000
2025-05-22T17:07:01.484187,KXBTCD-25MAY2221-T111499.99,DELTA,50,150,53,1000,1047,no,47,1000
2025-05-22T17:07:01.544107,KXBTCD-25MAY2221-T111499.99,DELTA,50,150,53,1000,1048,yes,4,-8100
2025-05-22T17:07:01.544254,KXBTCD-25MAY2221-T111499.99,DELTA,50,150,53,1000,1049,yes,6,5400
2025-05-22T17:07:01.564293,KXBTCD-25MAY2221-T111499.99,DELTA,50,150,53,1000,1050,no,45,-50
2025-05-22T17:07:01.583747,KXBTCD-25MAY2221-T111499.99,DELTA,50,150,53,1000,1051,no,44,250
2025-05-22T17:07:01.583925,KXBTCD-25MAY2221-T111499.99,DELTA,50,150,53,1000,1052,no,4,-8100
2025-05-22T17:07:01.583998,KXBTCD-25MAY2221-T111499.99,DELTA,50,150,53,1000,1053,no,6,5400
2025-05-22T17:07:01.664168,KXBTCD-25MAY2221-T111499.99,DELTA,50,150,53,1000,1054,yes,5,-20000
2025-05-22T17:07:01.784379,KXBTCD-25MAY2221-T111499.99,DELTA,50,150,53,1000,1055,no,43,100
2025-05-22T17:07:01.924674,KXBTCD-25MAY2221-T111499.99,DELTA,50,150,53,1000,1056,no,5,-20000
2025-05-22T17:07:02.244550,KXBTCD-25MAY2221-T111499.99,DELTA,50,150,53,1000,1057,yes,7,20000
2025-05-22T17:07:02.645561,KXBTCD-25MAY2221-T111499.99,DELTA,50,150,53,1000,1058,yes,6,-5400
2025-05-22T17:07:02.645697,KXBTCD-25MAY2221-T111499.99,DELTA,50,150,53,1000,1059,yes,8,4050
2025-05-22T17:07:02.705229,KXBTCD-25MAY2221-T111499.99,DELTA,50,150,53,1000,1060,no,6,-5400
2025-05-22T17:07:02.705375,KXBTCD-25MAY2221-T111499.99,DELTA,50,150,53,1000,1061,no,4,8100
2025-05-22T17:07:03.184003,KXBTCD-25MAY2221-T111499.99,DELTA,50,150,53,1000,1062,yes,7,-20000
2025-05-22T17:07:03.244518,KXBTCD-25MAY2221-T111499.99,DELTA,50,150,53,1000,1063,yes,9,20000
2025-05-22T17:07:03.984597,KXBTCD-25MAY2221-T111499.99,DELTA,50,150,53,1000,1064,no,7,20000
2025-05-22T17:07:04.243946,KXBTCD-25MAY2221-T111499.99,DELTA,50,150,53,1000,1065,no,7,-20000
2025-05-22T17:07:04.384443,KXBTCD-25MAY2221-T111499.99,DELTA,50,150,53,1000,1066,yes,45,-2000
2025-05-22T17:07:04.384579,KXBTCD-25MAY2221-T111499.99,DELTA,50,150,53,1000,1067,yes,43,-1250
2025-05-22T17:07:04.405039,KXBTCD-25MAY2221-T111499.99,DELTA,50,150,53,1000,1068,no,5,20000
2025-05-22T17:07:04.891926,KXBTCD-25MAY2221-T111499.99,DELTA,50,150,53,1000,1069,yes,42,1250
2025-05-22T17:07:04.892148,KXBTCD-25MAY2221-T111499.99,DELTA,50,150,53,1000,1070,yes,44,2000
2025-05-22T17:07:06.645599,KXBTCD-25MAY2221-T111499.99,DELTA,50,150,53,1000,1071,no,43,-100
2025-05-22T17:07:06.664786,KXBTCD-25MAY2221-T111499.99,DELTA,49,100,53,1000,1072,yes,50,-150
2025-05-22T17:07:06.704289,KXBTCD-25MAY2221-T111499.99,DELTA,49,350,53,1000,1073,yes,49,250
2025-05-22T17:07:06.964722,KXBTCD-25MAY2221-T111499.99,DELTA,49,350,53,1000,1074,yes,8,-4050
2025-05-22T17:07:06.964916,KXBTCD-25MAY2221-T111499.99,DELTA,49,350,53,1000,1075,yes,10,3240
2025-05-22T17:07:07.025041,KXBTCD-25MAY2221-T111499.99,DELTA,49,350,53,1000,1076,no,4,-8100
2025-05-22T17:07:07.025170,KXBTCD-25MAY2221-T111499.99,DELTA,49,350,53,1000,1077,no,6,5400
2025-05-22T17:07:07.765631,KXBTCD-25MAY2221-T111499.99,DELTA,49,350,53,1000,1078,no,44,-2000
2025-05-22T17:07:07.784344,KXBTCD-25MAY2221-T111499.99,DELTA,49,350,53,1000,1079,no,42,-1250
2025-05-22T17:07:07.844174,KXBTCD-25MAY2221-T111499.99,DELTA,49,350,53,1000,1080,no,45,2000
2025-05-22T17:07:07.985266,KXBTCD-25MAY2221-T111499.99,DELTA,49,350,53,1000,1081,no,5,-20000
2025-05-22T17:07:07.985500,KXBTCD-25MAY2221-T111499.99,DELTA,49,350,53,1000,1082,no,43,1250
