timestamp,market_ticker,type,yes_bid_price_cents,yes_bid_qty,yes_ask_price_cents,yes_ask_qty_on_no_side,sequence_num,delta_side,delta_price_cents,delta_quantity
2025-05-21T16:00:38.228732,KXBTCD-25MAY2120-T109249.99,SNAPSHOT,16,100,23,100,1,,,
2025-05-21T16:00:47.386945,KXBTCD-25MAY2120-T109249.99,DELTA,16,100,23,100,2,no,45,8000
2025-05-21T16:00:47.406704,KXBTCD-25MAY2120-T109249.99,DELTA,16,100,23,100,3,no,3,80000
2025-05-21T16:00:47.407469,KXBTCD-25MAY2120-T109249.99,DELTA,16,100,23,100,4,yes,3,80000
2025-05-21T16:00:47.408008,KXBTCD-25MAY2120-T109249.99,DELTA,16,100,23,100,5,no,71,3000
2025-05-21T16:00:47.724338,KXBTCD-25MAY2120-T109249.99,DELTA,16,100,23,100,6,yes,4,9
2025-05-21T16:00:49.484832,KXBTCD-25MAY2120-T109249.99,DELTA,16,100,22,1000,7,no,78,1000
2025-05-21T16:00:49.484962,KXBTCD-25MAY2120-T109249.99,DELTA,16,100,22,1000,8,no,6,20000
2025-05-21T16:00:49.485472,KXBTCD-25MAY2120-T109249.99,DELTA,16,100,22,1000,9,no,51,2000
2025-05-21T16:00:49.683293,KXBTCD-25MAY2120-T109249.99,DELTA,16,100,22,1000,10,no,51,-9
2025-05-21T16:00:50.517833,KXBTCD-25MAY2120-T109249.99,DELTA,16,100,22,1000,11,no,5,-6480
2025-05-21T16:00:50.518448,KXBTCD-25MAY2120-T109249.99,DELTA,16,100,22,1000,12,no,7,4628
2025-05-21T16:00:50.625168,KXBTCD-25MAY2120-T109249.99,DELTA,16,100,22,1000,13,no,6,-20000
2025-05-21T16:00:50.744381,KXBTCD-25MAY2120-T109249.99,DELTA,16,100,22,1000,14,no,8,20000
2025-05-21T16:00:51.683841,KXBTCD-25MAY2120-T109249.99,DELTA,16,100,22,1000,15,no,7,-4628
2025-05-21T16:00:51.684089,KXBTCD-25MAY2120-T109249.99,DELTA,16,100,22,1000,16,no,9,3600
2025-05-21T16:00:51.803620,KXBTCD-25MAY2120-T109249.99,DELTA,16,100,22,1000,17,no,8,-20000
2025-05-21T16:00:51.945058,KXBTCD-25MAY2120-T109249.99,DELTA,16,100,22,1000,18,no,10,20000
2025-05-21T16:00:52.083459,KXBTCD-25MAY2120-T109249.99,DELTA,16,100,22,1000,19,yes,6,24
2025-05-21T16:00:52.103221,KXBTCD-25MAY2120-T109249.99,DELTA,16,100,22,1000,20,no,77,24
2025-05-21T16:00:52.923924,KXBTCD-25MAY2120-T109249.99,DELTA,16,100,22,1000,21,no,9,-3600
2025-05-21T16:00:52.924564,KXBTCD-25MAY2120-T109249.99,DELTA,16,100,22,1000,22,no,11,2945
2025-05-21T16:00:53.024205,KXBTCD-25MAY2120-T109249.99,DELTA,16,100,22,1000,23,yes,4,-9
2025-05-21T16:00:53.044045,KXBTCD-25MAY2120-T109249.99,DELTA,16,100,22,1000,24,yes,7,9
2025-05-21T16:00:53.063415,KXBTCD-25MAY2120-T109249.99,DELTA,16,100,22,1000,25,no,10,-20000
2025-05-21T16:00:53.164643,KXBTCD-25MAY2120-T109249.99,DELTA,16,100,22,1000,26,no,5,20000
2025-05-21T16:00:54.103910,KXBTCD-25MAY2120-T109249.99,DELTA,16,100,22,1000,27,no,11,-2945
2025-05-21T16:00:54.104813,KXBTCD-25MAY2120-T109249.99,DELTA,16,100,22,1000,28,no,6,5400
2025-05-21T16:00:54.253354,KXBTCD-25MAY2120-T109249.99,DELTA,16,100,22,1000,29,no,5,-20000
2025-05-21T16:00:54.384216,KXBTCD-25MAY2120-T109249.99,DELTA,16,100,22,1000,30,no,7,20000
2025-05-21T16:00:59.165245,KXBTCD-25MAY2120-T109249.99,DELTA,16,100,22,1000,31,no,6,-5400
2025-05-21T16:00:59.166316,KXBTCD-25MAY2120-T109249.99,DELTA,16,100,22,1000,32,no,8,4050
2025-05-21T16:00:59.284700,KXBTCD-25MAY2120-T109249.99,DELTA,16,100,22,1000,33,no,7,-20000
2025-05-21T16:00:59.404542,KXBTCD-25MAY2120-T109249.99,DELTA,16,100,22,1000,34,no,9,20000
2025-05-21T16:01:01.604369,KXBTCD-25MAY2120-T109249.99,DELTA,16,100,22,1000,35,no,8,-4050
2025-05-21T16:01:01.605215,KXBTCD-25MAY2120-T109249.99,DELTA,16,100,22,1000,36,no,10,3240
2025-05-21T16:01:01.745475,KXBTCD-25MAY2120-T109249.99,DELTA,16,100,22,1000,37,no,9,-20000
2025-05-21T16:01:01.863792,KXBTCD-25MAY2120-T109249.99,DELTA,16,100,22,1000,38,no,11,20000
2025-05-21T16:01:02.863630,KXBTCD-25MAY2120-T109249.99,DELTA,16,100,22,1000,39,no,10,-3240
2025-05-21T16:01:02.863839,KXBTCD-25MAY2120-T109249.99,DELTA,16,100,22,1000,40,no,12,2700
2025-05-21T16:01:03.003566,KXBTCD-25MAY2120-T109249.99,DELTA,16,100,22,1000,41,no,11,-20000
2025-05-21T16:01:03.123879,KXBTCD-25MAY2120-T109249.99,DELTA,16,100,22,1000,42,no,5,20000
2025-05-21T16:01:04.204650,KXBTCD-25MAY2120-T109249.99,DELTA,16,100,22,1000,43,no,12,-2700
2025-05-21T16:01:04.205684,KXBTCD-25MAY2120-T109249.99,DELTA,16,100,22,1000,44,no,6,5400
2025-05-21T16:01:04.285455,KXBTCD-25MAY2120-T109249.99,DELTA,16,100,22,1000,45,no,5,-20000
2025-05-21T16:01:04.324181,KXBTCD-25MAY2120-T109249.99,DELTA,16,100,22,1000,46,no,7,20000
2025-05-21T16:01:05.524100,KXBTCD-25MAY2120-T109249.99,DELTA,16,100,22,1000,47,no,6,-5400
2025-05-21T16:01:05.525118,KXBTCD-25MAY2120-T109249.99,DELTA,16,100,22,1000,48,no,8,4050
2025-05-21T16:01:05.688462,KXBTCD-25MAY2120-T109249.99,DELTA,16,100,22,1000,49,no,7,-20000
2025-05-21T16:01:05.739754,KXBTCD-25MAY2120-T109249.99,DELTA,16,100,22,1000,50,no,9,20000
2025-05-21T16:01:06.804449,KXBTCD-25MAY2120-T109249.99,DELTA,16,100,22,1000,51,no,8,-4050
2025-05-21T16:01:06.805249,KXBTCD-25MAY2120-T109249.99,DELTA,16,100,22,1000,52,no,10,3240
2025-05-21T16:01:06.883757,KXBTCD-25MAY2120-T109249.99,DELTA,16,100,22,1000,53,no,9,-20000
2025-05-21T16:01:06.925014,KXBTCD-25MAY2120-T109249.99,DELTA,16,100,22,1000,54,no,11,20000
2025-05-21T16:01:07.705496,KXBTCD-25MAY2120-T109249.99,DELTA,16,100,22,1000,55,no,71,-3000
2025-05-21T16:01:07.744240,KXBTCD-25MAY2120-T109249.99,DELTA,16,100,22,1000,56,no,70,3000
2025-05-21T16:01:10.684267,KXBTCD-25MAY2120-T109249.99,DELTA,16,100,22,1000,57,no,10,-3240
2025-05-21T16:01:10.685310,KXBTCD-25MAY2120-T109249.99,DELTA,16,100,22,1000,58,no,12,2700
2025-05-21T16:01:10.788767,KXBTCD-25MAY2120-T109249.99,DELTA,16,100,22,1000,59,no,11,-20000
2025-05-21T16:01:10.828944,KXBTCD-25MAY2120-T109249.99,DELTA,16,100,22,1000,60,no,5,20000
2025-05-21T16:01:13.337603,KXBTCD-25MAY2120-T109249.99,DELTA,16,100,22,1000,61,no,12,-2700
2025-05-21T16:01:13.338604,KXBTCD-25MAY2120-T109249.99,DELTA,16,100,22,1000,62,no,6,5400
2025-05-21T16:01:13.340807,KXBTCD-25MAY2120-T109249.99,DELTA,16,100,22,1000,63,no,5,-20000
2025-05-21T16:01:13.848115,KXBTCD-25MAY2120-T109249.99,DELTA,16,100,22,1000,64,no,7,20000
2025-05-21T16:01:47.103920,KXBTCD-25MAY2120-T109249.99,DELTA,16,100,22,1000,65,no,77,-100
2025-05-21T16:01:47.105163,KXBTCD-25MAY2120-T109249.99,DELTA,16,100,23,24,66,no,78,-1000
2025-05-21T16:01:47.105575,KXBTCD-25MAY2120-T109249.99,DELTA,16,100,23,24,67,no,51,1000
2025-05-21T16:01:47.105871,KXBTCD-25MAY2120-T109249.99,DELTA,16,100,23,24,68,no,6,-5400
2025-05-21T16:01:47.106140,KXBTCD-25MAY2120-T109249.99,DELTA,16,100,23,24,69,no,8,4050
2025-05-21T16:01:47.106366,KXBTCD-25MAY2120-T109249.99,DELTA,16,100,23,24,70,no,7,-20000
2025-05-21T16:01:47.106622,KXBTCD-25MAY2120-T109249.99,DELTA,16,100,23,24,71,no,76,100
2025-05-21T16:01:47.107016,KXBTCD-25MAY2120-T109249.99,DELTA,16,100,23,24,72,no,71,9
2025-05-21T16:01:47.107447,KXBTCD-25MAY2120-T109249.99,DELTA,16,100,23,24,73,no,9,20000
2025-05-21T16:01:47.107700,KXBTCD-25MAY2120-T109249.99,DELTA,16,100,23,24,74,no,51,-1000
2025-05-21T16:01:47.107972,KXBTCD-25MAY2120-T109249.99,DELTA,16,100,23,1024,75,no,77,1000
2025-05-21T16:01:47.108912,KXBTCD-25MAY2120-T109249.99,DELTA,16,100,23,1024,76,no,8,-4050
2025-05-21T16:01:47.109306,KXBTCD-25MAY2120-T109249.99,DELTA,16,100,23,1024,77,no,10,3240
2025-05-21T16:01:47.109571,KXBTCD-25MAY2120-T109249.99,DELTA,16,100,23,1024,78,no,9,-20000
2025-05-21T16:01:47.109746,KXBTCD-25MAY2120-T109249.99,DELTA,16,100,23,1024,79,no,71,-9
2025-05-21T16:01:47.109923,KXBTCD-25MAY2120-T109249.99,DELTA,16,100,23,1024,80,no,11,20000
2025-05-21T16:01:47.110106,KXBTCD-25MAY2120-T109249.99,DELTA,16,100,23,1024,81,no,10,-3240
2025-05-21T16:01:47.110379,KXBTCD-25MAY2120-T109249.99,DELTA,16,100,23,1024,82,no,12,2700
2025-05-21T16:01:47.110708,KXBTCD-25MAY2120-T109249.99,DELTA,16,100,23,1024,83,no,11,-20000
2025-05-21T16:01:47.111006,KXBTCD-25MAY2120-T109249.99,DELTA,16,100,23,1024,84,no,5,20000
2025-05-21T16:01:47.111385,KXBTCD-25MAY2120-T109249.99,DELTA,16,100,23,1024,85,no,76,-100
2025-05-21T16:01:47.111618,KXBTCD-25MAY2120-T109249.99,DELTA,16,100,23,24,86,no,77,-1000
2025-05-21T16:01:47.111815,KXBTCD-25MAY2120-T109249.99,DELTA,16,100,23,24,87,no,51,1000
2025-05-21T16:01:47.112129,KXBTCD-25MAY2120-T109249.99,DELTA,16,100,23,24,88,no,12,-2700
2025-05-21T16:01:47.112955,KXBTCD-25MAY2120-T109249.99,DELTA,16,100,23,24,89,no,6,5400
2025-05-21T16:01:47.113724,KXBTCD-25MAY2120-T109249.99,DELTA,16,100,23,24,90,no,5,-20000
2025-05-21T16:01:47.114037,KXBTCD-25MAY2120-T109249.99,DELTA,16,100,23,24,91,no,7,20000
2025-05-21T16:01:47.114225,KXBTCD-25MAY2120-T109249.99,DELTA,16,100,23,24,92,no,71,9
2025-05-21T16:01:47.117883,KXBTCD-25MAY2120-T109249.99,DELTA,16,100,23,124,93,no,77,100
2025-05-21T16:01:47.118702,KXBTCD-25MAY2120-T109249.99,DELTA,16,100,23,124,94,no,51,-1000
2025-05-21T16:01:47.118980,KXBTCD-25MAY2120-T109249.99,DELTA,16,100,22,1000,95,no,78,1000
2025-05-21T16:01:47.119113,KXBTCD-25MAY2120-T109249.99,DELTA,7,9,22,1000,96,yes,16,-100
2025-05-21T16:01:47.119225,KXBTCD-25MAY2120-T109249.99,DELTA,6,24,22,1000,97,yes,7,-9
2025-05-21T16:01:47.119331,KXBTCD-25MAY2120-T109249.99,DELTA,6,24,22,1000,98,no,71,-9
2025-05-21T16:01:47.119420,KXBTCD-25MAY2120-T109249.99,DELTA,6,24,22,1000,99,no,6,-5400
2025-05-21T16:01:47.119509,KXBTCD-25MAY2120-T109249.99,DELTA,6,24,22,1000,100,no,8,4050
2025-05-21T16:01:47.119595,KXBTCD-25MAY2120-T109249.99,DELTA,6,24,22,1000,101,no,7,-20000
2025-05-21T16:01:47.119678,KXBTCD-25MAY2120-T109249.99,DELTA,6,24,22,1000,102,no,9,20000
2025-05-21T16:01:47.119760,KXBTCD-25MAY2120-T109249.99,DELTA,6,24,22,1000,103,no,77,-100
2025-05-21T16:01:47.119843,KXBTCD-25MAY2120-T109249.99,DELTA,6,24,23,24,104,no,78,-1000
2025-05-21T16:01:47.119938,KXBTCD-25MAY2120-T109249.99,DELTA,6,24,23,24,105,no,51,1000
2025-05-21T16:01:47.120029,KXBTCD-25MAY2120-T109249.99,DELTA,14,100,23,24,106,yes,14,100
2025-05-21T16:01:47.120171,KXBTCD-25MAY2120-T109249.99,DELTA,6,24,23,24,107,yes,14,-100
2025-05-21T16:01:47.120256,KXBTCD-25MAY2120-T109249.99,DELTA,6,24,23,24,108,no,71,9
2025-05-21T16:01:47.120344,KXBTCD-25MAY2120-T109249.99,DELTA,6,24,23,124,109,no,77,100
2025-05-21T16:01:47.120441,KXBTCD-25MAY2120-T109249.99,DELTA,6,24,23,124,110,no,51,-1000
2025-05-21T16:01:47.120526,KXBTCD-25MAY2120-T109249.99,DELTA,6,24,22,1000,111,no,78,1000
2025-05-21T16:01:47.120605,KXBTCD-25MAY2120-T109249.99,DELTA,6,24,22,1000,112,yes,4,24
2025-05-21T16:01:47.120679,KXBTCD-25MAY2120-T109249.99,DELTA,4,24,22,1000,113,yes,6,-24
2025-05-21T16:01:47.120757,KXBTCD-25MAY2120-T109249.99,DELTA,4,24,21,24,114,no,79,24
2025-05-21T16:01:47.120834,KXBTCD-25MAY2120-T109249.99,DELTA,4,24,21,24,115,no,77,-24
2025-05-21T16:01:47.120907,KXBTCD-25MAY2120-T109249.99,DELTA,15,100,21,24,116,yes,15,100
2025-05-21T16:01:47.120987,KXBTCD-25MAY2120-T109249.99,DELTA,15,100,21,24,117,no,71,-9
2025-05-21T16:01:47.121063,KXBTCD-25MAY2120-T109249.99,DELTA,15,100,21,24,118,no,77,-100
2025-05-21T16:01:47.121146,KXBTCD-25MAY2120-T109249.99,DELTA,15,100,21,24,119,no,78,-1000
2025-05-21T16:01:47.121239,KXBTCD-25MAY2120-T109249.99,DELTA,15,100,21,24,120,no,51,1000
2025-05-21T16:01:47.121319,KXBTCD-25MAY2120-T109249.99,DELTA,15,100,21,24,121,yes,5,9
2025-05-21T16:01:47.121395,KXBTCD-25MAY2120-T109249.99,DELTA,5,9,21,24,122,yes,15,-100
2025-05-21T16:01:47.121474,KXBTCD-25MAY2120-T109249.99,DELTA,5,9,21,24,123,yes,4,-24
2025-05-21T16:01:47.121550,KXBTCD-25MAY2120-T109249.99,DELTA,5,9,21,24,124,yes,3,24
2025-05-21T16:01:47.122234,KXBTCD-25MAY2120-T109249.99,DELTA,5,9,20,24,125,no,80,24
2025-05-21T16:01:47.122332,KXBTCD-25MAY2120-T109249.99,DELTA,5,9,20,24,126,no,79,-24
2025-05-21T16:01:47.122415,KXBTCD-25MAY2120-T109249.99,DELTA,5,9,20,24,127,no,8,-4050
2025-05-21T16:01:47.122491,KXBTCD-25MAY2120-T109249.99,DELTA,5,9,20,24,128,no,10,3240
2025-05-21T16:01:47.122619,KXBTCD-25MAY2120-T109249.99,DELTA,13,100,20,24,129,yes,13,100
2025-05-21T16:01:47.122783,KXBTCD-25MAY2120-T109249.99,DELTA,13,100,20,24,130,no,79,100
2025-05-21T16:01:47.122890,KXBTCD-25MAY2120-T109249.99,DELTA,13,100,20,24,131,no,9,-20000
2025-05-21T16:01:47.122976,KXBTCD-25MAY2120-T109249.99,DELTA,13,100,20,24,132,yes,5,-9
2025-05-21T16:01:47.123054,KXBTCD-25MAY2120-T109249.99,DELTA,13,100,20,24,133,no,71,9
2025-05-21T16:01:47.123127,KXBTCD-25MAY2120-T109249.99,DELTA,13,100,20,24,134,no,11,20000
2025-05-21T16:01:47.123198,KXBTCD-25MAY2120-T109249.99,DELTA,13,100,20,24,135,no,51,-1000
2025-05-21T16:01:47.123440,KXBTCD-25MAY2120-T109249.99,DELTA,13,100,20,1024,136,no,80,1000
2025-05-21T16:01:47.123612,KXBTCD-25MAY2120-T109249.99,DELTA,3,80024,20,1024,137,yes,13,-100
2025-05-21T16:01:47.123702,KXBTCD-25MAY2120-T109249.99,DELTA,3,80024,20,1024,138,no,71,-9
2025-05-21T16:01:47.123868,KXBTCD-25MAY2120-T109249.99,DELTA,3,80000,20,1024,139,yes,3,-24
2025-05-21T16:01:47.124010,KXBTCD-25MAY2120-T109249.99,DELTA,3,80000,20,1024,140,no,10,-3240
2025-05-21T16:01:47.124112,KXBTCD-25MAY2120-T109249.99,DELTA,3,80000,20,1024,141,no,12,2700
2025-05-21T16:01:47.124209,KXBTCD-25MAY2120-T109249.99,DELTA,4,24,20,1024,142,yes,4,24
2025-05-21T16:01:47.124293,KXBTCD-25MAY2120-T109249.99,DELTA,14,100,20,1024,143,yes,14,100
2025-05-21T16:01:47.124373,KXBTCD-25MAY2120-T109249.99,DELTA,14,100,20,1024,144,no,78,24
2025-05-21T16:01:47.124450,KXBTCD-25MAY2120-T109249.99,DELTA,14,100,20,1000,145,no,80,-24
2025-05-21T16:01:47.124524,KXBTCD-25MAY2120-T109249.99,DELTA,14,100,20,1000,146,no,11,-20000
2025-05-21T16:01:47.124603,KXBTCD-25MAY2120-T109249.99,DELTA,14,100,20,1000,147,no,5,20000
2025-05-21T16:01:47.124673,KXBTCD-25MAY2120-T109249.99,DELTA,14,100,20,1000,148,no,12,-2700
2025-05-21T16:01:47.124747,KXBTCD-25MAY2120-T109249.99,DELTA,14,100,20,1000,149,no,6,5400
2025-05-21T16:01:47.124820,KXBTCD-25MAY2120-T109249.99,DELTA,14,100,20,1000,150,no,5,-20000
2025-05-21T16:01:47.124895,KXBTCD-25MAY2120-T109249.99,DELTA,14,100,20,1000,151,yes,5,9
2025-05-21T16:01:47.124968,KXBTCD-25MAY2120-T109249.99,DELTA,14,100,20,1000,152,no,7,20000
2025-05-21T16:01:47.125039,KXBTCD-25MAY2120-T109249.99,DELTA,14,100,20,1000,153,no,6,-5400
2025-05-21T16:01:47.125111,KXBTCD-25MAY2120-T109249.99,DELTA,14,100,20,1000,154,no,8,4050
2025-05-21T16:01:47.125181,KXBTCD-25MAY2120-T109249.99,DELTA,14,100,20,1000,155,no,7,-20000
2025-05-21T16:01:47.125252,KXBTCD-25MAY2120-T109249.99,DELTA,14,100,20,1000,156,no,9,20000
2025-05-21T16:01:47.125628,KXBTCD-25MAY2120-T109249.99,DELTA,14,100,20,1000,157,no,8,-4050
2025-05-21T16:01:47.125715,KXBTCD-25MAY2120-T109249.99,DELTA,14,100,20,1000,158,no,10,3240
2025-05-21T16:01:47.125792,KXBTCD-25MAY2120-T109249.99,DELTA,14,100,20,1000,159,no,9,-20000
2025-05-21T16:01:47.125866,KXBTCD-25MAY2120-T109249.99,DELTA,14,100,20,1000,160,no,11,20000
2025-05-21T16:01:47.125939,KXBTCD-25MAY2120-T109249.99,DELTA,14,100,20,1000,161,no,10,-3240
2025-05-21T16:01:47.126009,KXBTCD-25MAY2120-T109249.99,DELTA,14,100,20,1000,162,no,12,2700
2025-05-21T16:01:47.126080,KXBTCD-25MAY2120-T109249.99,DELTA,14,100,20,1000,163,no,11,-20000
2025-05-21T16:01:47.126152,KXBTCD-25MAY2120-T109249.99,DELTA,14,100,20,1000,164,no,5,20000
2025-05-21T16:01:47.126222,KXBTCD-25MAY2120-T109249.99,DELTA,14,100,20,1000,165,no,12,-2700
2025-05-21T16:01:47.126293,KXBTCD-25MAY2120-T109249.99,DELTA,14,100,20,1000,166,no,6,5400
2025-05-21T16:01:47.126363,KXBTCD-25MAY2120-T109249.99,DELTA,14,100,20,1000,167,no,5,-20000
2025-05-21T16:01:47.126431,KXBTCD-25MAY2120-T109249.99,DELTA,14,100,20,1000,168,no,7,20000
2025-05-21T16:01:47.126498,KXBTCD-25MAY2120-T109249.99,DELTA,14,100,20,1000,169,no,79,-100
2025-05-21T16:01:47.126568,KXBTCD-25MAY2120-T109249.99,DELTA,14,100,22,24,170,no,80,-1000
2025-05-21T16:01:47.126639,KXBTCD-25MAY2120-T109249.99,DELTA,14,100,22,24,171,no,51,1000
2025-05-21T16:01:47.126708,KXBTCD-25MAY2120-T109249.99,DELTA,14,100,22,124,172,no,78,100
2025-05-21T16:01:47.126778,KXBTCD-25MAY2120-T109249.99,DELTA,14,100,22,124,173,no,51,-1000
2025-05-21T16:01:47.126905,KXBTCD-25MAY2120-T109249.99,DELTA,14,100,22,124,174,no,6,-5400
2025-05-21T16:01:47.127004,KXBTCD-25MAY2120-T109249.99,DELTA,14,100,22,124,175,no,8,4050
2025-05-21T16:01:47.127085,KXBTCD-25MAY2120-T109249.99,DELTA,14,100,22,124,176,no,71,9
2025-05-21T16:01:47.127160,KXBTCD-25MAY2120-T109249.99,DELTA,14,100,21,1000,177,no,79,1000
2025-05-21T16:01:47.127234,KXBTCD-25MAY2120-T109249.99,DELTA,14,100,21,1000,178,no,7,-20000
2025-05-21T16:01:47.127307,KXBTCD-25MAY2120-T109249.99,DELTA,14,100,21,1000,179,no,9,20000
2025-05-21T16:01:47.127376,KXBTCD-25MAY2120-T109249.99,DELTA,14,100,21,1000,180,no,8,-4050
2025-05-21T16:01:47.127573,KXBTCD-25MAY2120-T109249.99,DELTA,14,100,21,1000,181,no,10,3240
2025-05-21T16:01:47.127660,KXBTCD-25MAY2120-T109249.99,DELTA,14,100,21,1000,182,no,9,-20000
2025-05-21T16:01:47.127725,KXBTCD-25MAY2120-T109249.99,DELTA,14,100,21,1000,183,no,71,-9
2025-05-21T16:01:47.127787,KXBTCD-25MAY2120-T109249.99,DELTA,14,100,21,1000,184,no,11,20000
2025-05-21T16:01:47.128877,KXBTCD-25MAY2120-T109249.99,DELTA,5,9,21,1000,185,yes,14,-100
2025-05-21T16:01:47.129035,KXBTCD-25MAY2120-T109249.99,DELTA,5,9,21,1000,186,no,10,-3240
2025-05-21T16:01:47.129129,KXBTCD-25MAY2120-T109249.99,DELTA,5,9,21,1000,187,no,12,2700
2025-05-21T16:01:47.129219,KXBTCD-25MAY2120-T109249.99,DELTA,4,24,21,1000,188,yes,5,-9
2025-05-21T16:01:47.129710,KXBTCD-25MAY2120-T109249.99,DELTA,4,24,21,1000,189,no,11,-20000
2025-05-21T16:01:47.129842,KXBTCD-25MAY2120-T109249.99,DELTA,4,24,21,1000,190,no,5,20000
2025-05-21T16:01:47.129916,KXBTCD-25MAY2120-T109249.99,DELTA,4,24,21,1000,191,no,78,-100
2025-05-21T16:01:47.129989,KXBTCD-25MAY2120-T109249.99,DELTA,4,24,22,24,192,no,79,-1000
2025-05-21T16:01:47.130167,KXBTCD-25MAY2120-T109249.99,DELTA,4,24,22,24,193,no,51,1000
2025-05-21T16:01:47.130323,KXBTCD-25MAY2120-T109249.99,DELTA,16,100,22,24,194,yes,16,100
2025-05-21T16:01:47.130417,KXBTCD-25MAY2120-T109249.99,DELTA,16,100,22,24,195,no,71,9
2025-05-21T16:01:47.130512,KXBTCD-25MAY2120-T109249.99,DELTA,16,100,22,24,196,yes,5,9
2025-05-21T16:01:47.130583,KXBTCD-25MAY2120-T109249.99,DELTA,16,100,22,24,197,no,12,-2700
2025-05-21T16:01:47.130687,KXBTCD-25MAY2120-T109249.99,DELTA,16,100,22,24,198,no,6,5400
2025-05-21T16:01:47.130758,KXBTCD-25MAY2120-T109249.99,DELTA,16,100,22,24,199,no,5,-20000
2025-05-21T16:01:47.130829,KXBTCD-25MAY2120-T109249.99,DELTA,16,100,22,24,200,no,76,100
2025-05-21T16:01:47.130894,KXBTCD-25MAY2120-T109249.99,DELTA,16,100,22,24,201,no,7,20000
2025-05-21T16:01:47.130954,KXBTCD-25MAY2120-T109249.99,DELTA,16,100,22,24,202,no,51,-1000
2025-05-21T16:01:47.131057,KXBTCD-25MAY2120-T109249.99,DELTA,16,100,22,24,203,no,77,1000
2025-05-21T16:01:47.131121,KXBTCD-25MAY2120-T109249.99,DELTA,16,100,22,24,204,yes,6,24
2025-05-21T16:01:47.131183,KXBTCD-25MAY2120-T109249.99,DELTA,16,100,22,24,205,yes,4,-24
2025-05-21T16:01:47.131244,KXBTCD-25MAY2120-T109249.99,DELTA,16,100,23,1000,206,no,78,-24
2025-05-21T16:01:47.131305,KXBTCD-25MAY2120-T109249.99,DELTA,16,100,23,1000,207,no,76,24
2025-05-21T16:01:47.131369,KXBTCD-25MAY2120-T109249.99,DELTA,16,100,23,1000,208,no,71,-9
2025-05-21T16:01:47.131431,KXBTCD-25MAY2120-T109249.99,DELTA,16,100,23,1000,209,yes,7,9
2025-05-21T16:01:47.131494,KXBTCD-25MAY2120-T109249.99,DELTA,16,100,23,1000,210,yes,5,-9
2025-05-21T16:01:47.131555,KXBTCD-25MAY2120-T109249.99,DELTA,7,9,23,1000,211,yes,16,-100
2025-05-21T16:01:47.131617,KXBTCD-25MAY2120-T109249.99,DELTA,16,100,23,1000,212,yes,16,100
2025-05-21T16:01:47.131678,KXBTCD-25MAY2120-T109249.99,DELTA,16,100,23,1000,213,no,6,-5400
2025-05-21T16:01:47.131738,KXBTCD-25MAY2120-T109249.99,DELTA,16,100,23,1000,214,no,8,4050
2025-05-21T16:01:47.131797,KXBTCD-25MAY2120-T109249.99,DELTA,16,100,23,1000,215,no,7,-20000
2025-05-21T16:01:47.131858,KXBTCD-25MAY2120-T109249.99,DELTA,16,100,23,1000,216,no,9,20000
2025-05-21T16:01:48.310726,KXBTCD-25MAY2120-T109249.99,DELTA,7,9,23,1000,217,yes,16,-100
2025-05-21T16:01:48.311399,KXBTCD-25MAY2120-T109249.99,DELTA,6,24,23,1000,218,yes,7,-9
2025-05-21T16:01:48.311958,KXBTCD-25MAY2120-T109249.99,DELTA,6,24,23,1000,219,no,8,-4050
2025-05-21T16:01:48.312217,KXBTCD-25MAY2120-T109249.99,DELTA,6,24,23,1000,220,no,10,3240
2025-05-21T16:01:48.312435,KXBTCD-25MAY2120-T109249.99,DELTA,6,24,23,1000,221,no,9,-20000
2025-05-21T16:01:48.351740,KXBTCD-25MAY2120-T109249.99,DELTA,6,24,23,1000,222,no,11,20000
2025-05-21T16:01:48.580012,KXBTCD-25MAY2120-T109249.99,DELTA,6,24,23,1000,223,no,76,-100
2025-05-21T16:01:48.646659,KXBTCD-25MAY2120-T109249.99,DELTA,6,24,24,24,224,no,77,-1000
2025-05-21T16:01:48.685517,KXBTCD-25MAY2120-T109249.99,DELTA,6,24,24,24,225,no,51,1000
2025-05-21T16:01:48.727446,KXBTCD-25MAY2120-T109249.99,DELTA,18,100,24,24,226,yes,18,100
2025-05-21T16:01:49.305150,KXBTCD-25MAY2120-T109249.99,DELTA,18,100,24,24,227,no,75,100
2025-05-21T16:01:49.364466,KXBTCD-25MAY2120-T109249.99,DELTA,18,100,24,24,228,no,10,-3240
2025-05-21T16:01:49.365325,KXBTCD-25MAY2120-T109249.99,DELTA,18,100,24,24,229,no,12,2700
2025-05-21T16:01:49.384474,KXBTCD-25MAY2120-T109249.99,DELTA,18,100,24,24,230,no,51,-1000
2025-05-21T16:01:49.427157,KXBTCD-25MAY2120-T109249.99,DELTA,18,100,24,24,231,no,71,9
2025-05-21T16:01:49.428474,KXBTCD-25MAY2120-T109249.99,DELTA,18,100,24,24,232,yes,7,9
2025-05-21T16:01:49.448754,KXBTCD-25MAY2120-T109249.99,DELTA,18,100,24,1024,233,no,76,1000
2025-05-21T16:01:49.449548,KXBTCD-25MAY2120-T109249.99,DELTA,18,100,24,1024,234,no,11,-20000
2025-05-21T16:01:49.484268,KXBTCD-25MAY2120-T109249.99,DELTA,18,100,24,1024,235,no,5,20000
2025-05-21T16:01:51.231976,KXBTCD-25MAY2120-T109249.99,DELTA,18,100,24,1024,236,no,12,-2700
2025-05-21T16:01:51.232804,KXBTCD-25MAY2120-T109249.99,DELTA,18,100,24,1024,237,no,6,5400
2025-05-21T16:01:51.233288,KXBTCD-25MAY2120-T109249.99,DELTA,18,100,24,1024,238,no,5,-20000
2025-05-21T16:01:51.237808,KXBTCD-25MAY2120-T109249.99,DELTA,18,100,24,1024,239,no,71,-9
2025-05-21T16:01:51.238313,KXBTCD-25MAY2120-T109249.99,DELTA,18,100,24,1024,240,no,7,20000
2025-05-21T16:01:51.845179,KXBTCD-25MAY2120-T109249.99,DELTA,18,100,24,1024,241,no,6,-5400
2025-05-21T16:01:51.846309,KXBTCD-25MAY2120-T109249.99,DELTA,18,100,24,1024,242,no,8,4050
2025-05-21T16:01:51.924905,KXBTCD-25MAY2120-T109249.99,DELTA,18,100,24,1024,243,no,7,-20000
2025-05-21T16:01:51.964038,KXBTCD-25MAY2120-T109249.99,DELTA,18,100,24,1024,244,no,9,20000
2025-05-21T16:01:53.258647,KXBTCD-25MAY2120-T109249.99,DELTA,18,100,24,1024,245,no,8,-4050
2025-05-21T16:01:53.259795,KXBTCD-25MAY2120-T109249.99,DELTA,18,100,24,1024,246,no,10,3240
2025-05-21T16:01:53.331921,KXBTCD-25MAY2120-T109249.99,DELTA,18,100,24,1024,247,no,9,-20000
2025-05-21T16:01:53.368722,KXBTCD-25MAY2120-T109249.99,DELTA,18,100,24,1024,248,no,11,20000
2025-05-21T16:01:57.004628,KXBTCD-25MAY2120-T109249.99,DELTA,18,100,24,1024,249,no,10,-3240
2025-05-21T16:01:57.005099,KXBTCD-25MAY2120-T109249.99,DELTA,18,100,24,1024,250,no,12,2700
2025-05-21T16:01:57.083975,KXBTCD-25MAY2120-T109249.99,DELTA,18,100,24,1024,251,no,11,-20000
2025-05-21T16:01:57.126602,KXBTCD-25MAY2120-T109249.99,DELTA,18,100,24,1024,252,no,5,20000
2025-05-21T16:01:58.885928,KXBTCD-25MAY2120-T109249.99,DELTA,7,9,24,1024,253,yes,18,-100
2025-05-21T16:01:59.003991,KXBTCD-25MAY2120-T109249.99,DELTA,6,24,24,1024,254,yes,7,-9
2025-05-21T16:01:59.584858,KXBTCD-25MAY2120-T109249.99,DELTA,14,100,24,1024,255,yes,14,100
2025-05-21T16:01:59.605883,KXBTCD-25MAY2120-T109249.99,DELTA,14,100,24,1024,256,no,75,-100
2025-05-21T16:01:59.645319,KXBTCD-25MAY2120-T109249.99,DELTA,14,100,24,1024,257,no,12,-2700
2025-05-21T16:01:59.646412,KXBTCD-25MAY2120-T109249.99,DELTA,14,100,24,1024,258,no,6,5400
2025-05-21T16:01:59.685097,KXBTCD-25MAY2120-T109249.99,DELTA,14,100,24,24,259,no,76,-1000
2025-05-21T16:01:59.735935,KXBTCD-25MAY2120-T109249.99,DELTA,14,100,24,24,260,no,5,-20000
2025-05-21T16:01:59.736811,KXBTCD-25MAY2120-T109249.99,DELTA,14,100,24,24,261,no,51,1000
2025-05-21T16:01:59.769970,KXBTCD-25MAY2120-T109249.99,DELTA,14,100,24,24,262,no,7,20000
2025-05-21T16:01:59.770906,KXBTCD-25MAY2120-T109249.99,DELTA,14,100,24,24,263,yes,7,9
2025-05-21T16:02:00.046296,KXBTCD-25MAY2120-T109249.99,DELTA,7,9,24,24,264,yes,14,-100
2025-05-21T16:02:00.903458,KXBTCD-25MAY2120-T109249.99,DELTA,14,100,24,24,265,yes,14,100
2025-05-21T16:02:00.903967,KXBTCD-25MAY2120-T109249.99,DELTA,14,100,22,100,266,no,78,100
2025-05-21T16:02:00.946801,KXBTCD-25MAY2120-T109249.99,DELTA,14,100,22,100,267,no,51,-1000
2025-05-21T16:02:00.947100,KXBTCD-25MAY2120-T109249.99,DELTA,14,100,22,100,268,no,71,9
2025-05-21T16:02:00.968039,KXBTCD-25MAY2120-T109249.99,DELTA,14,100,22,100,269,no,6,-5400
2025-05-21T16:02:00.968305,KXBTCD-25MAY2120-T109249.99,DELTA,14,100,22,100,270,no,8,4050
2025-05-21T16:02:01.007541,KXBTCD-25MAY2120-T109249.99,DELTA,14,100,21,1000,271,no,79,1000
2025-05-21T16:02:01.066112,KXBTCD-25MAY2120-T109249.99,DELTA,14,100,21,1000,272,no,7,-20000
2025-05-21T16:02:01.106956,KXBTCD-25MAY2120-T109249.99,DELTA,14,100,21,1000,273,no,9,20000
2025-05-21T16:02:01.485892,KXBTCD-25MAY2120-T109249.99,DELTA,14,100,21,1000,274,no,78,-100
2025-05-21T16:02:01.566863,KXBTCD-25MAY2120-T109249.99,DELTA,14,100,24,24,275,no,79,-1000
2025-05-21T16:02:01.623499,KXBTCD-25MAY2120-T109249.99,DELTA,14,100,24,24,276,no,51,1000
2025-05-21T16:02:02.304735,KXBTCD-25MAY2120-T109249.99,DELTA,14,100,24,24,277,no,8,-4050
2025-05-21T16:02:02.305256,KXBTCD-25MAY2120-T109249.99,DELTA,14,100,24,24,278,no,10,3240
2025-05-21T16:02:02.385191,KXBTCD-25MAY2120-T109249.99,DELTA,14,100,24,24,279,no,9,-20000
2025-05-21T16:02:02.444820,KXBTCD-25MAY2120-T109249.99,DELTA,14,100,24,24,280,no,11,20000
2025-05-21T16:02:02.604957,KXBTCD-25MAY2120-T109249.99,DELTA,14,100,21,100,281,no,79,100
2025-05-21T16:02:02.705156,KXBTCD-25MAY2120-T109249.99,DELTA,14,100,21,100,282,no,51,-1000
2025-05-21T16:02:02.745071,KXBTCD-25MAY2120-T109249.99,DELTA,14,100,20,1000,283,no,80,1000
2025-05-21T16:02:03.585146,KXBTCD-25MAY2120-T109249.99,DELTA,14,100,20,1000,284,no,10,-3240
2025-05-21T16:02:03.585563,KXBTCD-25MAY2120-T109249.99,DELTA,14,100,20,1000,285,no,12,2700
2025-05-21T16:02:03.604687,KXBTCD-25MAY2120-T109249.99,DELTA,14,100,20,1000,286,no,79,-100
2025-05-21T16:02:03.623933,KXBTCD-25MAY2120-T109249.99,DELTA,7,9,20,1000,287,yes,14,-100
2025-05-21T16:02:03.685562,KXBTCD-25MAY2120-T109249.99,DELTA,7,9,20,1000,288,no,71,-9
2025-05-21T16:02:03.704720,KXBTCD-25MAY2120-T109249.99,DELTA,7,9,24,24,289,no,80,-1000
2025-05-21T16:02:03.744952,KXBTCD-25MAY2120-T109249.99,DELTA,7,9,24,24,290,no,11,-20000
2025-05-21T16:02:03.745419,KXBTCD-25MAY2120-T109249.99,DELTA,7,9,24,24,291,no,51,1000
2025-05-21T16:02:03.805392,KXBTCD-25MAY2120-T109249.99,DELTA,7,9,24,24,292,no,5,20000
2025-05-21T16:02:04.806148,KXBTCD-25MAY2120-T109249.99,DELTA,13,100,24,24,293,yes,13,100
2025-05-21T16:02:04.806908,KXBTCD-25MAY2120-T109249.99,DELTA,13,100,21,100,294,no,79,100
2025-05-21T16:02:04.867288,KXBTCD-25MAY2120-T109249.99,DELTA,13,100,21,100,295,no,12,-2700
2025-05-21T16:02:04.867920,KXBTCD-25MAY2120-T109249.99,DELTA,13,100,21,100,296,no,6,5400
2025-05-21T16:02:04.904978,KXBTCD-25MAY2120-T109249.99,DELTA,13,100,21,100,297,no,51,-1000
2025-05-21T16:02:04.944496,KXBTCD-25MAY2120-T109249.99,DELTA,13,100,21,100,298,no,71,9
2025-05-21T16:02:04.971795,KXBTCD-25MAY2120-T109249.99,DELTA,13,100,21,100,299,no,5,-20000
2025-05-21T16:02:04.972704,KXBTCD-25MAY2120-T109249.99,DELTA,13,100,20,1000,300,no,80,1000
2025-05-21T16:02:05.016276,KXBTCD-25MAY2120-T109249.99,DELTA,13,100,20,1000,301,no,7,20000
2025-05-21T16:02:05.567560,KXBTCD-25MAY2120-T109249.99,DELTA,13,100,20,1000,302,no,79,-100
2025-05-21T16:02:05.646029,KXBTCD-25MAY2120-T109249.99,DELTA,13,100,24,24,303,no,80,-1000
2025-05-21T16:02:05.698934,KXBTCD-25MAY2120-T109249.99,DELTA,13,100,24,24,304,no,71,-9
2025-05-21T16:02:05.699833,KXBTCD-25MAY2120-T109249.99,DELTA,13,100,24,24,305,no,51,1000
2025-05-21T16:02:06.687775,KXBTCD-25MAY2120-T109249.99,DELTA,13,100,21,100,306,no,79,100
2025-05-21T16:02:06.764488,KXBTCD-25MAY2120-T109249.99,DELTA,13,100,21,100,307,no,51,-1000
2025-05-21T16:02:06.804982,KXBTCD-25MAY2120-T109249.99,DELTA,13,100,21,100,308,no,71,9
2025-05-21T16:02:06.805702,KXBTCD-25MAY2120-T109249.99,DELTA,13,100,20,1000,309,no,80,1000
2025-05-21T16:02:06.906889,KXBTCD-25MAY2120-T109249.99,DELTA,13,100,20,1000,310,no,79,-100
2025-05-21T16:02:07.005967,KXBTCD-25MAY2120-T109249.99,DELTA,13,100,24,24,311,no,80,-1000
2025-05-21T16:02:07.066442,KXBTCD-25MAY2120-T109249.99,DELTA,13,100,24,24,312,no,51,1000
2025-05-21T16:02:07.704241,KXBTCD-25MAY2120-T109249.99,DELTA,13,100,21,100,313,no,79,100
2025-05-21T16:02:07.784667,KXBTCD-25MAY2120-T109249.99,DELTA,13,100,21,100,314,no,51,-1000
2025-05-21T16:02:07.844471,KXBTCD-25MAY2120-T109249.99,DELTA,13,100,20,1000,315,no,80,1000
2025-05-21T16:02:08.525305,KXBTCD-25MAY2120-T109249.99,DELTA,13,100,20,1000,316,no,79,-100
2025-05-21T16:02:08.605198,KXBTCD-25MAY2120-T109249.99,DELTA,13,100,24,24,317,no,80,-1000
2025-05-21T16:02:08.649513,KXBTCD-25MAY2120-T109249.99,DELTA,13,100,24,24,318,no,51,1000
2025-05-21T16:02:08.649990,KXBTCD-25MAY2120-T109249.99,DELTA,13,100,24,24,319,no,71,-9
2025-05-21T16:02:08.705682,KXBTCD-25MAY2120-T109249.99,DELTA,13,100,24,24,320,no,6,-5400
2025-05-21T16:02:08.706428,KXBTCD-25MAY2120-T109249.99,DELTA,13,100,24,24,321,no,8,4050
2025-05-21T16:02:08.767153,KXBTCD-25MAY2120-T109249.99,DELTA,13,100,24,24,322,no,7,-20000
2025-05-21T16:02:08.825105,KXBTCD-25MAY2120-T109249.99,DELTA,13,100,24,24,323,no,9,20000
2025-05-21T16:02:09.192741,KXBTCD-25MAY2120-T109249.99,DELTA,13,100,21,100,324,no,79,100
2025-05-21T16:02:09.268528,KXBTCD-25MAY2120-T109249.99,DELTA,13,100,21,100,325,no,51,-1000
2025-05-21T16:02:09.306056,KXBTCD-25MAY2120-T109249.99,DELTA,13,100,20,1000,326,no,80,1000
2025-05-21T16:02:11.621100,KXBTCD-25MAY2120-T109249.99,DELTA,13,100,20,1000,327,no,8,-4050
2025-05-21T16:02:11.622222,KXBTCD-25MAY2120-T109249.99,DELTA,13,100,20,1000,328,no,10,3240
2025-05-21T16:02:11.733537,KXBTCD-25MAY2120-T109249.99,DELTA,13,100,20,1000,329,no,9,-20000
2025-05-21T16:02:11.741462,KXBTCD-25MAY2120-T109249.99,DELTA,13,100,20,1000,330,no,11,20000
2025-05-21T16:02:12.904261,KXBTCD-25MAY2120-T109249.99,DELTA,13,100,20,1000,331,no,10,-3240
2025-05-21T16:02:12.905056,KXBTCD-25MAY2120-T109249.99,DELTA,13,100,20,1000,332,no,12,2700
2025-05-21T16:02:12.927217,KXBTCD-25MAY2120-T109249.99,DELTA,13,100,20,1000,333,no,11,-20000
2025-05-21T16:02:13.073490,KXBTCD-25MAY2120-T109249.99,DELTA,13,100,20,1000,334,no,5,20000
2025-05-21T16:02:14.171311,KXBTCD-25MAY2120-T109249.99,DELTA,13,100,20,1000,335,no,12,-2700
2025-05-21T16:02:14.172156,KXBTCD-25MAY2120-T109249.99,DELTA,13,100,20,1000,336,no,6,5400
2025-05-21T16:02:14.172925,KXBTCD-25MAY2120-T109249.99,DELTA,13,100,20,1000,337,no,5,-20000
2025-05-21T16:02:14.205413,KXBTCD-25MAY2120-T109249.99,DELTA,13,100,20,1000,338,no,7,20000
2025-05-21T16:02:15.306939,KXBTCD-25MAY2120-T109249.99,DELTA,13,100,20,1000,339,no,6,-5400
2025-05-21T16:02:15.308020,KXBTCD-25MAY2120-T109249.99,DELTA,13,100,20,1000,340,no,8,4050
2025-05-21T16:02:15.405940,KXBTCD-25MAY2120-T109249.99,DELTA,7,9,20,1000,341,yes,13,-100
2025-05-21T16:02:15.406810,KXBTCD-25MAY2120-T109249.99,DELTA,7,9,20,1000,342,no,7,-20000
2025-05-21T16:02:15.444441,KXBTCD-25MAY2120-T109249.99,DELTA,7,9,20,1000,343,no,9,20000
2025-05-21T16:02:16.445506,KXBTCD-25MAY2120-T109249.99,DELTA,7,9,20,1000,344,no,8,-4050
2025-05-21T16:02:16.446194,KXBTCD-25MAY2120-T109249.99,DELTA,7,9,20,1000,345,no,10,3240
2025-05-21T16:02:16.511120,KXBTCD-25MAY2120-T109249.99,DELTA,7,9,20,1000,346,no,9,-20000
2025-05-21T16:02:16.547370,KXBTCD-25MAY2120-T109249.99,DELTA,6,24,20,1000,347,yes,7,-9
2025-05-21T16:02:16.548063,KXBTCD-25MAY2120-T109249.99,DELTA,14,100,20,1000,348,yes,14,100
2025-05-21T16:02:16.567340,KXBTCD-25MAY2120-T109249.99,DELTA,14,100,20,1000,349,no,11,20000
2025-05-21T16:02:18.052353,KXBTCD-25MAY2120-T109249.99,DELTA,14,100,20,1000,350,no,51,-2000
2025-05-21T16:02:18.055711,KXBTCD-25MAY2120-T109249.99,DELTA,14,100,21,100,351,no,80,-1000
2025-05-21T16:02:18.056094,KXBTCD-25MAY2120-T109249.99,DELTA,14,100,21,100,352,no,11,-20000
2025-05-21T16:02:18.188182,KXBTCD-25MAY2120-T109249.99,DELTA,14,100,21,100,353,yes,7,9
2025-05-21T16:02:18.188580,KXBTCD-25MAY2120-T109249.99,DELTA,14,100,21,100,354,no,71,9
2025-05-21T16:02:18.926164,KXBTCD-25MAY2120-T109249.99,DELTA,7,9,21,100,355,yes,14,-100
2025-05-21T16:02:18.927067,KXBTCD-25MAY2120-T109249.99,DELTA,7,9,24,24,356,no,79,-100
2025-05-21T16:02:19.044652,KXBTCD-25MAY2120-T109249.99,DELTA,6,24,24,24,357,yes,7,-9
2025-05-21T16:02:19.248396,KXBTCD-25MAY2120-T109249.99,DELTA,6,24,24,24,358,no,51,1000
2025-05-21T16:02:19.927070,KXBTCD-25MAY2120-T109249.99,DELTA,11,100,24,24,359,yes,11,100
2025-05-21T16:02:19.928225,KXBTCD-25MAY2120-T109249.99,DELTA,11,100,19,100,360,no,81,100
2025-05-21T16:02:20.013984,KXBTCD-25MAY2120-T109249.99,DELTA,11,100,19,100,361,no,51,-1000
2025-05-21T16:02:20.045753,KXBTCD-25MAY2120-T109249.99,DELTA,11,100,19,100,362,no,71,-9
2025-05-21T16:02:20.066176,KXBTCD-25MAY2120-T109249.99,DELTA,11,100,19,100,363,no,10,-3240
2025-05-21T16:02:20.066695,KXBTCD-25MAY2120-T109249.99,DELTA,11,100,19,100,364,no,5,6480
2025-05-21T16:02:20.067150,KXBTCD-25MAY2120-T109249.99,DELTA,11,100,18,1000,365,no,82,1000
2025-05-21T16:02:20.086187,KXBTCD-25MAY2120-T109249.99,DELTA,11,100,18,1000,366,no,77,9
2025-05-21T16:02:20.087130,KXBTCD-25MAY2120-T109249.99,DELTA,11,100,18,1000,367,yes,7,9
2025-05-21T16:02:20.426582,KXBTCD-25MAY2120-T109249.99,DELTA,11,100,18,1000,368,no,6,20000
2025-05-21T16:02:22.637196,KXBTCD-25MAY2120-T109249.99,DELTA,11,100,18,1000,369,no,5,-6480
2025-05-21T16:02:22.638170,KXBTCD-25MAY2120-T109249.99,DELTA,11,100,18,1000,370,no,7,4628
2025-05-21T16:02:22.723768,KXBTCD-25MAY2120-T109249.99,DELTA,11,100,18,1000,371,no,6,-20000
2025-05-21T16:02:22.744748,KXBTCD-25MAY2120-T109249.99,DELTA,11,100,18,1000,372,no,77,-9
2025-05-21T16:02:22.764267,KXBTCD-25MAY2120-T109249.99,DELTA,11,100,18,1000,373,no,8,20000
2025-05-21T16:02:23.768356,KXBTCD-25MAY2120-T109249.99,DELTA,11,100,18,1000,374,no,7,-4628
2025-05-21T16:02:23.779820,KXBTCD-25MAY2120-T109249.99,DELTA,11,100,18,1000,375,no,9,3600
2025-05-21T16:02:23.844199,KXBTCD-25MAY2120-T109249.99,DELTA,11,100,18,1000,376,no,8,-20000
2025-05-21T16:02:23.887687,KXBTCD-25MAY2120-T109249.99,DELTA,11,100,18,1000,377,no,10,20000
2025-05-21T16:02:25.006121,KXBTCD-25MAY2120-T109249.99,DELTA,11,100,18,1000,378,no,9,-3600
2025-05-21T16:02:25.006585,KXBTCD-25MAY2120-T109249.99,DELTA,11,100,18,1000,379,no,11,2945
2025-05-21T16:02:25.086490,KXBTCD-25MAY2120-T109249.99,DELTA,11,100,18,1000,380,no,10,-20000
2025-05-21T16:02:25.125613,KXBTCD-25MAY2120-T109249.99,DELTA,11,100,18,1000,381,no,5,20000
2025-05-21T16:02:26.247158,KXBTCD-25MAY2120-T109249.99,DELTA,11,100,18,1000,382,no,11,-2945
2025-05-21T16:02:26.248366,KXBTCD-25MAY2120-T109249.99,DELTA,11,100,18,1000,383,no,6,5400
2025-05-21T16:02:26.325576,KXBTCD-25MAY2120-T109249.99,DELTA,11,100,18,1000,384,no,5,-20000
2025-05-21T16:02:26.365822,KXBTCD-25MAY2120-T109249.99,DELTA,11,100,18,1000,385,no,7,20000
2025-05-21T16:02:27.405877,KXBTCD-25MAY2120-T109249.99,DELTA,11,100,18,1000,386,no,6,-5400
2025-05-21T16:02:27.406729,KXBTCD-25MAY2120-T109249.99,DELTA,11,100,18,1000,387,no,8,4050
2025-05-21T16:02:27.485154,KXBTCD-25MAY2120-T109249.99,DELTA,11,100,18,1000,388,no,7,-20000
2025-05-21T16:02:27.526647,KXBTCD-25MAY2120-T109249.99,DELTA,11,100,18,1000,389,no,9,20000
2025-05-21T16:02:31.065594,KXBTCD-25MAY2120-T109249.99,DELTA,11,100,18,1000,390,no,8,-4050
2025-05-21T16:02:31.065903,KXBTCD-25MAY2120-T109249.99,DELTA,11,100,18,1000,391,no,10,3240
2025-05-21T16:02:31.145884,KXBTCD-25MAY2120-T109249.99,DELTA,11,100,18,1000,392,no,9,-20000
2025-05-21T16:02:31.185272,KXBTCD-25MAY2120-T109249.99,DELTA,11,100,18,1000,393,no,11,20000
2025-05-21T16:02:33.025332,KXBTCD-25MAY2120-T109249.99,DELTA,7,9,18,1000,394,yes,11,-100
2025-05-21T16:02:33.170290,KXBTCD-25MAY2120-T109249.99,DELTA,6,24,18,1000,395,yes,7,-9
2025-05-21T16:02:33.664356,KXBTCD-25MAY2120-T109249.99,DELTA,6,24,18,1000,396,no,10,-3240
2025-05-21T16:02:33.664594,KXBTCD-25MAY2120-T109249.99,DELTA,6,24,18,1000,397,no,12,2700
2025-05-21T16:02:33.745425,KXBTCD-25MAY2120-T109249.99,DELTA,6,24,18,1000,398,no,11,-20000
2025-05-21T16:02:33.785882,KXBTCD-25MAY2120-T109249.99,DELTA,6,24,18,1000,399,no,5,20000
2025-05-21T16:02:34.117614,KXBTCD-25MAY2120-T109249.99,DELTA,12,100,18,1000,400,yes,12,100
2025-05-21T16:02:34.831158,KXBTCD-25MAY2120-T109249.99,DELTA,12,100,18,1000,401,no,12,-2700
2025-05-21T16:02:34.832072,KXBTCD-25MAY2120-T109249.99,DELTA,12,100,18,1000,402,no,6,5400
2025-05-21T16:02:34.892168,KXBTCD-25MAY2120-T109249.99,DELTA,12,100,18,1000,403,no,5,-20000
2025-05-21T16:02:34.892831,KXBTCD-25MAY2120-T109249.99,DELTA,6,24,18,1000,404,yes,12,-100
2025-05-21T16:02:34.893257,KXBTCD-25MAY2120-T109249.99,DELTA,6,24,18,1000,405,no,81,-100
2025-05-21T16:02:34.904913,KXBTCD-25MAY2120-T109249.99,DELTA,6,24,18,1000,406,no,7,20000
2025-05-21T16:02:34.926993,KXBTCD-25MAY2120-T109249.99,DELTA,7,9,18,1000,407,yes,7,9
2025-05-21T16:02:35.032885,KXBTCD-25MAY2120-T109249.99,DELTA,7,9,24,24,408,no,82,-1000
2025-05-21T16:02:35.033531,KXBTCD-25MAY2120-T109249.99,DELTA,7,9,24,24,409,no,51,1000
2025-05-21T16:02:35.925560,KXBTCD-25MAY2120-T109249.99,DELTA,7,9,24,24,410,no,6,-5400
2025-05-21T16:02:35.926425,KXBTCD-25MAY2120-T109249.99,DELTA,7,9,24,24,411,no,8,4050
2025-05-21T16:02:36.002853,KXBTCD-25MAY2120-T109249.99,DELTA,7,9,24,24,412,no,7,-20000
2025-05-21T16:02:36.044090,KXBTCD-25MAY2120-T109249.99,DELTA,6,24,24,24,413,yes,7,-9
2025-05-21T16:02:36.044263,KXBTCD-25MAY2120-T109249.99,DELTA,6,24,24,24,414,no,9,20000
2025-05-21T16:02:36.064516,KXBTCD-25MAY2120-T109249.99,DELTA,6,24,24,24,415,no,71,9
2025-05-21T16:02:36.091943,KXBTCD-25MAY2120-T109249.99,DELTA,13,100,24,24,416,yes,13,100
2025-05-21T16:02:36.092347,KXBTCD-25MAY2120-T109249.99,DELTA,13,100,21,100,417,no,79,100
2025-05-21T16:02:36.165510,KXBTCD-25MAY2120-T109249.99,DELTA,13,100,21,100,418,no,51,-1000
2025-05-21T16:02:36.406438,KXBTCD-25MAY2120-T109249.99,DELTA,13,100,20,1000,419,no,80,1000
2025-05-21T16:02:37.305993,KXBTCD-25MAY2120-T109249.99,DELTA,13,100,20,1000,420,no,8,-4050
2025-05-21T16:02:37.307049,KXBTCD-25MAY2120-T109249.99,DELTA,13,100,20,1000,421,no,10,3240
2025-05-21T16:02:37.488952,KXBTCD-25MAY2120-T109249.99,DELTA,13,100,20,1000,422,no,9,-20000
2025-05-21T16:02:37.490227,KXBTCD-25MAY2120-T109249.99,DELTA,13,100,20,1000,423,yes,7,9
2025-05-21T16:02:37.491781,KXBTCD-25MAY2120-T109249.99,DELTA,13,100,20,1000,424,no,71,-9
2025-05-21T16:02:37.696744,KXBTCD-25MAY2120-T109249.99,DELTA,13,100,20,1000,425,no,11,20000
2025-05-21T16:02:38.337806,KXBTCD-25MAY2120-T109249.99,DELTA,13,100,20,1000,426,yes,6,-24
2025-05-21T16:02:38.338097,KXBTCD-25MAY2120-T109249.99,DELTA,13,100,20,1000,427,yes,8,24
2025-05-21T16:02:38.683382,KXBTCD-25MAY2120-T109249.99,DELTA,13,100,20,1000,428,no,76,-24
2025-05-21T16:02:38.683633,KXBTCD-25MAY2120-T109249.99,DELTA,13,100,20,1000,429,no,75,24
2025-05-21T16:02:38.683773,KXBTCD-25MAY2120-T109249.99,DELTA,13,100,20,1000,430,yes,7,-9
2025-05-21T16:02:38.700439,KXBTCD-25MAY2120-T109249.99,DELTA,13,100,20,1000,431,yes,4,9
2025-05-21T16:02:38.700629,KXBTCD-25MAY2120-T109249.99,DELTA,13,100,20,1000,432,no,70,-3000
2025-05-21T16:02:38.833864,KXBTCD-25MAY2120-T109249.99,DELTA,8,24,20,1000,433,yes,13,-100
2025-05-21T16:02:38.853698,KXBTCD-25MAY2120-T109249.99,DELTA,8,24,20,1000,434,no,45,-8000
2025-05-21T16:02:38.889021,KXBTCD-25MAY2120-T109249.99,DELTA,13,1000,20,1000,435,yes,13,1000
2025-05-21T16:02:38.907135,KXBTCD-25MAY2120-T109249.99,DELTA,13,1000,20,1000,436,no,69,3000
2025-05-21T16:02:38.907261,KXBTCD-25MAY2120-T109249.99,DELTA,13,1000,20,1000,437,no,39,8000
2025-05-21T16:02:39.111995,KXBTCD-25MAY2120-T109249.99,DELTA,13,1000,20,1000,438,no,10,-3240
2025-05-21T16:02:39.112926,KXBTCD-25MAY2120-T109249.99,DELTA,13,1000,20,1000,439,no,12,2700
2025-05-21T16:02:39.113458,KXBTCD-25MAY2120-T109249.99,DELTA,8,24,20,1000,440,yes,13,-1000
2025-05-21T16:02:39.308671,KXBTCD-25MAY2120-T109249.99,DELTA,8,24,20,1000,441,no,11,-20000
2025-05-21T16:02:39.386245,KXBTCD-25MAY2120-T109249.99,DELTA,8,24,20,1000,442,yes,4,-9
2025-05-21T16:02:39.405467,KXBTCD-25MAY2120-T109249.99,DELTA,8,24,20,1000,443,no,5,20000
2025-05-21T16:02:39.806429,KXBTCD-25MAY2120-T109249.99,DELTA,8,24,20,1000,444,no,79,-100
2025-05-21T16:02:40.007382,KXBTCD-25MAY2120-T109249.99,DELTA,8,24,25,24,445,no,80,-1000
2025-05-21T16:02:41.107744,KXBTCD-25MAY2120-T109249.99,DELTA,8,24,25,24,446,no,51,1000
2025-05-21T16:02:41.108071,KXBTCD-25MAY2120-T109249.99,DELTA,8,24,25,24,447,no,70,9
2025-05-21T16:02:41.108246,KXBTCD-25MAY2120-T109249.99,DELTA,8,24,25,24,448,yes,4,9
2025-05-21T16:02:41.108392,KXBTCD-25MAY2120-T109249.99,DELTA,15,100,25,24,449,yes,15,100
2025-05-21T16:02:41.300736,KXBTCD-25MAY2120-T109249.99,DELTA,15,100,22,100,450,no,78,100
2025-05-21T16:02:41.309257,KXBTCD-25MAY2120-T109249.99,DELTA,15,100,22,100,451,no,51,-1000
2025-05-21T16:02:41.314549,KXBTCD-25MAY2120-T109249.99,DELTA,15,100,22,100,452,yes,4,-9
2025-05-21T16:02:41.319228,KXBTCD-25MAY2120-T109249.99,DELTA,15,100,22,100,453,yes,9,9
2025-05-21T16:02:41.319378,KXBTCD-25MAY2120-T109249.99,DELTA,15,100,21,1000,454,no,79,1000
2025-05-21T16:02:41.482816,KXBTCD-25MAY2120-T109249.99,DELTA,9,9,21,1000,455,yes,15,-100
2025-05-21T16:02:41.484043,KXBTCD-25MAY2120-T109249.99,DELTA,9,9,21,1000,456,no,78,-100
2025-05-21T16:02:41.491862,KXBTCD-25MAY2120-T109249.99,DELTA,9,9,25,24,457,no,79,-1000
2025-05-21T16:02:41.496695,KXBTCD-25MAY2120-T109249.99,DELTA,9,9,25,24,458,no,51,1000
2025-05-21T16:02:42.564865,KXBTCD-25MAY2120-T109249.99,DELTA,14,100,25,24,459,yes,14,100
2025-05-21T16:02:42.565226,KXBTCD-25MAY2120-T109249.99,DELTA,14,100,22,100,460,no,78,100
2025-05-21T16:02:42.645317,KXBTCD-25MAY2120-T109249.99,DELTA,14,100,22,100,461,no,51,-1000
2025-05-21T16:02:42.704866,KXBTCD-25MAY2120-T109249.99,DELTA,14,100,21,1000,462,no,79,1000
2025-05-21T16:02:43.027999,KXBTCD-25MAY2120-T109249.99,DELTA,14,100,21,1000,463,no,12,-2700
2025-05-21T16:02:43.028309,KXBTCD-25MAY2120-T109249.99,DELTA,14,100,21,1000,464,no,39,830
2025-05-21T16:02:43.425384,KXBTCD-25MAY2120-T109249.99,DELTA,14,100,21,1000,465,no,78,-100
2025-05-21T16:02:43.507459,KXBTCD-25MAY2120-T109249.99,DELTA,14,100,25,24,466,no,79,-1000
2025-05-21T16:02:43.544683,KXBTCD-25MAY2120-T109249.99,DELTA,14,100,25,24,467,no,70,-9
2025-05-21T16:02:43.545244,KXBTCD-25MAY2120-T109249.99,DELTA,14,100,25,24,468,no,51,1000
2025-05-21T16:02:44.586198,KXBTCD-25MAY2120-T109249.99,DELTA,14,100,21,100,469,no,79,100
2025-05-21T16:02:44.665490,KXBTCD-25MAY2120-T109249.99,DELTA,14,100,21,100,470,no,51,-1000
2025-05-21T16:02:44.704899,KXBTCD-25MAY2120-T109249.99,DELTA,14,100,21,100,471,no,70,9
2025-05-21T16:02:44.726458,KXBTCD-25MAY2120-T109249.99,DELTA,14,100,20,1000,472,no,80,1000
2025-05-21T16:02:55.434864,KXBTCD-25MAY2120-T109249.99,DELTA,14,100,20,1000,473,no,79,-100
2025-05-21T16:02:55.436747,KXBTCD-25MAY2120-T109249.99,DELTA,9,9,20,1000,474,yes,14,-100
2025-05-21T16:02:55.552707,KXBTCD-25MAY2120-T109249.99,DELTA,8,24,20,1000,475,yes,9,-9
2025-05-21T16:02:55.553510,KXBTCD-25MAY2120-T109249.99,DELTA,8,24,25,24,476,no,80,-1000
2025-05-21T16:02:55.554019,KXBTCD-25MAY2120-T109249.99,DELTA,8,24,25,24,477,yes,4,9
2025-05-21T16:02:55.575069,KXBTCD-25MAY2120-T109249.99,DELTA,8,24,25,24,478,no,70,-9
2025-05-21T16:02:55.595874,KXBTCD-25MAY2120-T109249.99,DELTA,8,24,25,24,479,no,51,1000
2025-05-21T16:02:56.229356,KXBTCD-25MAY2120-T109249.99,DELTA,13,100,25,24,480,yes,13,100
2025-05-21T16:02:56.244909,KXBTCD-25MAY2120-T109249.99,DELTA,13,100,21,100,481,no,79,100
2025-05-21T16:02:56.315648,KXBTCD-25MAY2120-T109249.99,DELTA,13,100,21,100,482,no,51,-1000
2025-05-21T16:02:56.339118,KXBTCD-25MAY2120-T109249.99,DELTA,13,100,21,100,483,no,70,9
2025-05-21T16:02:56.339959,KXBTCD-25MAY2120-T109249.99,DELTA,13,100,21,100,484,yes,9,9
2025-05-21T16:02:56.340565,KXBTCD-25MAY2120-T109249.99,DELTA,13,100,21,100,485,yes,4,-9
2025-05-21T16:02:56.362100,KXBTCD-25MAY2120-T109249.99,DELTA,13,100,20,1000,486,no,80,1000
2025-05-21T16:02:56.469416,KXBTCD-25MAY2120-T109249.99,DELTA,13,100,20,1000,487,no,79,-100
2025-05-21T16:02:56.547316,KXBTCD-25MAY2120-T109249.99,DELTA,13,100,25,24,488,no,80,-1000
2025-05-21T16:02:56.592677,KXBTCD-25MAY2120-T109249.99,DELTA,13,100,25,24,489,no,51,1000
2025-05-21T16:02:57.266013,KXBTCD-25MAY2120-T109249.99,DELTA,13,100,21,100,490,no,79,100
2025-05-21T16:02:57.349217,KXBTCD-25MAY2120-T109249.99,DELTA,13,100,21,100,491,no,51,-1000
2025-05-21T16:02:57.380803,KXBTCD-25MAY2120-T109249.99,DELTA,13,100,20,1000,492,no,80,1000
2025-05-21T16:02:57.653344,KXBTCD-25MAY2120-T109249.99,DELTA,13,100,20,1000,493,no,79,-100
2025-05-21T16:02:57.735093,KXBTCD-25MAY2120-T109249.99,DELTA,13,100,25,24,494,no,80,-1000
2025-05-21T16:02:57.780705,KXBTCD-25MAY2120-T109249.99,DELTA,13,100,25,24,495,no,51,1000
2025-05-21T16:02:58.573062,KXBTCD-25MAY2120-T109249.99,DELTA,13,100,21,100,496,no,79,100
2025-05-21T16:02:58.659332,KXBTCD-25MAY2120-T109249.99,DELTA,13,100,21,100,497,no,51,-1000
2025-05-21T16:02:58.725960,KXBTCD-25MAY2120-T109249.99,DELTA,13,100,20,1000,498,no,80,1000
2025-05-21T16:02:58.790896,KXBTCD-25MAY2120-T109249.99,DELTA,13,100,20,1000,499,no,79,-100
2025-05-21T16:02:58.871555,KXBTCD-25MAY2120-T109249.99,DELTA,13,100,25,24,500,no,80,-1000
2025-05-21T16:02:58.909347,KXBTCD-25MAY2120-T109249.99,DELTA,13,100,25,24,501,no,51,1000
2025-05-21T16:02:59.807448,KXBTCD-25MAY2120-T109249.99,DELTA,13,100,20,100,502,no,80,100
2025-05-21T16:02:59.904338,KXBTCD-25MAY2120-T109249.99,DELTA,13,100,20,100,503,no,51,-1000
2025-05-21T16:02:59.950298,KXBTCD-25MAY2120-T109249.99,DELTA,13,100,20,100,504,no,70,-9
2025-05-21T16:02:59.951142,KXBTCD-25MAY2120-T109249.99,DELTA,13,100,20,100,505,no,76,9
2025-05-21T16:02:59.970265,KXBTCD-25MAY2120-T109249.99,DELTA,13,100,19,1000,506,no,81,1000
2025-05-21T16:03:01.730316,KXBTCD-25MAY2120-T109249.99,DELTA,13,100,19,1000,507,no,80,-100
2025-05-21T16:03:01.730905,KXBTCD-25MAY2120-T109249.99,DELTA,9,9,19,1000,508,yes,13,-100
2025-05-21T16:03:01.875144,KXBTCD-25MAY2120-T109249.99,DELTA,9,9,24,9,509,no,81,-1000
2025-05-21T16:03:01.879163,KXBTCD-25MAY2120-T109249.99,DELTA,9,9,24,9,510,no,51,1000
2025-05-21T16:03:01.879883,KXBTCD-25MAY2120-T109249.99,DELTA,8,24,24,9,511,yes,9,-9
2025-05-21T16:03:01.880614,KXBTCD-25MAY2120-T109249.99,DELTA,8,24,25,24,512,no,76,-9
2025-05-21T16:03:01.883487,KXBTCD-25MAY2120-T109249.99,DELTA,8,24,25,24,513,yes,4,9
2025-05-21T16:03:02.902980,KXBTCD-25MAY2120-T109249.99,DELTA,12,100,25,24,514,yes,12,100
2025-05-21T16:03:02.905808,KXBTCD-25MAY2120-T109249.99,DELTA,12,100,20,100,515,no,80,100
2025-05-21T16:03:03.060270,KXBTCD-25MAY2120-T109249.99,DELTA,12,100,20,100,516,no,51,-1000
2025-05-21T16:03:03.066317,KXBTCD-25MAY2120-T109249.99,DELTA,12,100,20,100,517,no,70,9
2025-05-21T16:03:03.074022,KXBTCD-25MAY2120-T109249.99,DELTA,12,100,19,1000,518,no,81,1000
2025-05-21T16:03:03.572945,KXBTCD-25MAY2120-T109249.99,DELTA,12,100,19,1000,519,no,80,-100
2025-05-21T16:03:03.606250,KXBTCD-25MAY2120-T109249.99,DELTA,12,100,25,24,520,no,81,-1000
2025-05-21T16:03:04.164197,KXBTCD-25MAY2120-T109249.99,DELTA,12,100,25,24,521,no,51,1000
2025-05-21T16:03:04.164969,KXBTCD-25MAY2120-T109249.99,DELTA,12,100,25,24,522,no,51,2000
2025-05-21T16:03:04.505982,KXBTCD-25MAY2120-T109249.99,DELTA,12,100,19,100,523,no,81,100
2025-05-21T16:03:04.607874,KXBTCD-25MAY2120-T109249.99,DELTA,12,100,19,100,524,no,51,-1000
2025-05-21T16:03:04.668965,KXBTCD-25MAY2120-T109249.99,DELTA,12,100,18,1000,525,no,82,1000
2025-05-21T16:03:04.727202,KXBTCD-25MAY2120-T109249.99,DELTA,12,100,18,1000,526,no,70,-9
2025-05-21T16:03:04.728352,KXBTCD-25MAY2120-T109249.99,DELTA,12,100,18,1000,527,no,76,9
2025-05-21T16:03:05.944275,KXBTCD-25MAY2120-T109249.99,DELTA,12,100,18,1000,528,yes,8,-24
2025-05-21T16:03:05.945276,KXBTCD-25MAY2120-T109249.99,DELTA,12,100,18,1000,529,yes,6,24
2025-05-21T16:03:05.946281,KXBTCD-25MAY2120-T109249.99,DELTA,12,100,18,1000,530,no,76,24
2025-05-21T16:03:05.947080,KXBTCD-25MAY2120-T109249.99,DELTA,12,100,18,1000,531,no,75,-24
2025-05-21T16:03:06.026782,KXBTCD-25MAY2120-T109249.99,DELTA,12,100,18,1000,532,yes,4,-9
2025-05-21T16:03:06.027829,KXBTCD-25MAY2120-T109249.99,DELTA,12,100,18,1000,533,no,76,-9
2025-05-21T16:03:06.027986,KXBTCD-25MAY2120-T109249.99,DELTA,12,100,18,1000,534,yes,7,9
2025-05-21T16:03:11.045656,KXBTCD-25MAY2120-T109249.99,DELTA,12,100,18,1000,535,no,39,-830
2025-05-21T16:03:18.824726,KXBTCD-25MAY2120-T109249.99,DELTA,12,100,18,1000,536,no,39,830
2025-05-21T16:03:30.183804,KXBTCD-25MAY2120-T109249.99,DELTA,12,100,18,1000,537,no,39,-830
2025-05-21T16:03:30.185034,KXBTCD-25MAY2120-T109249.99,DELTA,12,100,18,1000,538,no,40,810
2025-05-21T16:03:31.179774,KXBTCD-25MAY2120-T109249.99,DELTA,12,100,18,1000,539,no,81,-100
2025-05-21T16:03:31.185199,KXBTCD-25MAY2120-T109249.99,DELTA,7,9,18,1000,540,yes,12,-100
2025-05-21T16:03:31.353579,KXBTCD-25MAY2120-T109249.99,DELTA,7,9,24,24,541,no,82,-1000
2025-05-21T16:03:31.530345,KXBTCD-25MAY2120-T109249.99,DELTA,7,9,24,24,542,no,51,1000
2025-05-21T16:03:32.587137,KXBTCD-25MAY2120-T109249.99,DELTA,10,100,24,24,543,yes,10,100
2025-05-21T16:03:32.587907,KXBTCD-25MAY2120-T109249.99,DELTA,10,100,18,100,544,no,82,100
2025-05-21T16:03:32.726098,KXBTCD-25MAY2120-T109249.99,DELTA,10,100,18,100,545,no,77,9
2025-05-21T16:03:32.726336,KXBTCD-25MAY2120-T109249.99,DELTA,10,100,18,100,546,no,51,-1000
2025-05-21T16:03:32.726478,KXBTCD-25MAY2120-T109249.99,DELTA,10,100,18,100,547,yes,7,-9
2025-05-21T16:03:32.726597,KXBTCD-25MAY2120-T109249.99,DELTA,10,100,18,100,548,yes,4,9
2025-05-21T16:03:32.726707,KXBTCD-25MAY2120-T109249.99,DELTA,10,1100,18,100,549,yes,10,1000
2025-05-21T16:03:32.845343,KXBTCD-25MAY2120-T109249.99,DELTA,10,1100,17,1000,550,no,83,1000
2025-05-21T16:03:32.885183,KXBTCD-25MAY2120-T109249.99,DELTA,10,1000,17,1000,551,yes,10,-100
2025-05-21T16:03:33.026304,KXBTCD-25MAY2120-T109249.99,DELTA,6,24,17,1000,552,yes,10,-1000
2025-05-21T16:03:34.046858,KXBTCD-25MAY2120-T109249.99,DELTA,11,100,17,1000,553,yes,11,100
2025-05-21T16:03:34.165072,KXBTCD-25MAY2120-T109249.99,DELTA,11,100,17,1000,554,yes,4,-9
2025-05-21T16:03:34.165699,KXBTCD-25MAY2120-T109249.99,DELTA,11,100,17,1000,555,no,77,-9
2025-05-21T16:03:34.166215,KXBTCD-25MAY2120-T109249.99,DELTA,11,100,17,1000,556,yes,7,9
2025-05-21T16:03:34.506801,KXBTCD-25MAY2120-T109249.99,DELTA,11,100,17,1000,557,no,82,-100
2025-05-21T16:03:34.508113,KXBTCD-25MAY2120-T109249.99,DELTA,7,9,17,1000,558,yes,11,-100
2025-05-21T16:03:34.587044,KXBTCD-25MAY2120-T109249.99,DELTA,7,9,24,24,559,no,83,-1000
2025-05-21T16:03:34.725362,KXBTCD-25MAY2120-T109249.99,DELTA,7,9,24,24,560,no,51,1000
2025-05-21T16:03:35.206828,KXBTCD-25MAY2120-T109249.99,DELTA,12,100,24,24,561,yes,12,100
2025-05-21T16:03:35.227236,KXBTCD-25MAY2120-T109249.99,DELTA,12,100,20,100,562,no,80,100
2025-05-21T16:03:35.324889,KXBTCD-25MAY2120-T109249.99,DELTA,12,100,20,100,563,no,70,9
2025-05-21T16:03:35.365489,KXBTCD-25MAY2120-T109249.99,DELTA,12,100,20,100,564,no,51,-1000
2025-05-21T16:03:35.465663,KXBTCD-25MAY2120-T109249.99,DELTA,12,100,19,1000,565,no,81,1000
2025-05-21T16:03:36.103935,KXBTCD-25MAY2120-T109249.99,DELTA,12,100,19,1000,566,yes,8,24
2025-05-21T16:03:36.104168,KXBTCD-25MAY2120-T109249.99,DELTA,12,100,19,1000,567,yes,6,-24
2025-05-21T16:03:36.104316,KXBTCD-25MAY2120-T109249.99,DELTA,12,100,19,1000,568,no,75,24
2025-05-21T16:03:36.104606,KXBTCD-25MAY2120-T109249.99,DELTA,12,100,19,1000,569,no,76,-24
2025-05-21T16:03:36.211175,KXBTCD-25MAY2120-T109249.99,DELTA,12,100,19,1000,570,yes,7,-9
2025-05-21T16:03:36.211403,KXBTCD-25MAY2120-T109249.99,DELTA,12,100,19,1000,571,no,70,-9
2025-05-21T16:03:36.211523,KXBTCD-25MAY2120-T109249.99,DELTA,12,100,19,1000,572,yes,4,9
2025-05-21T16:03:36.385835,KXBTCD-25MAY2120-T109249.99,DELTA,12,1100,19,1000,573,yes,12,1000
2025-05-21T16:03:36.405595,KXBTCD-25MAY2120-T109249.99,DELTA,12,1000,19,1000,574,yes,12,-100
2025-05-21T16:03:36.526042,KXBTCD-25MAY2120-T109249.99,DELTA,8,24,19,1000,575,yes,12,-1000
2025-05-21T16:03:37.065567,KXBTCD-25MAY2120-T109249.99,DELTA,8,24,19,1000,576,no,80,-100
2025-05-21T16:03:37.205090,KXBTCD-25MAY2120-T109249.99,DELTA,8,24,25,24,577,no,81,-1000
2025-05-21T16:03:37.246658,KXBTCD-25MAY2120-T109249.99,DELTA,13,100,25,24,578,yes,13,100
2025-05-21T16:03:37.304916,KXBTCD-25MAY2120-T109249.99,DELTA,13,100,25,24,579,no,51,1000
2025-05-21T16:03:37.485269,KXBTCD-25MAY2120-T109249.99,DELTA,8,24,25,24,580,yes,13,-100
2025-05-21T16:03:37.844415,KXBTCD-25MAY2120-T109249.99,DELTA,8,24,22,100,581,no,78,100
2025-05-21T16:03:37.946163,KXBTCD-25MAY2120-T109249.99,DELTA,8,24,22,100,582,no,70,9
2025-05-21T16:03:37.967103,KXBTCD-25MAY2120-T109249.99,DELTA,8,24,22,100,583,no,51,-1000
2025-05-21T16:03:38.085341,KXBTCD-25MAY2120-T109249.99,DELTA,8,24,21,1000,584,no,79,1000
2025-05-21T16:03:38.405304,KXBTCD-25MAY2120-T109249.99,DELTA,14,100,21,1000,585,yes,14,100
2025-05-21T16:03:40.965307,KXBTCD-25MAY2120-T109249.99,DELTA,14,100,21,1000,586,no,40,-810
2025-05-21T16:03:40.965763,KXBTCD-25MAY2120-T109249.99,DELTA,14,100,21,1000,587,no,39,830
2025-05-21T16:03:41.086161,KXBTCD-25MAY2120-T109249.99,DELTA,14,100,21,1000,588,yes,9,9
2025-05-21T16:03:41.105088,KXBTCD-25MAY2120-T109249.99,DELTA,14,100,21,1000,589,no,70,-9
2025-05-21T16:03:41.105694,KXBTCD-25MAY2120-T109249.99,DELTA,14,100,21,1000,590,yes,4,-9
2025-05-21T16:03:43.505896,KXBTCD-25MAY2120-T109249.99,DELTA,14,100,21,1000,591,no,78,-100
2025-05-21T16:03:43.628723,KXBTCD-25MAY2120-T109249.99,DELTA,14,100,25,24,592,no,79,-1000
2025-05-21T16:03:43.746405,KXBTCD-25MAY2120-T109249.99,DELTA,14,100,25,24,593,no,51,1000
2025-05-21T16:03:45.044814,KXBTCD-25MAY2120-T109249.99,DELTA,14,100,21,100,594,no,79,100
2025-05-21T16:03:45.166348,KXBTCD-25MAY2120-T109249.99,DELTA,14,100,21,100,595,no,70,9
2025-05-21T16:03:45.186080,KXBTCD-25MAY2120-T109249.99,DELTA,14,100,21,100,596,no,51,-1000
2025-05-21T16:03:45.310405,KXBTCD-25MAY2120-T109249.99,DELTA,14,100,20,1000,597,no,80,1000
2025-05-21T16:04:02.725267,KXBTCD-25MAY2120-T109249.99,DELTA,14,100,20,1000,598,no,39,-830
2025-05-21T16:04:02.725898,KXBTCD-25MAY2120-T109249.99,DELTA,14,100,20,1000,599,no,6,5400
2025-05-21T16:04:02.726165,KXBTCD-25MAY2120-T109249.99,DELTA,14,1100,20,1000,600,yes,14,1000
2025-05-21T16:04:02.745533,KXBTCD-25MAY2120-T109249.99,DELTA,14,1100,20,1000,601,yes,1,3000
2025-05-21T16:04:02.848387,KXBTCD-25MAY2120-T109249.99,DELTA,14,1100,20,1000,602,yes,9,-9
2025-05-21T16:04:02.848994,KXBTCD-25MAY2120-T109249.99,DELTA,14,1100,20,1000,603,no,70,-9
2025-05-21T16:04:02.851057,KXBTCD-25MAY2120-T109249.99,DELTA,14,1100,20,1000,604,no,5,-20000
2025-05-21T16:04:02.963530,KXBTCD-25MAY2120-T109249.99,DELTA,14,1100,20,1000,605,no,7,20000
2025-05-21T16:04:03.585437,KXBTCD-25MAY2120-T109249.99,DELTA,14,1100,20,1000,606,no,69,-3000
2025-05-21T16:04:03.585952,KXBTCD-25MAY2120-T109249.99,DELTA,14,1100,20,1000,607,yes,10,24
2025-05-21T16:04:03.586350,KXBTCD-25MAY2120-T109249.99,DELTA,14,1100,20,1000,608,yes,8,-24
2025-05-21T16:04:03.606248,KXBTCD-25MAY2120-T109249.99,DELTA,14,1100,20,1000,609,no,75,-24
2025-05-21T16:04:03.607099,KXBTCD-25MAY2120-T109249.99,DELTA,14,1100,20,1000,610,no,73,24
2025-05-21T16:04:03.705986,KXBTCD-25MAY2120-T109249.99,DELTA,14,1100,20,1000,611,no,67,3000
2025-05-21T16:04:03.984633,KXBTCD-25MAY2120-T109249.99,DELTA,14,1100,20,1000,612,no,6,-5400
2025-05-21T16:04:03.985391,KXBTCD-25MAY2120-T109249.99,DELTA,14,1100,20,1000,613,no,8,4050
2025-05-21T16:04:04.105654,KXBTCD-25MAY2120-T109249.99,DELTA,14,1100,20,1000,614,no,7,-20000
2025-05-21T16:04:04.147050,KXBTCD-25MAY2120-T109249.99,DELTA,14,1100,20,1000,615,no,79,-100
2025-05-21T16:04:04.166502,KXBTCD-25MAY2120-T109249.99,DELTA,14,1000,20,1000,616,yes,14,-100
2025-05-21T16:04:04.225175,KXBTCD-25MAY2120-T109249.99,DELTA,14,1000,20,1000,617,no,9,20000
2025-05-21T16:04:04.266243,KXBTCD-25MAY2120-T109249.99,DELTA,14,1000,27,24,618,no,80,-1000
2025-05-21T16:04:04.286597,KXBTCD-25MAY2120-T109249.99,DELTA,10,24,27,24,619,yes,14,-1000
2025-05-21T16:04:04.364445,KXBTCD-25MAY2120-T109249.99,DELTA,10,24,27,24,620,no,51,1000
2025-05-21T16:04:04.505819,KXBTCD-25MAY2120-T109249.99,DELTA,10,24,27,24,621,yes,4,9
2025-05-21T16:04:04.506431,KXBTCD-25MAY2120-T109249.99,DELTA,10,24,27,24,622,no,68,9
2025-05-21T16:04:05.206372,KXBTCD-25MAY2120-T109249.99,DELTA,10,24,27,24,623,no,8,-4050
2025-05-21T16:04:05.207310,KXBTCD-25MAY2120-T109249.99,DELTA,10,24,27,24,624,no,10,3240
2025-05-21T16:04:05.226991,KXBTCD-25MAY2120-T109249.99,DELTA,15,100,27,24,625,yes,15,100
2025-05-21T16:04:05.244914,KXBTCD-25MAY2120-T109249.99,DELTA,15,100,23,100,626,no,77,100
2025-05-21T16:04:05.326567,KXBTCD-25MAY2120-T109249.99,DELTA,15,100,23,100,627,no,9,-20000
2025-05-21T16:04:05.426706,KXBTCD-25MAY2120-T109249.99,DELTA,15,100,23,100,628,no,11,20000
2025-05-21T16:04:05.427809,KXBTCD-25MAY2120-T109249.99,DELTA,15,100,23,100,629,no,51,-1000
2025-05-21T16:04:05.525714,KXBTCD-25MAY2120-T109249.99,DELTA,15,100,22,1000,630,no,78,1000
2025-05-21T16:04:05.904926,KXBTCD-25MAY2120-T109249.99,DELTA,15,100,22,1000,631,yes,1,-3000
2025-05-21T16:04:06.367321,KXBTCD-25MAY2120-T109249.99,DELTA,15,100,22,1000,632,no,10,-3240
2025-05-21T16:04:06.368348,KXBTCD-25MAY2120-T109249.99,DELTA,15,100,22,1000,633,no,12,2700
2025-05-21T16:04:06.485802,KXBTCD-25MAY2120-T109249.99,DELTA,15,100,22,1000,634,yes,4,-9
2025-05-21T16:04:06.486567,KXBTCD-25MAY2120-T109249.99,DELTA,15,100,22,1000,635,no,68,-9
2025-05-21T16:04:06.487155,KXBTCD-25MAY2120-T109249.99,DELTA,15,100,22,1000,636,yes,11,9
2025-05-21T16:04:06.505664,KXBTCD-25MAY2120-T109249.99,DELTA,15,100,22,1000,637,no,11,-20000
2025-05-21T16:04:06.624813,KXBTCD-25MAY2120-T109249.99,DELTA,15,100,22,1000,638,no,5,20000
2025-05-21T16:04:07.505046,KXBTCD-25MAY2120-T109249.99,DELTA,15,100,22,1000,639,no,12,-2700
2025-05-21T16:04:07.506110,KXBTCD-25MAY2120-T109249.99,DELTA,15,100,22,1000,640,no,6,5400
2025-05-21T16:04:07.667606,KXBTCD-25MAY2120-T109249.99,DELTA,15,100,22,1000,641,no,5,-20000
2025-05-21T16:04:07.724783,KXBTCD-25MAY2120-T109249.99,DELTA,15,100,22,1000,642,no,7,20000
2025-05-21T16:04:11.306580,KXBTCD-25MAY2120-T109249.99,DELTA,15,100,22,1000,643,no,6,-5400
2025-05-21T16:04:11.307474,KXBTCD-25MAY2120-T109249.99,DELTA,15,100,22,1000,644,no,8,4050
2025-05-21T16:04:11.385337,KXBTCD-25MAY2120-T109249.99,DELTA,15,100,22,1000,645,no,7,-20000
2025-05-21T16:04:11.424952,KXBTCD-25MAY2120-T109249.99,DELTA,15,100,22,1000,646,no,9,20000
2025-05-21T16:04:12.405138,KXBTCD-25MAY2120-T109249.99,DELTA,15,100,22,1000,647,no,77,-100
2025-05-21T16:04:12.484546,KXBTCD-25MAY2120-T109249.99,DELTA,15,100,27,24,648,no,78,-1000
2025-05-21T16:04:12.525885,KXBTCD-25MAY2120-T109249.99,DELTA,15,100,27,24,649,no,51,1000
2025-05-21T16:04:13.365610,KXBTCD-25MAY2120-T109249.99,DELTA,15,100,22,100,650,no,78,100
2025-05-21T16:04:13.444823,KXBTCD-25MAY2120-T109249.99,DELTA,15,100,22,100,651,no,51,-1000
2025-05-21T16:04:13.467088,KXBTCD-25MAY2120-T109249.99,DELTA,11,9,22,100,652,yes,15,-100
2025-05-21T16:04:13.487182,KXBTCD-25MAY2120-T109249.99,DELTA,11,9,22,100,653,no,74,9
2025-05-21T16:04:13.488100,KXBTCD-25MAY2120-T109249.99,DELTA,11,9,21,1000,654,no,79,1000
2025-05-21T16:04:13.488697,KXBTCD-25MAY2120-T109249.99,DELTA,11,9,21,1000,655,no,8,-4050
2025-05-21T16:04:13.489243,KXBTCD-25MAY2120-T109249.99,DELTA,11,9,21,1000,656,no,10,3240
2025-05-21T16:04:13.564558,KXBTCD-25MAY2120-T109249.99,DELTA,11,9,21,1000,657,no,9,-20000
2025-05-21T16:04:13.604204,KXBTCD-25MAY2120-T109249.99,DELTA,11,9,21,1000,658,no,11,20000
2025-05-21T16:04:14.006871,KXBTCD-25MAY2120-T109249.99,DELTA,11,9,21,1000,659,no,78,-100
2025-05-21T16:04:14.086183,KXBTCD-25MAY2120-T109249.99,DELTA,11,9,26,9,660,no,79,-1000
2025-05-21T16:04:14.124879,KXBTCD-25MAY2120-T109249.99,DELTA,11,9,26,9,661,no,51,1000
2025-05-21T16:04:14.245630,KXBTCD-25MAY2120-T109249.99,DELTA,10,24,26,9,662,yes,11,-9
2025-05-21T16:04:14.246192,KXBTCD-25MAY2120-T109249.99,DELTA,10,24,26,9,663,no,68,9
2025-05-21T16:04:14.246544,KXBTCD-25MAY2120-T109249.99,DELTA,10,24,27,24,664,no,74,-9
2025-05-21T16:04:14.247316,KXBTCD-25MAY2120-T109249.99,DELTA,10,24,27,24,665,yes,4,9
2025-05-21T16:04:14.625527,KXBTCD-25MAY2120-T109249.99,DELTA,10,24,27,24,666,no,10,-3240
2025-05-21T16:04:14.626608,KXBTCD-25MAY2120-T109249.99,DELTA,10,24,27,24,667,no,12,2700
2025-05-21T16:04:14.727167,KXBTCD-25MAY2120-T109249.99,DELTA,10,24,27,24,668,no,11,-20000
2025-05-21T16:04:14.765433,KXBTCD-25MAY2120-T109249.99,DELTA,10,24,27,24,669,no,5,20000
2025-05-21T16:04:14.985301,KXBTCD-25MAY2120-T109249.99,DELTA,13,100,27,24,670,yes,13,100
2025-05-21T16:04:15.005424,KXBTCD-25MAY2120-T109249.99,DELTA,13,100,21,100,671,no,79,100
2025-05-21T16:04:15.066558,KXBTCD-25MAY2120-T109249.99,DELTA,13,1100,21,100,672,yes,13,1000
2025-05-21T16:04:15.086726,KXBTCD-25MAY2120-T109249.99,DELTA,13,1100,21,100,673,no,51,-1000
2025-05-21T16:04:15.127531,KXBTCD-25MAY2120-T109249.99,DELTA,13,1100,20,1000,674,no,80,1000
2025-05-21T16:04:15.846430,KXBTCD-25MAY2120-T109249.99,DELTA,13,1100,20,1000,675,no,12,-2700
2025-05-21T16:04:15.847770,KXBTCD-25MAY2120-T109249.99,DELTA,13,1100,20,1000,676,no,6,5400
2025-05-21T16:04:15.925711,KXBTCD-25MAY2120-T109249.99,DELTA,13,1100,20,1000,677,no,5,-20000
2025-05-21T16:04:15.965565,KXBTCD-25MAY2120-T109249.99,DELTA,13,1100,20,1000,678,no,7,20000
2025-05-21T16:04:15.966502,KXBTCD-25MAY2120-T109249.99,DELTA,13,1100,20,1000,679,no,68,-9
2025-05-21T16:04:15.967056,KXBTCD-25MAY2120-T109249.99,DELTA,13,1100,20,1000,680,yes,4,-9
2025-05-21T16:04:16.965128,KXBTCD-25MAY2120-T109249.99,DELTA,13,1100,20,1000,681,no,6,-5400
2025-05-21T16:04:16.965548,KXBTCD-25MAY2120-T109249.99,DELTA,13,1100,20,1000,682,no,8,4050
2025-05-21T16:04:17.044019,KXBTCD-25MAY2120-T109249.99,DELTA,13,1100,20,1000,683,no,7,-20000
2025-05-21T16:04:17.105166,KXBTCD-25MAY2120-T109249.99,DELTA,13,1100,20,1000,684,no,9,20000
2025-05-21T16:04:18.104778,KXBTCD-25MAY2120-T109249.99,DELTA,13,1100,20,1000,685,no,8,-4050
2025-05-21T16:04:18.105200,KXBTCD-25MAY2120-T109249.99,DELTA,13,1100,20,1000,686,no,10,3240
2025-05-21T16:04:18.185962,KXBTCD-25MAY2120-T109249.99,DELTA,13,1100,20,1000,687,no,9,-20000
2025-05-21T16:04:18.226843,KXBTCD-25MAY2120-T109249.99,DELTA,13,1100,20,1000,688,no,11,20000
2025-05-21T16:04:19.465179,KXBTCD-25MAY2120-T109249.99,DELTA,13,1000,20,1000,689,yes,13,-100
2025-05-21T16:04:19.546192,KXBTCD-25MAY2120-T109249.99,DELTA,10,24,20,1000,690,yes,13,-1000
2025-05-21T16:04:20.227007,KXBTCD-25MAY2120-T109249.99,DELTA,14,100,20,1000,691,yes,14,100
2025-05-21T16:04:20.305541,KXBTCD-25MAY2120-T109249.99,DELTA,14,1100,20,1000,692,yes,14,1000
2025-05-21T16:04:20.326019,KXBTCD-25MAY2120-T109249.99,DELTA,14,1100,20,1000,693,yes,1,3000
2025-05-21T16:04:20.345702,KXBTCD-25MAY2120-T109249.99,DELTA,14,1100,20,1000,694,yes,4,9
2025-05-21T16:04:20.665142,KXBTCD-25MAY2120-T109249.99,DELTA,14,100,20,1000,695,yes,14,-1000
2025-05-21T16:04:21.705884,KXBTCD-25MAY2120-T109249.99,DELTA,14,100,20,1000,696,no,10,-3240
2025-05-21T16:04:21.706760,KXBTCD-25MAY2120-T109249.99,DELTA,14,100,20,1000,697,no,12,2700
2025-05-21T16:04:21.765350,KXBTCD-25MAY2120-T109249.99,DELTA,14,100,20,1000,698,no,11,-20000
2025-05-21T16:04:21.824875,KXBTCD-25MAY2120-T109249.99,DELTA,14,100,20,1000,699,no,5,20000
2025-05-21T16:04:24.024995,KXBTCD-25MAY2120-T109249.99,DELTA,14,100,20,1000,700,no,12,-2700
2025-05-21T16:04:24.025517,KXBTCD-25MAY2120-T109249.99,DELTA,14,100,20,1000,701,no,39,830
2025-05-21T16:04:25.303803,KXBTCD-25MAY2120-T109249.99,DELTA,14,1100,20,1000,702,yes,14,1000
2025-05-21T16:04:25.429591,KXBTCD-25MAY2120-T109249.99,DELTA,14,1100,20,1000,703,yes,4,-9
2025-05-21T16:04:26.367099,KXBTCD-25MAY2120-T109249.99,DELTA,14,100,20,1000,704,yes,14,-1000
2025-05-21T16:04:26.486918,KXBTCD-25MAY2120-T109249.99,DELTA,14,100,20,1000,705,yes,4,9
2025-05-21T16:04:31.805564,KXBTCD-25MAY2120-T109249.99,DELTA,14,1100,20,1000,706,yes,14,1000
2025-05-21T16:04:31.905607,KXBTCD-25MAY2120-T109249.99,DELTA,14,1100,20,1000,707,yes,4,-9
2025-05-21T16:04:33.325143,KXBTCD-25MAY2120-T109249.99,DELTA,14,100,20,1000,708,yes,14,-1000
2025-05-21T16:04:33.366061,KXBTCD-25MAY2120-T109249.99,DELTA,15,1000,20,1000,709,yes,15,1000
2025-05-21T16:04:33.445482,KXBTCD-25MAY2120-T109249.99,DELTA,15,1000,20,1000,710,yes,4,9
2025-05-21T16:04:34.265833,KXBTCD-25MAY2120-T109249.99,DELTA,15,1000,21,100,711,no,80,-1000
2025-05-21T16:04:34.266686,KXBTCD-25MAY2120-T109249.99,DELTA,15,1000,21,100,712,no,67,-3000
2025-05-21T16:04:34.325836,KXBTCD-25MAY2120-T109249.99,DELTA,15,1000,21,1100,713,no,79,1000
2025-05-21T16:04:34.326483,KXBTCD-25MAY2120-T109249.99,DELTA,15,1000,21,1100,714,no,64,3000
2025-05-21T16:04:34.385849,KXBTCD-25MAY2120-T109249.99,DELTA,15,1000,21,1100,715,no,74,9
2025-05-21T16:04:34.386775,KXBTCD-25MAY2120-T109249.99,DELTA,15,1000,21,1100,716,yes,4,-9
2025-05-21T16:04:34.765235,KXBTCD-25MAY2120-T109249.99,DELTA,15,1000,21,1100,717,no,39,-830
2025-05-21T16:04:34.766566,KXBTCD-25MAY2120-T109249.99,DELTA,15,1000,21,1100,718,no,40,810
2025-05-21T16:04:35.246169,KXBTCD-25MAY2120-T109249.99,DELTA,15,1000,21,1100,719,no,50,-200
2025-05-21T16:04:35.246928,KXBTCD-25MAY2120-T109249.99,DELTA,15,1000,21,1100,720,no,40,200
2025-05-21T16:04:35.324832,KXBTCD-25MAY2120-T109249.99,DELTA,15,1000,21,1100,721,no,51,-2000
2025-05-21T16:04:35.345180,KXBTCD-25MAY2120-T109249.99,DELTA,15,1000,21,1100,722,no,74,-9
2025-05-21T16:04:35.366376,KXBTCD-25MAY2120-T109249.99,DELTA,15,1000,21,1100,723,no,41,2000
2025-05-21T16:04:35.405854,KXBTCD-25MAY2120-T109249.99,DELTA,15,1000,21,1000,724,no,79,-100
2025-05-21T16:04:35.406804,KXBTCD-25MAY2120-T109249.99,DELTA,15,1000,21,1000,725,yes,14,-100
2025-05-21T16:04:35.486244,KXBTCD-25MAY2120-T109249.99,DELTA,10,24,21,1000,726,yes,15,-1000
2025-05-21T16:04:35.506196,KXBTCD-25MAY2120-T109249.99,DELTA,10,24,27,24,727,no,79,-1000
2025-05-21T16:04:35.545015,KXBTCD-25MAY2120-T109249.99,DELTA,10,24,27,24,728,no,41,1000
2025-05-21T16:04:36.006879,KXBTCD-25MAY2120-T109249.99,DELTA,10,24,27,24,729,no,40,-810
2025-05-21T16:04:36.007138,KXBTCD-25MAY2120-T109249.99,DELTA,10,24,27,24,730,no,6,5400
2025-05-21T16:04:36.084717,KXBTCD-25MAY2120-T109249.99,DELTA,10,24,27,24,731,no,5,-20000
2025-05-21T16:04:36.127085,KXBTCD-25MAY2120-T109249.99,DELTA,10,24,27,24,732,no,65,9
2025-05-21T16:04:36.127338,KXBTCD-25MAY2120-T109249.99,DELTA,10,24,27,24,733,yes,4,9
2025-05-21T16:04:36.127493,KXBTCD-25MAY2120-T109249.99,DELTA,10,24,27,24,734,no,7,20000
2025-05-21T16:04:37.207571,KXBTCD-25MAY2120-T109249.99,DELTA,16,100,27,24,735,yes,16,100
2025-05-21T16:04:37.225254,KXBTCD-25MAY2120-T109249.99,DELTA,16,100,24,100,736,no,76,100
2025-05-21T16:04:37.285642,KXBTCD-25MAY2120-T109249.99,DELTA,16,1100,24,100,737,yes,16,1000
2025-05-21T16:04:37.306738,KXBTCD-25MAY2120-T109249.99,DELTA,16,1100,24,100,738,no,41,-1000
2025-05-21T16:04:37.325987,KXBTCD-25MAY2120-T109249.99,DELTA,16,1100,24,100,739,yes,11,9
2025-05-21T16:04:37.326986,KXBTCD-25MAY2120-T109249.99,DELTA,16,1100,24,100,740,yes,4,-9
2025-05-21T16:04:37.348487,KXBTCD-25MAY2120-T109249.99,DELTA,16,1100,23,1000,741,no,77,1000
2025-05-21T16:04:37.386269,KXBTCD-25MAY2120-T109249.99,DELTA,16,1100,23,1000,742,no,6,-5400
2025-05-21T16:04:37.387238,KXBTCD-25MAY2120-T109249.99,DELTA,16,1100,23,1000,743,no,8,4050
2025-05-21T16:04:37.445256,KXBTCD-25MAY2120-T109249.99,DELTA,16,1100,23,1000,744,no,7,-20000
2025-05-21T16:04:37.484862,KXBTCD-25MAY2120-T109249.99,DELTA,16,1100,23,1000,745,no,9,20000
2025-05-21T16:04:38.784164,KXBTCD-25MAY2120-T109249.99,DELTA,16,1100,23,1000,746,no,8,-4050
2025-05-21T16:04:38.784546,KXBTCD-25MAY2120-T109249.99,DELTA,16,1100,23,1000,747,no,10,3240
2025-05-21T16:04:38.864567,KXBTCD-25MAY2120-T109249.99,DELTA,16,1100,23,1000,748,no,9,-20000
2025-05-21T16:04:38.904736,KXBTCD-25MAY2120-T109249.99,DELTA,16,1100,23,1000,749,no,65,-9
2025-05-21T16:04:38.904935,KXBTCD-25MAY2120-T109249.99,DELTA,16,1100,23,1000,750,yes,11,-9
2025-05-21T16:04:38.905075,KXBTCD-25MAY2120-T109249.99,DELTA,16,1100,23,1000,751,no,11,20000
2025-05-21T16:04:40.167893,KXBTCD-25MAY2120-T109249.99,DELTA,16,1100,23,1000,752,no,10,-3240
2025-05-21T16:04:40.168755,KXBTCD-25MAY2120-T109249.99,DELTA,16,1100,23,1000,753,no,12,2700
2025-05-21T16:04:40.224909,KXBTCD-25MAY2120-T109249.99,DELTA,16,100,23,1000,754,yes,16,-1000
2025-05-21T16:04:40.248001,KXBTCD-25MAY2120-T109249.99,DELTA,16,100,23,1000,755,no,11,-20000
2025-05-21T16:04:40.307037,KXBTCD-25MAY2120-T109249.99,DELTA,16,100,23,1000,756,no,5,20000
2025-05-21T16:04:40.477535,KXBTCD-25MAY2120-T109249.99,DELTA,16,100,23,1000,757,no,76,-100
2025-05-21T16:04:40.568379,KXBTCD-25MAY2120-T109249.99,DELTA,16,100,27,24,758,no,77,-1000
2025-05-21T16:04:40.604950,KXBTCD-25MAY2120-T109249.99,DELTA,16,100,27,24,759,no,41,1000
2025-05-21T16:04:41.626062,KXBTCD-25MAY2120-T109249.99,DELTA,16,1100,27,24,760,yes,16,1000
2025-05-21T16:04:41.726171,KXBTCD-25MAY2120-T109249.99,DELTA,16,1100,27,24,761,no,65,9
2025-05-21T16:04:41.805169,KXBTCD-25MAY2120-T109249.99,DELTA,16,100,27,24,762,yes,16,-1000
2025-05-21T16:04:42.465634,KXBTCD-25MAY2120-T109249.99,DELTA,10,24,27,24,763,yes,16,-100
2025-05-21T16:04:42.564711,KXBTCD-25MAY2120-T109249.99,DELTA,10,24,27,24,764,yes,4,9
2025-05-21T16:04:42.905213,KXBTCD-25MAY2120-T109249.99,DELTA,10,24,23,100,765,no,77,100
2025-05-21T16:04:42.985800,KXBTCD-25MAY2120-T109249.99,DELTA,10,24,23,100,766,no,41,-1000
2025-05-21T16:04:43.025319,KXBTCD-25MAY2120-T109249.99,DELTA,10,24,22,1000,767,no,78,1000
2025-05-21T16:04:43.804875,KXBTCD-25MAY2120-T109249.99,DELTA,14,100,22,1000,768,yes,14,100
2025-05-21T16:04:43.884718,KXBTCD-25MAY2120-T109249.99,DELTA,14,1100,22,1000,769,yes,14,1000
2025-05-21T16:04:43.904945,KXBTCD-25MAY2120-T109249.99,DELTA,14,1100,22,1000,770,no,65,-9
2025-05-21T16:04:43.964761,KXBTCD-25MAY2120-T109249.99,DELTA,14,1000,22,1000,771,yes,14,-100
2025-05-21T16:04:44.066466,KXBTCD-25MAY2120-T109249.99,DELTA,10,24,22,1000,772,yes,14,-1000
2025-05-21T16:04:44.544135,KXBTCD-25MAY2120-T109249.99,DELTA,10,24,22,1000,773,no,77,-100
2025-05-21T16:04:44.625738,KXBTCD-25MAY2120-T109249.99,DELTA,10,24,27,24,774,no,78,-1000
2025-05-21T16:04:44.650793,KXBTCD-25MAY2120-T109249.99,DELTA,10,24,27,24,775,no,41,-2000
2025-05-21T16:04:44.651253,KXBTCD-25MAY2120-T109249.99,DELTA,10,24,27,24,776,no,5,-20000
2025-05-21T16:04:44.685201,KXBTCD-25MAY2120-T109249.99,DELTA,4,9,27,24,777,yes,10,-24
2025-05-21T16:04:44.686053,KXBTCD-25MAY2120-T109249.99,DELTA,11,24,27,24,778,yes,11,24
2025-05-21T16:04:44.704815,KXBTCD-25MAY2120-T109249.99,DELTA,11,24,27,24,779,no,71,24
2025-05-21T16:04:44.706009,KXBTCD-25MAY2120-T109249.99,DELTA,11,24,29,24,780,no,73,-24
2025-05-21T16:04:44.745859,KXBTCD-25MAY2120-T109249.99,DELTA,11,24,29,24,781,no,65,9
2025-05-21T16:04:44.826002,KXBTCD-25MAY2120-T109249.99,DELTA,14,100,29,24,782,yes,14,100
2025-05-21T16:04:44.966443,KXBTCD-25MAY2120-T109249.99,DELTA,11,24,29,24,783,yes,14,-100
2025-05-21T16:04:45.446595,KXBTCD-25MAY2120-T109249.99,DELTA,11,24,25,100,784,no,75,100
2025-05-21T16:04:45.586237,KXBTCD-25MAY2120-T109249.99,DELTA,11,24,24,1000,785,no,76,1000
2025-05-21T16:04:46.014744,KXBTCD-25MAY2120-T109249.99,DELTA,17,100,24,1000,786,yes,17,100
2025-05-21T16:04:46.226320,KXBTCD-25MAY2120-T109249.99,DELTA,17,100,24,1000,787,no,12,-2700
2025-05-21T16:04:46.227249,KXBTCD-25MAY2120-T109249.99,DELTA,17,100,24,1000,788,no,5,6480
2025-05-21T16:04:46.306402,KXBTCD-25MAY2120-T109249.99,DELTA,17,1100,24,1000,789,yes,17,1000
2025-05-21T16:04:46.345713,KXBTCD-25MAY2120-T109249.99,DELTA,17,1100,24,1000,790,yes,4,-9
2025-05-21T16:04:46.346366,KXBTCD-25MAY2120-T109249.99,DELTA,17,1100,24,1000,791,no,65,-9
2025-05-21T16:04:46.346543,KXBTCD-25MAY2120-T109249.99,DELTA,17,1100,24,1000,792,yes,12,9
2025-05-21T16:04:46.556142,KXBTCD-25MAY2120-T109249.99,DELTA,17,1100,24,1000,793,no,6,20000
2025-05-21T16:04:47.505617,KXBTCD-25MAY2120-T109249.99,DELTA,17,1100,24,1000,794,no,5,-6480
2025-05-21T16:04:47.506398,KXBTCD-25MAY2120-T109249.99,DELTA,17,1100,24,1000,795,no,7,4628
2025-05-21T16:04:47.585494,KXBTCD-25MAY2120-T109249.99,DELTA,17,1100,24,1000,796,no,6,-20000
2025-05-21T16:04:47.605505,KXBTCD-25MAY2120-T109249.99,DELTA,17,1100,24,1000,797,yes,12,-9
2025-05-21T16:04:47.624829,KXBTCD-25MAY2120-T109249.99,DELTA,17,1100,24,1000,798,no,8,20000
2025-05-21T16:04:47.825545,KXBTCD-25MAY2120-T109249.99,DELTA,17,1100,24,1000,799,yes,13,24
2025-05-21T16:04:47.826329,KXBTCD-25MAY2120-T109249.99,DELTA,17,1100,24,1000,800,yes,11,-24
2025-05-21T16:04:47.826696,KXBTCD-25MAY2120-T109249.99,DELTA,17,1100,24,1000,801,no,70,24
2025-05-21T16:04:47.845424,KXBTCD-25MAY2120-T109249.99,DELTA,17,1100,24,1000,802,no,71,-24
2025-05-21T16:04:48.187104,KXBTCD-25MAY2120-T109249.99,DELTA,17,1100,24,1000,803,no,8,-20000
2025-05-21T16:04:48.189628,KXBTCD-25MAY2120-T109249.99,DELTA,17,1100,25,100,804,no,76,-1000
2025-05-21T16:04:48.190121,KXBTCD-25MAY2120-T109249.99,DELTA,17,100,25,100,805,yes,17,-1000
2025-05-21T16:04:48.226586,KXBTCD-25MAY2120-T109249.99,DELTA,17,100,25,100,806,yes,15,24
2025-05-21T16:04:48.227449,KXBTCD-25MAY2120-T109249.99,DELTA,17,100,25,100,807,yes,13,-24
2025-05-21T16:04:48.228667,KXBTCD-25MAY2120-T109249.99,DELTA,17,100,25,100,808,no,64,-3000
2025-05-21T16:04:48.229136,KXBTCD-25MAY2120-T109249.99,DELTA,17,100,25,100,809,no,68,24
2025-05-21T16:04:48.229497,KXBTCD-25MAY2120-T109249.99,DELTA,17,100,25,100,810,no,70,-24
2025-05-21T16:04:48.246772,KXBTCD-25MAY2120-T109249.99,DELTA,17,100,25,100,811,no,39,-8000
2025-05-21T16:04:48.325488,KXBTCD-25MAY2120-T109249.99,DELTA,15,24,25,100,812,yes,17,-100
2025-05-21T16:04:48.327769,KXBTCD-25MAY2120-T109249.99,DELTA,15,24,25,100,813,no,59,3000
2025-05-21T16:04:48.328279,KXBTCD-25MAY2120-T109249.99,DELTA,15,24,25,100,814,no,23,8000
2025-05-21T16:04:48.446042,KXBTCD-25MAY2120-T109249.99,DELTA,15,24,25,100,815,no,69,9
2025-05-21T16:04:48.446727,KXBTCD-25MAY2120-T109249.99,DELTA,15,24,25,100,816,yes,4,9
2025-05-21T16:04:48.807238,KXBTCD-25MAY2120-T109249.99,DELTA,15,24,25,100,817,no,7,-4628
2025-05-21T16:04:48.807502,KXBTCD-25MAY2120-T109249.99,DELTA,15,24,25,100,818,no,24,1350
2025-05-21T16:04:48.906049,KXBTCD-25MAY2120-T109249.99,DELTA,15,24,24,1000,819,no,76,1000
2025-05-21T16:04:48.986009,KXBTCD-25MAY2120-T109249.99,DELTA,15,24,24,1000,820,no,75,-100
2025-05-21T16:04:49.085479,KXBTCD-25MAY2120-T109249.99,DELTA,15,24,31,9,821,no,76,-1000
2025-05-21T16:04:49.204521,KXBTCD-25MAY2120-T109249.99,DELTA,15,24,31,9,822,no,60,9
2025-05-21T16:04:49.205506,KXBTCD-25MAY2120-T109249.99,DELTA,15,24,32,24,823,no,69,-9
2025-05-21T16:04:49.304741,KXBTCD-25MAY2120-T109249.99,DELTA,15,24,32,24,824,no,5,20000
2025-05-21T16:04:49.305646,KXBTCD-25MAY2120-T109249.99,DELTA,15,24,32,24,825,no,41,1000
2025-05-21T16:04:49.545971,KXBTCD-25MAY2120-T109249.99,DELTA,20,100,32,24,826,yes,20,100
2025-05-21T16:04:50.206160,KXBTCD-25MAY2120-T109249.99,DELTA,20,100,27,100,827,no,73,100
2025-05-21T16:04:50.285100,KXBTCD-25MAY2120-T109249.99,DELTA,20,100,27,100,828,no,41,-1000
2025-05-21T16:04:50.325451,KXBTCD-25MAY2120-T109249.99,DELTA,20,100,27,100,829,yes,4,-9
2025-05-21T16:04:50.326089,KXBTCD-25MAY2120-T109249.99,DELTA,20,100,26,1000,830,no,74,1000
2025-05-21T16:04:50.326314,KXBTCD-25MAY2120-T109249.99,DELTA,20,100,26,1000,831,no,60,-9
2025-05-21T16:04:50.346434,KXBTCD-25MAY2120-T109249.99,DELTA,20,100,26,1000,832,yes,16,9
2025-05-21T16:04:50.347283,KXBTCD-25MAY2120-T109249.99,DELTA,20,100,26,1000,833,no,69,9
2025-05-21T16:04:59.185934,KXBTCD-25MAY2120-T109249.99,DELTA,20,1100,26,1000,834,yes,20,1000
2025-05-21T16:04:59.306986,KXBTCD-25MAY2120-T109249.99,DELTA,20,1100,26,1000,835,no,69,-9
2025-05-21T16:04:59.307192,KXBTCD-25MAY2120-T109249.99,DELTA,20,1100,26,1000,836,yes,16,-9
2025-05-21T16:04:59.807252,KXBTCD-25MAY2120-T109249.99,DELTA,20,100,26,1000,837,yes,20,-1000
2025-05-21T16:05:00.845893,KXBTCD-25MAY2120-T109249.99,DELTA,20,1100,26,1000,838,yes,20,1000
2025-05-21T16:05:01.246662,KXBTCD-25MAY2120-T109249.99,DELTA,20,100,26,1000,839,yes,20,-1000
2025-05-21T16:05:01.306295,KXBTCD-25MAY2120-T109249.99,DELTA,20,100,26,1000,840,no,60,250
2025-05-21T16:05:01.325551,KXBTCD-25MAY2120-T109249.99,DELTA,20,100,26,1000,841,no,62,250
2025-05-21T16:05:01.326489,KXBTCD-25MAY2120-T109249.99,DELTA,20,100,26,1000,842,no,64,250
2025-05-21T16:05:01.346581,KXBTCD-25MAY2120-T109249.99,DELTA,20,100,26,1000,843,no,66,250
2025-05-21T16:05:01.347065,KXBTCD-25MAY2120-T109249.99,DELTA,20,100,26,1000,844,no,68,250
2025-05-21T16:05:01.364697,KXBTCD-25MAY2120-T109249.99,DELTA,20,100,26,1000,845,yes,16,250
2025-05-21T16:05:01.365291,KXBTCD-25MAY2120-T109249.99,DELTA,20,100,26,1000,846,yes,14,250
2025-05-21T16:05:01.387270,KXBTCD-25MAY2120-T109249.99,DELTA,20,100,26,1000,847,yes,12,250
2025-05-21T16:05:01.387726,KXBTCD-25MAY2120-T109249.99,DELTA,20,100,26,1000,848,yes,10,250
2025-05-21T16:05:01.406112,KXBTCD-25MAY2120-T109249.99,DELTA,20,100,26,1000,849,yes,8,250
2025-05-21T16:05:01.465432,KXBTCD-25MAY2120-T109249.99,DELTA,20,100,26,1000,850,yes,17,1000
2025-05-21T16:05:01.709020,KXBTCD-25MAY2120-T109249.99,DELTA,20,100,26,1000,851,no,69,1250
2025-05-21T16:05:01.725839,KXBTCD-25MAY2120-T109249.99,DELTA,20,100,26,1000,852,yes,16,2000
2025-05-21T16:05:01.945872,KXBTCD-25MAY2120-T109249.99,DELTA,20,100,26,1000,853,no,69,2000
2025-05-21T16:05:02.104761,KXBTCD-25MAY2120-T109249.99,DELTA,20,100,26,1000,854,yes,16,1250
2025-05-21T16:05:02.147907,KXBTCD-25MAY2120-T109249.99,DELTA,20,100,26,1000,855,yes,18,250
2025-05-21T16:05:02.148246,KXBTCD-25MAY2120-T109249.99,DELTA,20,100,26,1000,856,yes,8,-250
2025-05-21T16:05:02.264723,KXBTCD-25MAY2120-T109249.99,DELTA,20,100,26,1000,857,yes,16,-2000
2025-05-21T16:05:02.285831,KXBTCD-25MAY2120-T109249.99,DELTA,20,100,26,1000,858,yes,17,-1000
2025-05-21T16:05:02.286558,KXBTCD-25MAY2120-T109249.99,DELTA,20,100,26,1000,859,yes,16,-1250
2025-05-21T16:05:02.505650,KXBTCD-25MAY2120-T109249.99,DELTA,20,1100,26,1000,860,yes,20,1000
2025-05-21T16:05:02.573056,KXBTCD-25MAY2120-T109249.99,DELTA,20,1100,26,1000,861,yes,17,1250
2025-05-21T16:05:02.625800,KXBTCD-25MAY2120-T109249.99,DELTA,20,1100,26,1000,862,yes,17,2000
2025-05-21T16:05:02.866382,KXBTCD-25MAY2120-T109249.99,DELTA,20,1100,26,1000,863,yes,15,-24
2025-05-21T16:05:02.866872,KXBTCD-25MAY2120-T109249.99,DELTA,20,1100,26,1000,864,yes,17,24
2025-05-21T16:05:02.867166,KXBTCD-25MAY2120-T109249.99,DELTA,20,1100,26,1000,865,no,66,24
2025-05-21T16:05:02.867398,KXBTCD-25MAY2120-T109249.99,DELTA,20,1100,26,1000,866,no,68,-24
2025-05-21T16:05:03.125596,KXBTCD-25MAY2120-T109249.99,DELTA,20,1100,26,1000,867,no,73,-100
2025-05-21T16:05:03.205652,KXBTCD-25MAY2120-T109249.99,DELTA,20,1100,31,3250,868,no,74,-1000
2025-05-21T16:05:03.264498,KXBTCD-25MAY2120-T109249.99,DELTA,20,1100,31,4250,869,no,69,1000
2025-05-21T16:05:03.345366,KXBTCD-25MAY2120-T109249.99,DELTA,20,1000,31,4250,870,yes,20,-100
2025-05-21T16:05:03.445408,KXBTCD-25MAY2120-T109249.99,DELTA,18,250,31,4250,871,yes,20,-1000
2025-05-21T16:05:03.645383,KXBTCD-25MAY2120-T109249.99,DELTA,18,250,31,4250,872,yes,17,-2000
2025-05-21T16:05:03.646198,KXBTCD-25MAY2120-T109249.99,DELTA,18,250,31,4250,873,yes,17,-1250
2025-05-21T16:05:03.705208,KXBTCD-25MAY2120-T109249.99,DELTA,19,1000,31,4250,874,yes,19,1000
2025-05-21T16:05:03.765181,KXBTCD-25MAY2120-T109249.99,DELTA,19,1000,31,4250,875,yes,18,1250
2025-05-21T16:05:03.906077,KXBTCD-25MAY2120-T109249.99,DELTA,19,3000,31,4250,876,yes,19,2000
2025-05-21T16:05:04.145268,KXBTCD-25MAY2120-T109249.99,DELTA,19,3000,31,4250,877,yes,10,-250
2025-05-21T16:05:04.165603,KXBTCD-25MAY2120-T109249.99,DELTA,19,3000,31,4250,878,no,58,250
2025-05-21T16:05:04.165939,KXBTCD-25MAY2120-T109249.99,DELTA,19,3000,31,4250,879,no,68,-250
2025-05-21T16:05:04.166242,KXBTCD-25MAY2120-T109249.99,DELTA,20,250,31,4250,880,yes,20,250
2025-05-21T16:05:04.265546,KXBTCD-25MAY2120-T109249.99,DELTA,20,250,31,4250,881,yes,19,-1000
2025-05-21T16:05:04.265913,KXBTCD-25MAY2120-T109249.99,DELTA,20,250,31,2250,882,no,69,-2000
2025-05-21T16:05:04.286201,KXBTCD-25MAY2120-T109249.99,DELTA,20,250,31,1250,883,no,69,-1000
2025-05-21T16:05:04.286690,KXBTCD-25MAY2120-T109249.99,DELTA,20,250,34,274,884,no,69,-1250
2025-05-21T16:05:04.403957,KXBTCD-25MAY2120-T109249.99,DELTA,20,250,34,274,885,no,56,250
2025-05-21T16:05:04.404490,KXBTCD-25MAY2120-T109249.99,DELTA,20,250,34,24,886,no,66,-250
2025-05-21T16:05:04.405041,KXBTCD-25MAY2120-T109249.99,DELTA,20,250,33,1000,887,no,67,1000
2025-05-21T16:05:04.405780,KXBTCD-25MAY2120-T109249.99,DELTA,20,250,33,3000,888,no,67,2000
2025-05-21T16:05:04.406805,KXBTCD-25MAY2120-T109249.99,DELTA,20,250,33,4250,889,no,67,1250
2025-05-21T16:05:04.407155,KXBTCD-25MAY2120-T109249.99,DELTA,22,100,33,4250,890,yes,22,100
2025-05-21T16:05:04.407430,KXBTCD-25MAY2120-T109249.99,DELTA,22,100,30,100,891,no,70,100
2025-05-21T16:05:04.427211,KXBTCD-25MAY2120-T109249.99,DELTA,22,100,30,100,892,no,67,-2000
2025-05-21T16:05:04.427620,KXBTCD-25MAY2120-T109249.99,DELTA,22,100,30,100,893,no,67,-1000
2025-05-21T16:05:04.465844,KXBTCD-25MAY2120-T109249.99,DELTA,22,100,30,100,894,no,66,250
2025-05-21T16:05:04.485846,KXBTCD-25MAY2120-T109249.99,DELTA,22,100,29,1000,895,no,71,1000
2025-05-21T16:05:04.487169,KXBTCD-25MAY2120-T109249.99,DELTA,22,100,29,1000,896,no,56,-250
2025-05-21T16:05:04.605578,KXBTCD-25MAY2120-T109249.99,DELTA,22,100,29,1000,897,no,67,-1250
2025-05-21T16:05:04.845301,KXBTCD-25MAY2120-T109249.99,DELTA,22,100,29,1000,898,no,65,2000
2025-05-21T16:05:04.945321,KXBTCD-25MAY2120-T109249.99,DELTA,22,100,29,1000,899,yes,19,-2000
2025-05-21T16:05:04.965669,KXBTCD-25MAY2120-T109249.99,DELTA,22,100,29,1000,900,no,67,1250
2025-05-21T16:05:04.985306,KXBTCD-25MAY2120-T109249.99,DELTA,22,100,29,1000,901,yes,18,2000
2025-05-21T16:05:05.025861,KXBTCD-25MAY2120-T109249.99,DELTA,22,100,29,1000,902,no,65,-2000
2025-05-21T16:05:05.084990,KXBTCD-25MAY2120-T109249.99,DELTA,22,100,29,1000,903,no,67,2000
2025-05-21T16:05:05.126657,KXBTCD-25MAY2120-T109249.99,DELTA,22,100,29,1000,904,yes,21,1000
2025-05-21T16:05:06.106238,KXBTCD-25MAY2120-T109249.99,DELTA,22,100,29,1000,905,yes,17,-24
2025-05-21T16:05:06.106633,KXBTCD-25MAY2120-T109249.99,DELTA,22,100,29,1000,906,yes,18,24
2025-05-21T16:05:06.126584,KXBTCD-25MAY2120-T109249.99,DELTA,22,100,29,1000,907,no,65,24
2025-05-21T16:05:06.127031,KXBTCD-25MAY2120-T109249.99,DELTA,22,100,29,1000,908,no,66,-24
2025-05-21T16:05:06.127296,KXBTCD-25MAY2120-T109249.99,DELTA,22,100,29,1000,909,yes,18,-2000
2025-05-21T16:05:06.145351,KXBTCD-25MAY2120-T109249.99,DELTA,22,100,29,1000,910,yes,21,-1000
2025-05-21T16:05:06.184994,KXBTCD-25MAY2120-T109249.99,DELTA,22,100,29,1000,911,yes,20,2000
2025-05-21T16:05:06.204666,KXBTCD-25MAY2120-T109249.99,DELTA,23,1000,29,1000,912,yes,23,1000
2025-05-21T16:05:06.205284,KXBTCD-25MAY2120-T109249.99,DELTA,23,1000,29,1000,913,yes,18,-1250
2025-05-21T16:05:06.245558,KXBTCD-25MAY2120-T109249.99,DELTA,23,1000,29,1000,914,no,56,250
2025-05-21T16:05:06.265762,KXBTCD-25MAY2120-T109249.99,DELTA,23,1000,29,1000,915,no,66,-250
2025-05-21T16:05:06.266181,KXBTCD-25MAY2120-T109249.99,DELTA,23,1000,29,1000,916,yes,19,1250
2025-05-21T16:05:06.385561,KXBTCD-25MAY2120-T109249.99,DELTA,23,1000,29,1000,917,yes,19,-1250
2025-05-21T16:05:06.425265,KXBTCD-25MAY2120-T109249.99,DELTA,23,1000,29,1000,918,no,67,-2000
2025-05-21T16:05:06.426381,KXBTCD-25MAY2120-T109249.99,DELTA,23,1000,29,1000,919,yes,20,1250
2025-05-21T16:05:06.426918,KXBTCD-25MAY2120-T109249.99,DELTA,23,1000,29,1000,920,no,67,-1250
2025-05-21T16:05:06.445768,KXBTCD-25MAY2120-T109249.99,DELTA,23,1000,29,1000,921,no,59,-3000
2025-05-21T16:05:06.465490,KXBTCD-25MAY2120-T109249.99,DELTA,23,1000,29,1000,922,yes,20,-2000
2025-05-21T16:05:06.486111,KXBTCD-25MAY2120-T109249.99,DELTA,23,1000,29,1000,923,no,65,2000
2025-05-21T16:05:06.486507,KXBTCD-25MAY2120-T109249.99,DELTA,23,1000,29,1000,924,no,65,1250
2025-05-21T16:05:06.506433,KXBTCD-25MAY2120-T109249.99,DELTA,23,1000,29,1000,925,no,52,3000
2025-05-21T16:05:06.546073,KXBTCD-25MAY2120-T109249.99,DELTA,23,1000,29,1000,926,yes,21,2000
2025-05-21T16:05:06.546409,KXBTCD-25MAY2120-T109249.99,DELTA,23,1000,29,1000,927,yes,18,-24
2025-05-21T16:05:06.546644,KXBTCD-25MAY2120-T109249.99,DELTA,23,1000,29,1000,928,yes,20,24
2025-05-21T16:05:06.565340,KXBTCD-25MAY2120-T109249.99,DELTA,23,1000,29,1000,929,no,63,24
2025-05-21T16:05:06.566337,KXBTCD-25MAY2120-T109249.99,DELTA,23,1000,29,1000,930,no,65,-24
2025-05-21T16:05:06.706263,KXBTCD-25MAY2120-T109249.99,DELTA,23,1000,29,1000,931,yes,22,-100
2025-05-21T16:05:06.945273,KXBTCD-25MAY2120-T109249.99,DELTA,23,1000,29,1000,932,no,70,-100
2025-05-21T16:05:07.045975,KXBTCD-25MAY2120-T109249.99,DELTA,23,1000,35,3250,933,no,71,-1000
2025-05-21T16:05:07.204775,KXBTCD-25MAY2120-T109249.99,DELTA,23,1000,35,3250,934,no,54,250
2025-05-21T16:05:07.226773,KXBTCD-25MAY2120-T109249.99,DELTA,21,2000,35,3250,935,yes,23,-1000
2025-05-21T16:05:07.227117,KXBTCD-25MAY2120-T109249.99,DELTA,21,2000,35,3250,936,no,64,-250
2025-05-21T16:05:07.227295,KXBTCD-25MAY2120-T109249.99,DELTA,22,250,35,3250,937,yes,22,250
2025-05-21T16:05:07.244402,KXBTCD-25MAY2120-T109249.99,DELTA,22,250,35,3250,938,yes,12,-250
2025-05-21T16:05:07.325534,KXBTCD-25MAY2120-T109249.99,DELTA,22,250,35,4250,939,no,65,1000
2025-05-21T16:05:07.326572,KXBTCD-25MAY2120-T109249.99,DELTA,22,250,35,2250,940,no,65,-2000
2025-05-21T16:05:07.326984,KXBTCD-25MAY2120-T109249.99,DELTA,22,250,35,1000,941,no,65,-1250
2025-05-21T16:05:07.346085,KXBTCD-25MAY2120-T109249.99,DELTA,22,250,35,1000,942,yes,20,-1250
2025-05-21T16:05:07.385458,KXBTCD-25MAY2120-T109249.99,DELTA,22,250,35,1000,943,no,63,1250
2025-05-21T16:05:07.464406,KXBTCD-25MAY2120-T109249.99,DELTA,23,1000,35,1000,944,yes,23,1000
2025-05-21T16:05:07.465160,KXBTCD-25MAY2120-T109249.99,DELTA,23,1000,35,1000,945,yes,21,1250
2025-05-21T16:05:07.466103,KXBTCD-25MAY2120-T109249.99,DELTA,23,1000,37,1274,946,no,65,-1000
2025-05-21T16:05:07.525324,KXBTCD-25MAY2120-T109249.99,DELTA,23,1000,37,2274,947,no,63,1000
2025-05-21T16:05:07.725550,KXBTCD-25MAY2120-T109249.99,DELTA,26,100,37,2274,948,yes,26,100
2025-05-21T16:05:07.825350,KXBTCD-25MAY2120-T109249.99,DELTA,26,100,37,4274,949,no,63,2000
2025-05-21T16:05:08.146024,KXBTCD-25MAY2120-T109249.99,DELTA,26,100,37,4274,950,yes,24,250
2025-05-21T16:05:08.146591,KXBTCD-25MAY2120-T109249.99,DELTA,26,100,37,4274,951,yes,14,-250
2025-05-21T16:05:08.224826,KXBTCD-25MAY2120-T109249.99,DELTA,26,100,37,4274,952,yes,23,-1000
2025-05-21T16:05:08.265822,KXBTCD-25MAY2120-T109249.99,DELTA,26,100,37,4274,953,yes,24,1000
2025-05-21T16:05:08.305270,KXBTCD-25MAY2120-T109249.99,DELTA,26,100,34,100,954,no,66,100
2025-05-21T16:05:08.330732,KXBTCD-25MAY2120-T109249.99,DELTA,26,100,34,100,955,yes,20,-24
2025-05-21T16:05:08.331355,KXBTCD-25MAY2120-T109249.99,DELTA,26,100,34,100,956,yes,21,24
2025-05-21T16:05:08.346904,KXBTCD-25MAY2120-T109249.99,DELTA,26,100,34,100,957,no,62,24
2025-05-21T16:05:08.347633,KXBTCD-25MAY2120-T109249.99,DELTA,26,100,34,100,958,no,63,-24
2025-05-21T16:05:08.386777,KXBTCD-25MAY2120-T109249.99,DELTA,26,100,34,100,959,no,63,-1000
2025-05-21T16:05:08.446973,KXBTCD-25MAY2120-T109249.99,DELTA,26,100,34,100,960,yes,21,-2000
2025-05-21T16:05:08.447435,KXBTCD-25MAY2120-T109249.99,DELTA,26,100,33,1000,961,no,67,1000
2025-05-21T16:05:08.465643,KXBTCD-25MAY2120-T109249.99,DELTA,26,100,33,1000,962,yes,24,-1000
2025-05-21T16:05:08.526271,KXBTCD-25MAY2120-T109249.99,DELTA,26,100,33,1000,963,yes,24,-250
2025-05-21T16:05:08.526820,KXBTCD-25MAY2120-T109249.99,DELTA,26,100,33,1000,964,yes,14,250
2025-05-21T16:05:08.527169,KXBTCD-25MAY2120-T109249.99,DELTA,26,100,33,1000,965,yes,22,2000
2025-05-21T16:05:08.527498,KXBTCD-25MAY2120-T109249.99,DELTA,26,100,33,1000,966,yes,25,1000
2025-05-21T16:05:08.604916,KXBTCD-25MAY2120-T109249.99,DELTA,26,100,33,1000,967,yes,25,-1000
2025-05-21T16:05:08.705429,KXBTCD-25MAY2120-T109249.99,DELTA,26,100,33,1000,968,yes,23,1000
2025-05-21T16:05:08.986207,KXBTCD-25MAY2120-T109249.99,DELTA,23,1000,33,1000,969,yes,26,-100
2025-05-21T16:05:09.086548,KXBTCD-25MAY2120-T109249.99,DELTA,24,250,33,1000,970,yes,24,250
2025-05-21T16:05:09.087130,KXBTCD-25MAY2120-T109249.99,DELTA,24,250,33,1000,971,yes,14,-250
2025-05-21T16:05:09.584285,KXBTCD-25MAY2120-T109249.99,DELTA,24,250,33,1000,972,yes,23,-1000
2025-05-21T16:05:09.789895,KXBTCD-25MAY2120-T109249.99,DELTA,25,1000,33,1000,973,yes,25,1000
2025-05-21T16:05:10.505950,KXBTCD-25MAY2120-T109249.99,DELTA,25,1000,33,1000,974,yes,21,-1250
2025-05-21T16:05:10.888015,KXBTCD-25MAY2120-T109249.99,DELTA,27,100,33,1000,975,yes,27,100
2025-05-21T16:05:11.386564,KXBTCD-25MAY2120-T109249.99,DELTA,28,50,33,1000,976,yes,28,50
2025-05-21T16:05:11.387352,KXBTCD-25MAY2120-T109249.99,DELTA,28,50,32,50,977,no,68,50
2025-05-21T16:05:11.387897,KXBTCD-25MAY2120-T109249.99,DELTA,28,50,32,50,978,no,24,-1350
2025-05-21T16:05:11.388293,KXBTCD-25MAY2120-T109249.99,DELTA,28,50,32,50,979,no,23,1408
2025-05-21T16:05:11.604838,KXBTCD-25MAY2120-T109249.99,DELTA,28,50,32,50,980,no,67,-1000
2025-05-21T16:05:11.684622,KXBTCD-25MAY2120-T109249.99,DELTA,28,50,32,50,981,yes,22,-2000
2025-05-21T16:05:11.784545,KXBTCD-25MAY2120-T109249.99,DELTA,28,50,31,1000,982,no,69,1000
2025-05-21T16:05:11.805499,KXBTCD-25MAY2120-T109249.99,DELTA,28,50,31,1000,983,yes,21,2000
2025-05-21T16:05:11.806327,KXBTCD-25MAY2120-T109249.99,DELTA,28,50,31,1000,984,yes,21,1250
2025-05-21T16:05:12.105915,KXBTCD-25MAY2120-T109249.99,DELTA,28,50,31,1000,985,yes,25,-1000
2025-05-21T16:05:12.205716,KXBTCD-25MAY2120-T109249.99,DELTA,28,50,31,1000,986,yes,24,1000
2025-05-21T16:05:13.805434,KXBTCD-25MAY2120-T109249.99,DELTA,28,50,31,1000,987,yes,21,-2000
2025-05-21T16:05:13.844926,KXBTCD-25MAY2120-T109249.99,DELTA,28,50,31,1000,988,yes,22,2000
2025-05-21T16:05:14.744716,KXBTCD-25MAY2120-T109249.99,DELTA,28,50,31,1000,989,yes,22,-2000
2025-05-21T16:05:14.790246,KXBTCD-25MAY2120-T109249.99,DELTA,28,50,31,1000,990,yes,21,2000
2025-05-21T16:05:14.805747,KXBTCD-25MAY2120-T109249.99,DELTA,28,50,31,1000,991,yes,24,-250
2025-05-21T16:05:14.806241,KXBTCD-25MAY2120-T109249.99,DELTA,28,50,31,1000,992,yes,14,250
2025-05-21T16:05:14.867149,KXBTCD-25MAY2120-T109249.99,DELTA,28,50,31,1000,993,yes,21,-1250
2025-05-21T16:05:14.867577,KXBTCD-25MAY2120-T109249.99,DELTA,28,50,31,1000,994,yes,21,-2000
2025-05-21T16:05:14.868037,KXBTCD-25MAY2120-T109249.99,DELTA,28,50,31,1000,995,no,68,-50
2025-05-21T16:05:14.868497,KXBTCD-25MAY2120-T109249.99,DELTA,28,50,31,1050,996,no,69,50
2025-05-21T16:05:14.868837,KXBTCD-25MAY2120-T109249.99,DELTA,28,50,31,1050,997,yes,24,-1000
2025-05-21T16:05:14.947675,KXBTCD-25MAY2120-T109249.99,DELTA,28,50,31,1050,998,yes,23,1000
2025-05-21T16:05:14.948135,KXBTCD-25MAY2120-T109249.99,DELTA,28,50,31,1050,999,yes,20,2000
2025-05-21T16:05:14.948418,KXBTCD-25MAY2120-T109249.99,DELTA,28,50,31,1050,1000,yes,20,1250
2025-05-21T16:05:14.965617,KXBTCD-25MAY2120-T109249.99,DELTA,28,50,31,50,1001,no,69,-1000
2025-05-21T16:05:15.025488,KXBTCD-25MAY2120-T109249.99,DELTA,28,50,34,100,1002,no,69,-50
2025-05-21T16:05:15.025823,KXBTCD-25MAY2120-T109249.99,DELTA,28,50,33,50,1003,no,67,50
2025-05-21T16:05:15.026000,KXBTCD-25MAY2120-T109249.99,DELTA,28,50,30,1000,1004,no,70,1000
2025-05-21T16:05:15.090269,KXBTCD-25MAY2120-T109249.99,DELTA,28,50,30,1000,1005,no,67,-50
2025-05-21T16:05:15.090502,KXBTCD-25MAY2120-T109249.99,DELTA,28,50,30,1000,1006,no,69,50
2025-05-21T16:05:15.105064,KXBTCD-25MAY2120-T109249.99,DELTA,28,50,31,50,1007,no,70,-1000
2025-05-21T16:05:15.146560,KXBTCD-25MAY2120-T109249.99,DELTA,28,50,31,50,1008,no,54,-250
2025-05-21T16:05:15.167781,KXBTCD-25MAY2120-T109249.99,DELTA,28,50,31,50,1009,no,68,1000
2025-05-21T16:05:15.167961,KXBTCD-25MAY2120-T109249.99,DELTA,28,50,31,50,1010,no,64,250
2025-05-21T16:05:15.168029,KXBTCD-25MAY2120-T109249.99,DELTA,28,50,32,1000,1011,no,69,-50
2025-05-21T16:05:15.168087,KXBTCD-25MAY2120-T109249.99,DELTA,28,50,32,1000,1012,no,67,50
2025-05-21T16:05:15.225884,KXBTCD-25MAY2120-T109249.99,DELTA,28,50,32,1000,1013,yes,20,-1250
2025-05-21T16:05:15.226237,KXBTCD-25MAY2120-T109249.99,DELTA,28,50,32,1000,1014,no,67,-50
2025-05-21T16:05:15.226344,KXBTCD-25MAY2120-T109249.99,DELTA,28,50,30,50,1015,no,70,50
2025-05-21T16:05:15.226408,KXBTCD-25MAY2120-T109249.99,DELTA,28,50,30,50,1016,no,68,-1000
2025-05-21T16:05:15.305586,KXBTCD-25MAY2120-T109249.99,DELTA,28,50,34,100,1017,no,70,-50
2025-05-21T16:05:15.305733,KXBTCD-25MAY2120-T109249.99,DELTA,28,50,32,50,1018,no,68,50
2025-05-21T16:05:15.305797,KXBTCD-25MAY2120-T109249.99,DELTA,28,50,32,1050,1019,no,68,1000
2025-05-21T16:05:15.305859,KXBTCD-25MAY2120-T109249.99,DELTA,28,50,32,1050,1020,no,63,-2000
2025-05-21T16:05:15.305911,KXBTCD-25MAY2120-T109249.99,DELTA,28,50,32,1050,1021,yes,20,1250
2025-05-21T16:05:15.325753,KXBTCD-25MAY2120-T109249.99,DELTA,28,50,32,1050,1022,no,63,-1250
2025-05-21T16:05:15.386019,KXBTCD-25MAY2120-T109249.99,DELTA,28,50,32,1050,1023,yes,27,-100
2025-05-21T16:05:15.405034,KXBTCD-25MAY2120-T109249.99,DELTA,28,50,32,1050,1024,no,66,-100
2025-05-21T16:05:15.405341,KXBTCD-25MAY2120-T109249.99,DELTA,28,50,32,1050,1025,no,65,1250
2025-05-21T16:05:15.426114,KXBTCD-25MAY2120-T109249.99,DELTA,28,50,32,1050,1026,yes,20,-2000
2025-05-21T16:05:15.426217,KXBTCD-25MAY2120-T109249.99,DELTA,28,50,32,1050,1027,yes,20,-1250
2025-05-21T16:05:15.446760,KXBTCD-25MAY2120-T109249.99,DELTA,28,50,32,50,1028,no,68,-1000
2025-05-21T16:05:15.486483,KXBTCD-25MAY2120-T109249.99,DELTA,28,50,32,50,1029,no,65,2000
2025-05-21T16:05:15.505481,KXBTCD-25MAY2120-T109249.99,DELTA,28,50,35,3250,1030,no,68,-50
2025-05-21T16:05:15.505882,KXBTCD-25MAY2120-T109249.99,DELTA,28,50,34,50,1031,no,66,50
2025-05-21T16:05:15.525994,KXBTCD-25MAY2120-T109249.99,DELTA,28,50,34,50,1032,yes,22,2000
2025-05-21T16:05:15.527235,KXBTCD-25MAY2120-T109249.99,DELTA,28,50,34,50,1033,yes,21,1250
2025-05-21T16:05:15.527673,KXBTCD-25MAY2120-T109249.99,DELTA,28,50,31,1000,1034,no,69,1000
2025-05-21T16:05:15.546068,KXBTCD-25MAY2120-T109249.99,DELTA,28,50,31,1000,1035,no,66,-50
2025-05-21T16:05:15.546904,KXBTCD-25MAY2120-T109249.99,DELTA,28,50,31,1000,1036,no,68,50
2025-05-21T16:05:15.585791,KXBTCD-25MAY2120-T109249.99,DELTA,28,50,32,50,1037,no,69,-1000
2025-05-21T16:05:15.625942,KXBTCD-25MAY2120-T109249.99,DELTA,28,50,31,1000,1038,no,69,1000
2025-05-21T16:05:15.665385,KXBTCD-25MAY2120-T109249.99,DELTA,28,50,31,1000,1039,no,68,-50
2025-05-21T16:05:15.666133,KXBTCD-25MAY2120-T109249.99,DELTA,28,50,31,1000,1040,no,66,50
2025-05-21T16:05:15.727455,KXBTCD-25MAY2120-T109249.99,DELTA,28,50,31,1000,1041,no,66,-50
2025-05-21T16:05:15.727965,KXBTCD-25MAY2120-T109249.99,DELTA,28,50,31,1050,1042,no,69,50
2025-05-21T16:05:15.746697,KXBTCD-25MAY2120-T109249.99,DELTA,28,50,31,50,1043,no,69,-1000
2025-05-21T16:05:15.766034,KXBTCD-25MAY2120-T109249.99,DELTA,23,1000,31,50,1044,yes,28,-50
2025-05-21T16:05:15.766570,KXBTCD-25MAY2120-T109249.99,DELTA,24,50,31,50,1045,yes,24,50
2025-05-21T16:05:15.787868,KXBTCD-25MAY2120-T109249.99,DELTA,24,50,31,50,1046,no,67,1000
2025-05-21T16:05:15.824769,KXBTCD-25MAY2120-T109249.99,DELTA,24,59,31,50,1047,yes,24,9
2025-05-21T16:05:15.825484,KXBTCD-25MAY2120-T109249.99,DELTA,24,59,31,50,1048,no,67,-1000
2025-05-21T16:05:15.826145,KXBTCD-25MAY2120-T109249.99,DELTA,24,59,31,50,1049,yes,22,-2000
2025-05-21T16:05:15.887789,KXBTCD-25MAY2120-T109249.99,DELTA,24,59,30,1000,1050,no,70,1000
2025-05-21T16:05:15.888370,KXBTCD-25MAY2120-T109249.99,DELTA,24,59,30,1000,1051,yes,21,2000
2025-05-21T16:05:16.286875,KXBTCD-25MAY2120-T109249.99,DELTA,24,59,30,1000,1052,no,69,-50
2025-05-21T16:05:16.287669,KXBTCD-25MAY2120-T109249.99,DELTA,24,59,30,1000,1053,no,68,50
2025-05-21T16:05:16.365743,KXBTCD-25MAY2120-T109249.99,DELTA,24,59,32,50,1054,no,70,-1000
2025-05-21T16:05:16.405170,KXBTCD-25MAY2120-T109249.99,DELTA,24,50,32,50,1055,yes,24,-9
2025-05-21T16:05:16.405627,KXBTCD-25MAY2120-T109249.99,DELTA,24,50,31,1000,1056,no,69,1000
2025-05-21T16:05:16.486241,KXBTCD-25MAY2120-T109249.99,DELTA,24,50,31,1000,1057,no,66,100
2025-05-21T16:05:16.505665,KXBTCD-25MAY2120-T109249.99,DELTA,26,100,31,1000,1058,yes,26,100
2025-05-21T16:05:16.565452,KXBTCD-25MAY2120-T109249.99,DELTA,26,100,31,1000,1059,yes,24,-50
2025-05-21T16:05:16.566221,KXBTCD-25MAY2120-T109249.99,DELTA,27,50,31,1000,1060,yes,27,50
2025-05-21T16:05:16.766167,KXBTCD-25MAY2120-T109249.99,DELTA,27,50,31,1000,1061,yes,23,-1000
2025-05-21T16:05:16.826410,KXBTCD-25MAY2120-T109249.99,DELTA,27,50,31,1000,1062,yes,23,1000
2025-05-21T16:05:16.827135,KXBTCD-25MAY2120-T109249.99,DELTA,27,50,31,1000,1063,yes,21,-2000
2025-05-21T16:05:16.865786,KXBTCD-25MAY2120-T109249.99,DELTA,27,50,31,1000,1064,yes,22,2000
2025-05-21T16:05:17.166472,KXBTCD-25MAY2120-T109249.99,DELTA,27,50,31,1000,1065,yes,22,-2000
2025-05-21T16:05:17.484457,KXBTCD-25MAY2120-T109249.99,DELTA,27,50,31,1000,1066,yes,21,2000
2025-05-21T16:05:17.545220,KXBTCD-25MAY2120-T109249.99,DELTA,27,50,31,1000,1067,yes,21,-2000
2025-05-21T16:05:17.585099,KXBTCD-25MAY2120-T109249.99,DELTA,27,50,31,1000,1068,yes,22,2000
2025-05-21T16:05:19.166453,KXBTCD-25MAY2120-T109249.99,DELTA,27,50,31,1000,1069,no,64,-250
2025-05-21T16:05:19.187903,KXBTCD-25MAY2120-T109249.99,DELTA,27,50,31,1000,1070,no,54,250
2025-05-21T16:05:19.246502,KXBTCD-25MAY2120-T109249.99,DELTA,27,50,31,1000,1071,no,65,-2000
2025-05-21T16:05:19.247188,KXBTCD-25MAY2120-T109249.99,DELTA,27,50,31,1000,1072,no,65,-1250
2025-05-21T16:05:19.285248,KXBTCD-25MAY2120-T109249.99,DELTA,27,50,31,1000,1073,no,63,1250
2025-05-21T16:05:19.285962,KXBTCD-25MAY2120-T109249.99,DELTA,27,50,31,1000,1074,no,63,2000
2025-05-21T16:05:20.906097,KXBTCD-25MAY2120-T109249.99,DELTA,27,50,31,1000,1075,yes,22,-2000
2025-05-21T16:05:20.946105,KXBTCD-25MAY2120-T109249.99,DELTA,27,50,31,1000,1076,yes,22,2000
2025-05-21T16:05:21.184858,KXBTCD-25MAY2120-T109249.99,DELTA,27,50,31,1000,1077,yes,14,-250
2025-05-21T16:05:21.205430,KXBTCD-25MAY2120-T109249.99,DELTA,27,50,31,1000,1078,yes,24,250
2025-05-21T16:05:21.285590,KXBTCD-25MAY2120-T109249.99,DELTA,27,50,31,1000,1079,yes,23,-1000
2025-05-21T16:05:21.324908,KXBTCD-25MAY2120-T109249.99,DELTA,27,50,31,1000,1080,yes,25,1000
2025-05-21T16:05:21.766731,KXBTCD-25MAY2120-T109249.99,DELTA,27,50,31,1000,1081,yes,26,-100
2025-05-21T16:05:21.787012,KXBTCD-25MAY2120-T109249.99,DELTA,25,1000,31,1000,1082,yes,27,-50
2025-05-21T16:05:21.787787,KXBTCD-25MAY2120-T109249.99,DELTA,26,50,31,1000,1083,yes,26,50
2025-05-21T16:05:22.066821,KXBTCD-25MAY2120-T109249.99,DELTA,26,50,31,1000,1084,yes,21,-1250
2025-05-21T16:05:22.165668,KXBTCD-25MAY2120-T109249.99,DELTA,26,50,31,1000,1085,yes,22,1250
2025-05-21T16:05:22.324924,KXBTCD-25MAY2120-T109249.99,DELTA,26,50,31,1000,1086,yes,23,24
2025-05-21T16:05:22.325482,KXBTCD-25MAY2120-T109249.99,DELTA,26,50,31,1000,1087,yes,21,-24
2025-05-21T16:05:22.325956,KXBTCD-25MAY2120-T109249.99,DELTA,26,50,31,1000,1088,no,62,-24
2025-05-21T16:05:22.326334,KXBTCD-25MAY2120-T109249.99,DELTA,26,50,31,1000,1089,no,60,24
2025-05-21T16:05:22.326689,KXBTCD-25MAY2120-T109249.99,DELTA,26,50,31,1000,1090,yes,22,-2000
2025-05-21T16:05:22.345874,KXBTCD-25MAY2120-T109249.99,DELTA,26,50,31,1000,1091,yes,25,-1000
2025-05-21T16:05:22.346546,KXBTCD-25MAY2120-T109249.99,DELTA,26,50,31,1000,1092,no,68,-50
2025-05-21T16:05:22.346927,KXBTCD-25MAY2120-T109249.99,DELTA,26,50,31,1000,1093,no,66,50
2025-05-21T16:05:22.445260,KXBTCD-25MAY2120-T109249.99,DELTA,26,50,31,1000,1094,yes,23,2000
2025-05-21T16:05:22.446016,KXBTCD-25MAY2120-T109249.99,DELTA,26,1050,31,1000,1095,yes,26,1000
2025-05-21T16:05:22.446363,KXBTCD-25MAY2120-T109249.99,DELTA,26,1050,31,1000,1096,no,63,-2000
