timestamp,market_ticker,type,yes_bid_price_cents,yes_bid_qty,yes_ask_price_cents,yes_ask_qty_on_no_side,sequence_num,delta_side,delta_price_cents,delta_quantity
2025-05-19T16:08:50.560884,KXBTCD-25MAY1920-T105999.99,SNAPSHOT,24,264,29,1050,1,,,
2025-05-19T16:08:50.594390,KXBTCD-25MAY1920-T105999.99,DELTA,24,264,29,1050,2,yes,23,1000
2025-05-19T16:08:50.754883,KXBTCD-25MAY1920-T105999.99,DELTA,24,264,29,1050,3,yes,4,-8100
2025-05-19T16:08:50.755527,KXBTCD-25MAY1920-T105999.99,DELTA,24,264,29,1050,4,yes,6,5400
2025-05-19T16:08:50.814286,KXBTCD-25MAY1920-T105999.99,DELTA,24,264,29,1050,5,yes,5,-20000
2025-05-19T16:08:50.854569,KXBTCD-25MAY1920-T105999.99,DELTA,24,264,29,1050,6,yes,7,20000
2025-05-19T16:08:50.894193,KXBTCD-25MAY1920-T105999.99,DELTA,24,264,29,1050,7,yes,23,-1000
2025-05-19T16:08:50.954101,KXBTCD-25MAY1920-T105999.99,DELTA,24,1264,29,1050,8,yes,24,1000
2025-05-19T16:08:51.513460,KXBTCD-25MAY1920-T105999.99,DELTA,24,264,29,1050,9,yes,24,-1000
2025-05-19T16:08:51.554060,KXBTCD-25MAY1920-T105999.99,DELTA,24,264,29,1050,10,yes,23,1000
2025-05-19T16:08:51.775150,KXBTCD-25MAY1920-T105999.99,DELTA,24,264,29,1050,11,yes,21,-2000
2025-05-19T16:08:51.814473,KXBTCD-25MAY1920-T105999.99,DELTA,24,264,29,1050,12,yes,20,2000
2025-05-19T16:08:52.094742,KXBTCD-25MAY1920-T105999.99,DELTA,25,50,29,1050,13,yes,25,50
2025-05-19T16:08:52.195835,KXBTCD-25MAY1920-T105999.99,DELTA,25,50,29,1100,14,no,71,50
2025-05-19T16:08:52.334755,KXBTCD-25MAY1920-T105999.99,DELTA,25,50,29,1100,15,yes,20,-2000
2025-05-19T16:08:52.355761,KXBTCD-25MAY1920-T105999.99,DELTA,25,50,29,1100,16,yes,23,-1000
2025-05-19T16:08:52.393740,KXBTCD-25MAY1920-T105999.99,DELTA,25,50,29,1100,17,yes,21,2000
2025-05-19T16:08:52.394022,KXBTCD-25MAY1920-T105999.99,DELTA,25,50,29,1100,18,yes,24,1000
2025-05-19T16:08:52.435300,KXBTCD-25MAY1920-T105999.99,DELTA,25,50,29,1100,19,yes,21,-2000
2025-05-19T16:08:52.435524,KXBTCD-25MAY1920-T105999.99,DELTA,25,50,29,1100,20,yes,24,-1000
2025-05-19T16:08:52.493706,KXBTCD-25MAY1920-T105999.99,DELTA,25,50,29,1100,21,yes,23,1000
2025-05-19T16:08:52.493926,KXBTCD-25MAY1920-T105999.99,DELTA,25,50,29,1100,22,yes,20,2000
2025-05-19T16:08:52.953823,KXBTCD-25MAY1920-T105999.99,DELTA,27,100,29,1100,23,yes,27,100
2025-05-19T16:08:52.954238,KXBTCD-25MAY1920-T105999.99,DELTA,27,100,29,1100,24,no,65,100
2025-05-19T16:08:54.594873,KXBTCD-25MAY1920-T105999.99,DELTA,27,100,29,1100,25,no,65,-100
2025-05-19T16:08:54.614185,KXBTCD-25MAY1920-T105999.99,DELTA,25,50,29,1100,26,yes,27,-100
2025-05-19T16:08:55.197607,KXBTCD-25MAY1920-T105999.99,DELTA,25,50,29,1100,27,yes,20,-2000
2025-05-19T16:08:55.198394,KXBTCD-25MAY1920-T105999.99,DELTA,25,50,29,1100,28,yes,23,-1000
2025-05-19T16:08:55.235430,KXBTCD-25MAY1920-T105999.99,DELTA,25,50,29,1100,29,yes,24,1000
2025-05-19T16:08:55.235979,KXBTCD-25MAY1920-T105999.99,DELTA,25,50,29,1100,30,yes,21,2000
2025-05-19T16:08:55.916247,KXBTCD-25MAY1920-T105999.99,DELTA,27,100,29,1100,31,yes,27,100
2025-05-19T16:08:55.934996,KXBTCD-25MAY1920-T105999.99,DELTA,27,100,29,1100,32,no,65,100
2025-05-19T16:08:56.314721,KXBTCD-25MAY1920-T105999.99,DELTA,27,100,29,1100,33,yes,6,-5400
2025-05-19T16:08:56.315268,KXBTCD-25MAY1920-T105999.99,DELTA,27,100,29,1100,34,yes,8,4050
2025-05-19T16:08:56.374539,KXBTCD-25MAY1920-T105999.99,DELTA,27,100,29,1100,35,yes,7,-20000
2025-05-19T16:08:56.413770,KXBTCD-25MAY1920-T105999.99,DELTA,27,100,29,1100,36,yes,9,20000
2025-05-19T16:08:56.935163,KXBTCD-25MAY1920-T105999.99,DELTA,27,100,29,1100,37,no,65,-100
2025-05-19T16:08:56.935667,KXBTCD-25MAY1920-T105999.99,DELTA,25,50,29,1100,38,yes,27,-100
2025-05-19T16:08:59.056094,KXBTCD-25MAY1920-T105999.99,DELTA,27,100,29,1100,39,yes,27,100
2025-05-19T16:08:59.074864,KXBTCD-25MAY1920-T105999.99,DELTA,27,100,29,1100,40,no,65,100
2025-05-19T16:08:59.115892,KXBTCD-25MAY1920-T105999.99,DELTA,27,100,29,1100,41,yes,25,-50
2025-05-19T16:08:59.116233,KXBTCD-25MAY1920-T105999.99,DELTA,27,150,29,1100,42,yes,27,50
2025-05-19T16:08:59.815225,KXBTCD-25MAY1920-T105999.99,DELTA,27,150,29,1100,43,no,65,-100
2025-05-19T16:08:59.816347,KXBTCD-25MAY1920-T105999.99,DELTA,27,50,29,1100,44,yes,27,-100
2025-05-19T16:09:00.354415,KXBTCD-25MAY1920-T105999.99,DELTA,27,50,29,1100,45,yes,8,-4050
2025-05-19T16:09:00.354705,KXBTCD-25MAY1920-T105999.99,DELTA,27,50,29,1100,46,yes,10,3240
2025-05-19T16:09:00.414677,KXBTCD-25MAY1920-T105999.99,DELTA,27,50,29,1100,47,yes,9,-20000
2025-05-19T16:09:00.453978,KXBTCD-25MAY1920-T105999.99,DELTA,27,50,29,1100,48,yes,11,20000
2025-05-19T16:09:01.493767,KXBTCD-25MAY1920-T105999.99,DELTA,27,50,29,1100,49,yes,10,-3240
2025-05-19T16:09:01.494248,KXBTCD-25MAY1920-T105999.99,DELTA,27,50,29,1100,50,yes,4,8100
2025-05-19T16:09:01.554937,KXBTCD-25MAY1920-T105999.99,DELTA,27,50,29,1100,51,yes,11,-20000
2025-05-19T16:09:01.594049,KXBTCD-25MAY1920-T105999.99,DELTA,27,50,29,1100,52,yes,5,20000
2025-05-19T16:09:02.595230,KXBTCD-25MAY1920-T105999.99,DELTA,27,50,29,1100,53,yes,4,-8100
2025-05-19T16:09:02.595507,KXBTCD-25MAY1920-T105999.99,DELTA,27,50,29,1100,54,yes,6,5400
2025-05-19T16:09:02.613720,KXBTCD-25MAY1920-T105999.99,DELTA,27,50,29,1100,55,no,65,100
2025-05-19T16:09:02.633951,KXBTCD-25MAY1920-T105999.99,DELTA,27,150,29,1100,56,yes,27,100
2025-05-19T16:09:02.653261,KXBTCD-25MAY1920-T105999.99,DELTA,27,150,29,1100,57,yes,5,-20000
2025-05-19T16:09:02.692911,KXBTCD-25MAY1920-T105999.99,DELTA,27,150,29,1100,58,yes,7,20000
2025-05-19T16:09:03.674627,KXBTCD-25MAY1920-T105999.99,DELTA,27,150,29,1100,59,yes,6,-5400
2025-05-19T16:09:03.675081,KXBTCD-25MAY1920-T105999.99,DELTA,27,150,29,1100,60,yes,8,4050
2025-05-19T16:09:03.734740,KXBTCD-25MAY1920-T105999.99,DELTA,27,150,29,1100,61,yes,7,-20000
2025-05-19T16:09:03.774053,KXBTCD-25MAY1920-T105999.99,DELTA,27,150,29,1100,62,yes,9,20000
2025-05-19T16:09:04.115989,KXBTCD-25MAY1920-T105999.99,DELTA,27,50,29,1100,63,yes,27,-100
2025-05-19T16:09:04.134115,KXBTCD-25MAY1920-T105999.99,DELTA,27,50,29,1100,64,no,65,-100
2025-05-19T16:09:04.774797,KXBTCD-25MAY1920-T105999.99,DELTA,27,50,29,1100,65,yes,8,-4050
2025-05-19T16:09:04.775262,KXBTCD-25MAY1920-T105999.99,DELTA,27,50,29,1100,66,yes,10,3240
2025-05-19T16:09:04.834165,KXBTCD-25MAY1920-T105999.99,DELTA,27,50,29,1100,67,yes,9,-20000
2025-05-19T16:09:04.874270,KXBTCD-25MAY1920-T105999.99,DELTA,27,50,29,1100,68,yes,11,20000
2025-05-19T16:09:05.314839,KXBTCD-25MAY1920-T105999.99,DELTA,27,50,29,1100,69,yes,23,14
2025-05-19T16:09:05.315637,KXBTCD-25MAY1920-T105999.99,DELTA,27,50,29,1100,70,yes,20,30
2025-05-19T16:09:05.316114,KXBTCD-25MAY1920-T105999.99,DELTA,27,50,29,1100,71,yes,22,-30
2025-05-19T16:09:05.316375,KXBTCD-25MAY1920-T105999.99,DELTA,27,50,29,1100,72,yes,24,-14
2025-05-19T16:09:05.317331,KXBTCD-25MAY1920-T105999.99,DELTA,27,50,29,1100,73,no,68,-30
2025-05-19T16:09:05.317644,KXBTCD-25MAY1920-T105999.99,DELTA,27,50,29,1100,74,no,68,14
2025-05-19T16:09:05.317819,KXBTCD-25MAY1920-T105999.99,DELTA,27,50,29,1100,75,no,70,30
2025-05-19T16:09:05.334023,KXBTCD-25MAY1920-T105999.99,DELTA,27,50,29,1100,76,no,66,-14
2025-05-19T16:09:05.355445,KXBTCD-25MAY1920-T105999.99,DELTA,27,50,29,1100,77,yes,21,-2000
2025-05-19T16:09:05.374372,KXBTCD-25MAY1920-T105999.99,DELTA,27,50,29,1100,78,yes,24,-1000
2025-05-19T16:09:05.375115,KXBTCD-25MAY1920-T105999.99,DELTA,27,50,29,100,79,no,71,-1000
2025-05-19T16:09:05.414426,KXBTCD-25MAY1920-T105999.99,DELTA,27,50,29,100,80,yes,20,-1250
2025-05-19T16:09:05.435486,KXBTCD-25MAY1920-T105999.99,DELTA,27,50,29,100,81,yes,23,1000
2025-05-19T16:09:05.436366,KXBTCD-25MAY1920-T105999.99,DELTA,27,50,28,1000,82,no,72,1000
2025-05-19T16:09:05.436689,KXBTCD-25MAY1920-T105999.99,DELTA,27,50,28,1000,83,yes,20,2000
2025-05-19T16:09:05.454395,KXBTCD-25MAY1920-T105999.99,DELTA,27,50,28,1000,84,yes,19,1250
2025-05-19T16:09:05.767843,KXBTCD-25MAY1920-T105999.99,DELTA,24,250,28,1000,85,yes,27,-50
2025-05-19T16:09:05.768406,KXBTCD-25MAY1920-T105999.99,DELTA,25,50,28,1000,86,yes,25,50
2025-05-19T16:09:05.815097,KXBTCD-25MAY1920-T105999.99,DELTA,25,50,28,1000,87,no,71,-50
2025-05-19T16:09:05.815811,KXBTCD-25MAY1920-T105999.99,DELTA,25,50,27,50,88,no,73,50
2025-05-19T16:09:05.937477,KXBTCD-25MAY1920-T105999.99,DELTA,25,50,27,50,89,yes,20,-2000
2025-05-19T16:09:05.954664,KXBTCD-25MAY1920-T105999.99,DELTA,25,50,27,50,90,yes,23,-1000
2025-05-19T16:09:05.955178,KXBTCD-25MAY1920-T105999.99,DELTA,25,50,27,50,91,no,72,-1000
2025-05-19T16:09:05.995135,KXBTCD-25MAY1920-T105999.99,DELTA,26,100,27,50,92,yes,26,100
2025-05-19T16:09:06.014553,KXBTCD-25MAY1920-T105999.99,DELTA,26,100,27,1050,93,no,73,1000
2025-05-19T16:09:06.015082,KXBTCD-25MAY1920-T105999.99,DELTA,26,100,27,1050,94,yes,19,2000
2025-05-19T16:09:06.015397,KXBTCD-25MAY1920-T105999.99,DELTA,26,100,27,1050,95,no,65,100
2025-05-19T16:09:06.015616,KXBTCD-25MAY1920-T105999.99,DELTA,26,100,27,1050,96,yes,22,1000
2025-05-19T16:09:06.015812,KXBTCD-25MAY1920-T105999.99,DELTA,26,100,27,1000,97,no,73,-50
2025-05-19T16:09:06.015984,KXBTCD-25MAY1920-T105999.99,DELTA,26,100,27,1000,98,no,72,50
2025-05-19T16:09:06.075992,KXBTCD-25MAY1920-T105999.99,DELTA,26,100,27,1000,99,no,72,-50
2025-05-19T16:09:06.076711,KXBTCD-25MAY1920-T105999.99,DELTA,26,100,27,1050,100,no,73,50
2025-05-19T16:09:06.077105,KXBTCD-25MAY1920-T105999.99,DELTA,26,100,27,1050,101,yes,14,250
2025-05-19T16:09:06.077400,KXBTCD-25MAY1920-T105999.99,DELTA,26,100,27,1050,102,yes,24,-250
2025-05-19T16:09:06.115952,KXBTCD-25MAY1920-T105999.99,DELTA,26,100,27,1050,103,yes,14,-250
2025-05-19T16:09:06.494112,KXBTCD-25MAY1920-T105999.99,DELTA,26,100,27,1050,104,yes,21,14
2025-05-19T16:09:06.494396,KXBTCD-25MAY1920-T105999.99,DELTA,26,100,27,1050,105,yes,20,-30
2025-05-19T16:09:06.494520,KXBTCD-25MAY1920-T105999.99,DELTA,26,100,27,1050,106,yes,23,-14
2025-05-19T16:09:06.494618,KXBTCD-25MAY1920-T105999.99,DELTA,26,100,27,1050,107,no,68,-14
2025-05-19T16:09:06.494706,KXBTCD-25MAY1920-T105999.99,DELTA,26,100,27,1050,108,no,70,-30
2025-05-19T16:09:06.494789,KXBTCD-25MAY1920-T105999.99,DELTA,26,100,27,1050,109,no,70,14
2025-05-19T16:09:06.494870,KXBTCD-25MAY1920-T105999.99,DELTA,26,100,27,1050,110,yes,19,30
2025-05-19T16:09:06.515016,KXBTCD-25MAY1920-T105999.99,DELTA,26,100,27,1050,111,no,72,30
2025-05-19T16:09:06.973682,KXBTCD-25MAY1920-T105999.99,DELTA,26,100,27,1050,112,no,65,-100
2025-05-19T16:09:07.177066,KXBTCD-25MAY1920-T105999.99,DELTA,26,100,27,1050,113,no,58,-250
2025-05-19T16:09:07.177817,KXBTCD-25MAY1920-T105999.99,DELTA,26,100,27,1050,114,yes,14,250
2025-05-19T16:09:07.178207,KXBTCD-25MAY1920-T105999.99,DELTA,26,100,27,1050,115,yes,22,-250
2025-05-19T16:09:07.178453,KXBTCD-25MAY1920-T105999.99,DELTA,26,100,27,1050,116,yes,12,250
2025-05-19T16:09:07.194897,KXBTCD-25MAY1920-T105999.99,DELTA,26,100,27,1050,117,no,68,250
2025-05-19T16:09:07.235104,KXBTCD-25MAY1920-T105999.99,DELTA,26,100,27,1050,118,yes,22,-1000
2025-05-19T16:09:07.257605,KXBTCD-25MAY1920-T105999.99,DELTA,26,100,27,1050,119,no,67,-2000
2025-05-19T16:09:07.275224,KXBTCD-25MAY1920-T105999.99,DELTA,26,100,27,1050,120,no,67,-1250
2025-05-19T16:09:07.276414,KXBTCD-25MAY1920-T105999.99,DELTA,26,100,27,1050,121,yes,21,1000
2025-05-19T16:09:07.314908,KXBTCD-25MAY1920-T105999.99,DELTA,26,100,27,1050,122,no,69,2000
2025-05-19T16:09:07.316235,KXBTCD-25MAY1920-T105999.99,DELTA,26,100,27,1050,123,no,69,1250
2025-05-19T16:09:07.903468,KXBTCD-25MAY1920-T105999.99,DELTA,26,100,27,1050,124,no,66,100
2025-05-19T16:09:07.974910,KXBTCD-25MAY1920-T105999.99,DELTA,26,100,27,1050,125,yes,22,9
2025-05-19T16:09:08.075962,KXBTCD-25MAY1920-T105999.99,DELTA,26,100,27,1050,126,yes,19,-2000
2025-05-19T16:09:08.077198,KXBTCD-25MAY1920-T105999.99,DELTA,26,100,27,50,127,no,73,-1000
2025-05-19T16:09:08.135468,KXBTCD-25MAY1920-T105999.99,DELTA,26,100,27,50,128,yes,20,2000
2025-05-19T16:09:08.136357,KXBTCD-25MAY1920-T105999.99,DELTA,26,100,27,50,129,no,72,1000
2025-05-19T16:09:08.137298,KXBTCD-25MAY1920-T105999.99,DELTA,26,100,28,1030,130,no,73,-50
2025-05-19T16:09:08.137892,KXBTCD-25MAY1920-T105999.99,DELTA,26,100,28,1080,131,no,72,50
2025-05-19T16:09:08.154061,KXBTCD-25MAY1920-T105999.99,DELTA,26,100,28,1080,132,yes,22,250
2025-05-19T16:09:08.154734,KXBTCD-25MAY1920-T105999.99,DELTA,26,100,28,1080,133,yes,12,-250
2025-05-19T16:09:08.194404,KXBTCD-25MAY1920-T105999.99,DELTA,26,100,28,1030,134,no,72,-50
2025-05-19T16:09:08.195236,KXBTCD-25MAY1920-T105999.99,DELTA,26,100,27,50,135,no,73,50
2025-05-19T16:09:08.214503,KXBTCD-25MAY1920-T105999.99,DELTA,26,100,27,50,136,yes,21,-1000
2025-05-19T16:09:08.254239,KXBTCD-25MAY1920-T105999.99,DELTA,26,100,27,50,137,yes,23,1000
2025-05-19T16:09:08.373431,KXBTCD-25MAY1920-T105999.99,DELTA,26,100,27,50,138,yes,20,-2000
2025-05-19T16:09:08.395020,KXBTCD-25MAY1920-T105999.99,DELTA,26,100,27,50,139,yes,23,-1000
2025-05-19T16:09:08.395258,KXBTCD-25MAY1920-T105999.99,DELTA,26,100,27,50,140,no,72,-1000
2025-05-19T16:09:08.454292,KXBTCD-25MAY1920-T105999.99,DELTA,26,100,27,50,141,yes,19,2000
2025-05-19T16:09:08.454883,KXBTCD-25MAY1920-T105999.99,DELTA,26,100,27,50,142,yes,22,1000
2025-05-19T16:09:08.455209,KXBTCD-25MAY1920-T105999.99,DELTA,26,100,27,1050,143,no,73,1000
2025-05-19T16:09:08.455414,KXBTCD-25MAY1920-T105999.99,DELTA,26,100,27,1000,144,no,73,-50
2025-05-19T16:09:08.455600,KXBTCD-25MAY1920-T105999.99,DELTA,26,100,27,1000,145,no,72,50
2025-05-19T16:09:08.514245,KXBTCD-25MAY1920-T105999.99,DELTA,26,100,27,1000,146,no,72,-50
2025-05-19T16:09:08.514771,KXBTCD-25MAY1920-T105999.99,DELTA,26,100,27,1050,147,no,73,50
2025-05-19T16:09:08.930322,KXBTCD-25MAY1920-T105999.99,DELTA,26,100,27,1050,148,no,15,-8000
2025-05-19T16:09:08.930916,KXBTCD-25MAY1920-T105999.99,DELTA,26,100,27,1050,149,no,16,8000
2025-05-19T16:09:08.931314,KXBTCD-25MAY1920-T105999.99,DELTA,26,100,27,1050,150,no,66,-100
2025-05-19T16:09:09.013604,KXBTCD-25MAY1920-T105999.99,DELTA,25,50,27,1050,151,yes,26,-100
2025-05-19T16:09:09.496593,KXBTCD-25MAY1920-T105999.99,DELTA,25,50,27,1050,152,yes,19,-2000
2025-05-19T16:09:09.497575,KXBTCD-25MAY1920-T105999.99,DELTA,25,50,27,1050,153,yes,22,-1000
2025-05-19T16:09:09.516584,KXBTCD-25MAY1920-T105999.99,DELTA,25,50,27,50,154,no,73,-1000
2025-05-19T16:09:09.555141,KXBTCD-25MAY1920-T105999.99,DELTA,25,50,27,50,155,yes,20,2000
2025-05-19T16:09:09.555853,KXBTCD-25MAY1920-T105999.99,DELTA,25,50,27,50,156,yes,23,1000
2025-05-19T16:09:09.556303,KXBTCD-25MAY1920-T105999.99,DELTA,25,50,27,50,157,no,72,1000
2025-05-19T16:09:09.575416,KXBTCD-25MAY1920-T105999.99,DELTA,25,50,28,1030,158,no,73,-50
2025-05-19T16:09:09.575937,KXBTCD-25MAY1920-T105999.99,DELTA,25,50,28,1080,159,no,72,50
2025-05-19T16:09:09.956208,KXBTCD-25MAY1920-T105999.99,DELTA,25,50,28,1080,160,yes,10,-3240
2025-05-19T16:09:09.957029,KXBTCD-25MAY1920-T105999.99,DELTA,25,50,28,1080,161,yes,4,8100
2025-05-19T16:09:09.996995,KXBTCD-25MAY1920-T105999.99,DELTA,25,50,28,1080,162,no,16,-2025
2025-05-19T16:09:09.997741,KXBTCD-25MAY1920-T105999.99,DELTA,25,50,28,1080,163,no,17,1905
2025-05-19T16:09:10.017415,KXBTCD-25MAY1920-T105999.99,DELTA,25,50,28,1080,164,yes,11,-20000
2025-05-19T16:09:10.034790,KXBTCD-25MAY1920-T105999.99,DELTA,25,50,28,1080,165,yes,5,20000
2025-05-19T16:09:10.055450,KXBTCD-25MAY1920-T105999.99,DELTA,25,50,28,1080,166,yes,22,-9
2025-05-19T16:09:10.316347,KXBTCD-25MAY1920-T105999.99,DELTA,25,50,28,1080,167,yes,20,-2000
2025-05-19T16:09:10.336100,KXBTCD-25MAY1920-T105999.99,DELTA,25,50,28,1080,168,yes,23,-1000
2025-05-19T16:09:10.336581,KXBTCD-25MAY1920-T105999.99,DELTA,25,50,28,80,169,no,72,-1000
2025-05-19T16:09:10.378354,KXBTCD-25MAY1920-T105999.99,DELTA,25,50,28,80,170,yes,22,1000
2025-05-19T16:09:10.381038,KXBTCD-25MAY1920-T105999.99,DELTA,25,50,28,80,171,yes,19,2000
2025-05-19T16:09:10.395322,KXBTCD-25MAY1920-T105999.99,DELTA,25,50,27,1000,172,no,73,1000
2025-05-19T16:09:10.420452,KXBTCD-25MAY1920-T105999.99,DELTA,25,50,27,1000,173,no,67,100
2025-05-19T16:09:10.437794,KXBTCD-25MAY1920-T105999.99,DELTA,25,150,27,1000,174,yes,25,100
2025-05-19T16:09:11.170858,KXBTCD-25MAY1920-T105999.99,DELTA,25,50,27,1000,175,yes,25,-100
2025-05-19T16:09:11.181188,KXBTCD-25MAY1920-T105999.99,DELTA,25,50,27,1000,176,no,67,-100
2025-05-19T16:09:12.855428,KXBTCD-25MAY1920-T105999.99,DELTA,25,50,27,1000,177,yes,19,-2000
2025-05-19T16:09:12.875842,KXBTCD-25MAY1920-T105999.99,DELTA,25,50,27,1000,178,yes,22,-1000
2025-05-19T16:09:12.876591,KXBTCD-25MAY1920-T105999.99,DELTA,25,50,28,80,179,no,73,-1000
2025-05-19T16:09:12.915598,KXBTCD-25MAY1920-T105999.99,DELTA,25,50,28,1080,180,no,72,1000
2025-05-19T16:09:12.916173,KXBTCD-25MAY1920-T105999.99,DELTA,25,50,28,1080,181,yes,23,1000
2025-05-19T16:09:12.916637,KXBTCD-25MAY1920-T105999.99,DELTA,25,50,28,1080,182,yes,20,2000
2025-05-19T16:09:12.916955,KXBTCD-25MAY1920-T105999.99,DELTA,25,50,28,1080,183,yes,12,250
2025-05-19T16:09:12.934489,KXBTCD-25MAY1920-T105999.99,DELTA,25,50,28,1080,184,yes,22,-250
2025-05-19T16:09:12.993400,KXBTCD-25MAY1920-T105999.99,DELTA,25,50,28,1080,185,yes,23,-1000
2025-05-19T16:09:13.035181,KXBTCD-25MAY1920-T105999.99,DELTA,25,50,28,1030,186,no,72,-50
2025-05-19T16:09:13.035795,KXBTCD-25MAY1920-T105999.99,DELTA,25,50,27,50,187,no,73,50
2025-05-19T16:09:13.036251,KXBTCD-25MAY1920-T105999.99,DELTA,25,50,27,50,188,yes,21,1000
2025-05-19T16:09:13.073883,KXBTCD-25MAY1920-T105999.99,DELTA,25,50,27,50,189,yes,4,-8100
2025-05-19T16:09:13.074466,KXBTCD-25MAY1920-T105999.99,DELTA,25,50,27,50,190,yes,6,5400
2025-05-19T16:09:13.099838,KXBTCD-25MAY1920-T105999.99,DELTA,25,50,27,50,191,yes,22,250
2025-05-19T16:09:13.100184,KXBTCD-25MAY1920-T105999.99,DELTA,25,50,27,50,192,yes,12,-250
2025-05-19T16:09:13.134093,KXBTCD-25MAY1920-T105999.99,DELTA,25,50,27,50,193,yes,5,-20000
2025-05-19T16:09:13.174308,KXBTCD-25MAY1920-T105999.99,DELTA,25,50,27,50,194,yes,21,-1000
2025-05-19T16:09:13.193523,KXBTCD-25MAY1920-T105999.99,DELTA,25,50,27,50,195,yes,7,20000
2025-05-19T16:09:13.214050,KXBTCD-25MAY1920-T105999.99,DELTA,25,50,27,50,196,yes,23,1000
2025-05-19T16:09:13.374260,KXBTCD-25MAY1920-T105999.99,DELTA,25,50,27,50,197,no,69,-1250
2025-05-19T16:09:13.435073,KXBTCD-25MAY1920-T105999.99,DELTA,25,50,27,50,198,no,68,1250
2025-05-19T16:09:13.955121,KXBTCD-25MAY1920-T105999.99,DELTA,25,50,27,50,199,yes,12,250
2025-05-19T16:09:13.956001,KXBTCD-25MAY1920-T105999.99,DELTA,25,50,27,50,200,yes,22,-250
2025-05-19T16:09:13.975874,KXBTCD-25MAY1920-T105999.99,DELTA,25,50,27,50,201,yes,20,-2000
2025-05-19T16:09:13.976534,KXBTCD-25MAY1920-T105999.99,DELTA,25,50,27,50,202,yes,23,-1000
2025-05-19T16:09:13.994526,KXBTCD-25MAY1920-T105999.99,DELTA,25,50,27,50,203,no,72,-1000
2025-05-19T16:09:13.994927,KXBTCD-25MAY1920-T105999.99,DELTA,25,50,27,50,204,no,68,-1250
2025-05-19T16:09:14.035369,KXBTCD-25MAY1920-T105999.99,DELTA,25,50,27,1050,205,no,73,1000
2025-05-19T16:09:14.054154,KXBTCD-25MAY1920-T105999.99,DELTA,25,50,27,1050,206,yes,21,1000
2025-05-19T16:09:14.054687,KXBTCD-25MAY1920-T105999.99,DELTA,25,50,27,1050,207,yes,19,2000
2025-05-19T16:09:14.055098,KXBTCD-25MAY1920-T105999.99,DELTA,25,50,27,1050,208,no,69,1250
2025-05-19T16:09:14.055480,KXBTCD-25MAY1920-T105999.99,DELTA,25,50,27,1000,209,no,73,-50
2025-05-19T16:09:14.055830,KXBTCD-25MAY1920-T105999.99,DELTA,25,50,27,1000,210,no,72,50
2025-05-19T16:09:14.115915,KXBTCD-25MAY1920-T105999.99,DELTA,25,50,27,1000,211,no,72,-50
2025-05-19T16:09:14.116589,KXBTCD-25MAY1920-T105999.99,DELTA,25,50,27,1050,212,no,73,50
2025-05-19T16:09:14.175577,KXBTCD-25MAY1920-T105999.99,DELTA,25,50,27,1050,213,yes,6,-5400
2025-05-19T16:09:14.176200,KXBTCD-25MAY1920-T105999.99,DELTA,25,50,27,1050,214,yes,8,4050
2025-05-19T16:09:14.194919,KXBTCD-25MAY1920-T105999.99,DELTA,25,50,27,1050,215,no,67,100
2025-05-19T16:09:14.215406,KXBTCD-25MAY1920-T105999.99,DELTA,25,150,27,1050,216,yes,25,100
2025-05-19T16:09:14.234766,KXBTCD-25MAY1920-T105999.99,DELTA,25,150,27,1050,217,yes,7,-20000
2025-05-19T16:09:14.275200,KXBTCD-25MAY1920-T105999.99,DELTA,25,150,27,1050,218,yes,9,20000
2025-05-19T16:09:15.313740,KXBTCD-25MAY1920-T105999.99,DELTA,25,150,27,1050,219,yes,8,-4050
2025-05-19T16:09:15.314197,KXBTCD-25MAY1920-T105999.99,DELTA,25,150,27,1050,220,yes,9,3600
2025-05-19T16:09:15.375286,KXBTCD-25MAY1920-T105999.99,DELTA,25,150,27,1050,221,yes,9,-20000
2025-05-19T16:09:15.414158,KXBTCD-25MAY1920-T105999.99,DELTA,25,150,27,1050,222,yes,10,20000
2025-05-19T16:09:15.554662,KXBTCD-25MAY1920-T105999.99,DELTA,25,50,27,1050,223,yes,25,-100
2025-05-19T16:09:15.555368,KXBTCD-25MAY1920-T105999.99,DELTA,25,50,27,1050,224,no,67,-100
2025-05-19T16:09:16.373635,KXBTCD-25MAY1920-T105999.99,DELTA,25,50,27,1050,225,yes,9,-3600
2025-05-19T16:09:16.373829,KXBTCD-25MAY1920-T105999.99,DELTA,25,50,27,1050,226,yes,4,8100
2025-05-19T16:09:16.434601,KXBTCD-25MAY1920-T105999.99,DELTA,25,50,27,1050,227,yes,10,-20000
2025-05-19T16:09:16.475009,KXBTCD-25MAY1920-T105999.99,DELTA,25,50,27,1050,228,yes,5,20000
2025-05-19T16:09:17.014259,KXBTCD-25MAY1920-T105999.99,DELTA,25,50,27,1050,229,no,67,100
2025-05-19T16:09:17.034619,KXBTCD-25MAY1920-T105999.99,DELTA,25,150,27,1050,230,yes,25,100
2025-05-19T16:09:17.795072,KXBTCD-25MAY1920-T105999.99,DELTA,25,150,27,1050,231,yes,19,-2000
2025-05-19T16:09:17.795858,KXBTCD-25MAY1920-T105999.99,DELTA,25,150,27,50,232,no,73,-1000
2025-05-19T16:09:17.814850,KXBTCD-25MAY1920-T105999.99,DELTA,25,150,27,50,233,no,69,-1250
2025-05-19T16:09:17.855347,KXBTCD-25MAY1920-T105999.99,DELTA,25,150,28,30,234,no,73,-50
2025-05-19T16:09:17.855974,KXBTCD-25MAY1920-T105999.99,DELTA,25,150,28,80,235,no,72,50
2025-05-19T16:09:17.856428,KXBTCD-25MAY1920-T105999.99,DELTA,25,150,28,1080,236,no,72,1000
2025-05-19T16:09:17.856691,KXBTCD-25MAY1920-T105999.99,DELTA,25,150,28,1080,237,yes,20,2000
2025-05-19T16:09:17.874979,KXBTCD-25MAY1920-T105999.99,DELTA,25,150,28,1080,238,no,68,1250
2025-05-19T16:09:17.916450,KXBTCD-25MAY1920-T105999.99,DELTA,25,150,28,1080,239,no,68,-1250
2025-05-19T16:09:17.975092,KXBTCD-25MAY1920-T105999.99,DELTA,25,150,28,1080,240,no,69,1250
2025-05-19T16:09:18.155824,KXBTCD-25MAY1920-T105999.99,DELTA,25,150,28,1080,241,yes,22,250
2025-05-19T16:09:18.175049,KXBTCD-25MAY1920-T105999.99,DELTA,25,150,28,1080,242,yes,12,-250
2025-05-19T16:09:18.215648,KXBTCD-25MAY1920-T105999.99,DELTA,25,150,28,1080,243,yes,21,-1000
2025-05-19T16:09:18.255894,KXBTCD-25MAY1920-T105999.99,DELTA,25,150,28,1080,244,yes,23,1000
2025-05-19T16:09:19.914698,KXBTCD-25MAY1920-T105999.99,DELTA,25,50,28,1080,245,yes,25,-100
2025-05-19T16:09:19.915461,KXBTCD-25MAY1920-T105999.99,DELTA,25,50,28,1080,246,no,67,-100
2025-05-19T16:09:20.015081,KXBTCD-25MAY1920-T105999.99,DELTA,25,50,28,1030,247,no,72,-50
2025-05-19T16:09:20.015916,KXBTCD-25MAY1920-T105999.99,DELTA,25,50,27,50,248,no,73,50
2025-05-19T16:09:21.455340,KXBTCD-25MAY1920-T105999.99,DELTA,25,50,27,50,249,yes,4,-8100
2025-05-19T16:09:21.456288,KXBTCD-25MAY1920-T105999.99,DELTA,25,50,27,50,250,yes,6,5400
2025-05-19T16:09:21.514454,KXBTCD-25MAY1920-T105999.99,DELTA,25,50,27,50,251,yes,5,-20000
2025-05-19T16:09:21.575072,KXBTCD-25MAY1920-T105999.99,DELTA,25,50,27,50,252,yes,7,20000
2025-05-19T16:09:21.675157,KXBTCD-25MAY1920-T105999.99,DELTA,26,100,27,50,253,yes,26,100
2025-05-19T16:09:21.694850,KXBTCD-25MAY1920-T105999.99,DELTA,26,100,27,50,254,no,66,100
2025-05-19T16:09:22.135554,KXBTCD-25MAY1920-T105999.99,DELTA,26,100,27,50,255,no,66,-100
2025-05-19T16:09:22.153912,KXBTCD-25MAY1920-T105999.99,DELTA,25,50,27,50,256,yes,26,-100
2025-05-19T16:09:24.075120,KXBTCD-25MAY1920-T105999.99,DELTA,25,50,27,50,257,no,17,-1905
2025-05-19T16:09:24.615075,KXBTCD-25MAY1920-T105999.99,DELTA,25,50,27,50,258,yes,6,-5400
2025-05-19T16:09:24.615419,KXBTCD-25MAY1920-T105999.99,DELTA,25,50,27,50,259,yes,8,4050
2025-05-19T16:09:24.674266,KXBTCD-25MAY1920-T105999.99,DELTA,25,50,27,50,260,yes,7,-20000
2025-05-19T16:09:24.715503,KXBTCD-25MAY1920-T105999.99,DELTA,25,50,27,50,261,yes,9,20000
2025-05-19T16:09:25.035569,KXBTCD-25MAY1920-T105999.99,DELTA,26,100,27,50,262,yes,26,100
2025-05-19T16:09:25.055817,KXBTCD-25MAY1920-T105999.99,DELTA,26,100,27,50,263,no,66,100
2025-05-19T16:09:25.115361,KXBTCD-25MAY1920-T105999.99,DELTA,26,100,27,50,264,yes,20,-2000
2025-05-19T16:09:25.115898,KXBTCD-25MAY1920-T105999.99,DELTA,26,100,27,50,265,yes,23,-1000
2025-05-19T16:09:25.135836,KXBTCD-25MAY1920-T105999.99,DELTA,26,100,27,50,266,no,72,-1000
2025-05-19T16:09:25.195614,KXBTCD-25MAY1920-T105999.99,DELTA,26,100,27,50,267,yes,19,2000
2025-05-19T16:09:25.196154,KXBTCD-25MAY1920-T105999.99,DELTA,26,100,27,1050,268,no,73,1000
2025-05-19T16:09:25.196575,KXBTCD-25MAY1920-T105999.99,DELTA,26,100,27,1050,269,yes,22,1000
2025-05-19T16:09:25.234174,KXBTCD-25MAY1920-T105999.99,DELTA,26,100,27,1000,270,no,73,-50
2025-05-19T16:09:25.234707,KXBTCD-25MAY1920-T105999.99,DELTA,26,100,27,1000,271,no,72,50
2025-05-19T16:09:25.294883,KXBTCD-25MAY1920-T105999.99,DELTA,26,100,27,1000,272,no,72,-50
2025-05-19T16:09:25.295479,KXBTCD-25MAY1920-T105999.99,DELTA,26,100,27,1050,273,no,73,50
2025-05-19T16:09:25.715469,KXBTCD-25MAY1920-T105999.99,DELTA,26,100,27,1050,274,yes,8,-4050
2025-05-19T16:09:25.716094,KXBTCD-25MAY1920-T105999.99,DELTA,26,100,27,1050,275,yes,9,3600
2025-05-19T16:09:25.774819,KXBTCD-25MAY1920-T105999.99,DELTA,26,100,27,1050,276,yes,9,-20000
2025-05-19T16:09:25.775627,KXBTCD-25MAY1920-T105999.99,DELTA,26,100,27,1050,277,no,17,1905
2025-05-19T16:09:25.813976,KXBTCD-25MAY1920-T105999.99,DELTA,26,100,27,1050,278,yes,10,20000
2025-05-19T16:09:26.594985,KXBTCD-25MAY1920-T105999.99,DELTA,26,100,27,1050,279,no,66,-100
2025-05-19T16:09:26.595494,KXBTCD-25MAY1920-T105999.99,DELTA,25,50,27,1050,280,yes,26,-100
2025-05-19T16:09:26.654013,KXBTCD-25MAY1920-T105999.99,DELTA,25,50,27,1000,281,no,73,-50
2025-05-19T16:09:26.654395,KXBTCD-25MAY1920-T105999.99,DELTA,25,50,26,50,282,no,74,50
2025-05-19T16:09:26.916037,KXBTCD-25MAY1920-T105999.99,DELTA,25,50,26,50,283,yes,9,-3600
2025-05-19T16:09:26.916805,KXBTCD-25MAY1920-T105999.99,DELTA,25,50,26,50,284,yes,4,8100
2025-05-19T16:09:26.975564,KXBTCD-25MAY1920-T105999.99,DELTA,25,50,26,50,285,yes,10,-20000
2025-05-19T16:09:27.015949,KXBTCD-25MAY1920-T105999.99,DELTA,25,50,26,50,286,yes,12,250
2025-05-19T16:09:27.034379,KXBTCD-25MAY1920-T105999.99,DELTA,25,50,26,50,287,yes,5,20000
2025-05-19T16:09:27.034548,KXBTCD-25MAY1920-T105999.99,DELTA,25,50,26,50,288,yes,22,-250
2025-05-19T16:09:27.094431,KXBTCD-25MAY1920-T105999.99,DELTA,25,50,26,50,289,yes,22,-1000
2025-05-19T16:09:27.135170,KXBTCD-25MAY1920-T105999.99,DELTA,25,50,26,50,290,yes,21,1000
2025-05-19T16:09:28.054568,KXBTCD-25MAY1920-T105999.99,DELTA,25,50,26,50,291,yes,4,-8100
2025-05-19T16:09:28.055689,KXBTCD-25MAY1920-T105999.99,DELTA,25,50,26,50,292,yes,6,5400
2025-05-19T16:09:28.075723,KXBTCD-25MAY1920-T105999.99,DELTA,25,150,26,50,293,yes,25,100
2025-05-19T16:09:28.076314,KXBTCD-25MAY1920-T105999.99,DELTA,25,150,26,50,294,no,67,100
2025-05-19T16:09:28.117344,KXBTCD-25MAY1920-T105999.99,DELTA,25,150,26,50,295,yes,5,-20000
2025-05-19T16:09:28.155605,KXBTCD-25MAY1920-T105999.99,DELTA,25,150,26,50,296,yes,7,20000
2025-05-19T16:09:29.055097,KXBTCD-25MAY1920-T105999.99,DELTA,25,150,26,50,297,no,67,-100
2025-05-19T16:09:29.055788,KXBTCD-25MAY1920-T105999.99,DELTA,25,50,26,50,298,yes,25,-100
2025-05-19T16:09:29.276154,KXBTCD-25MAY1920-T105999.99,DELTA,25,50,26,50,299,yes,6,-5400
2025-05-19T16:09:29.276883,KXBTCD-25MAY1920-T105999.99,DELTA,25,50,26,50,300,yes,8,4050
2025-05-19T16:09:29.334774,KXBTCD-25MAY1920-T105999.99,DELTA,25,50,26,50,301,yes,7,-20000
2025-05-19T16:09:29.335382,KXBTCD-25MAY1920-T105999.99,DELTA,21,1014,26,50,302,yes,25,-50
2025-05-19T16:09:29.335867,KXBTCD-25MAY1920-T105999.99,DELTA,24,50,26,50,303,yes,24,50
2025-05-19T16:09:29.375230,KXBTCD-25MAY1920-T105999.99,DELTA,24,50,26,50,304,yes,9,20000
2025-05-19T16:09:31.955188,KXBTCD-25MAY1920-T105999.99,DELTA,25,100,26,50,305,yes,25,100
2025-05-19T16:09:31.955663,KXBTCD-25MAY1920-T105999.99,DELTA,25,100,26,50,306,no,67,100
2025-05-19T16:09:33.454910,KXBTCD-25MAY1920-T105999.99,DELTA,25,100,26,50,307,no,67,-100
2025-05-19T16:09:33.455414,KXBTCD-25MAY1920-T105999.99,DELTA,24,50,26,50,308,yes,25,-100
2025-05-19T16:09:34.884387,KXBTCD-25MAY1920-T105999.99,DELTA,25,100,26,50,309,yes,25,100
2025-05-19T16:09:34.901596,KXBTCD-25MAY1920-T105999.99,DELTA,25,100,26,50,310,no,67,100
2025-05-19T16:09:34.924947,KXBTCD-25MAY1920-T105999.99,DELTA,25,100,26,50,311,yes,8,-4050
2025-05-19T16:09:34.925549,KXBTCD-25MAY1920-T105999.99,DELTA,25,100,26,50,312,yes,9,3600
2025-05-19T16:09:35.006888,KXBTCD-25MAY1920-T105999.99,DELTA,25,100,26,50,313,yes,9,-20000
2025-05-19T16:09:35.043194,KXBTCD-25MAY1920-T105999.99,DELTA,25,100,26,50,314,yes,10,20000
2025-05-19T16:09:36.016829,KXBTCD-25MAY1920-T105999.99,DELTA,25,100,26,50,315,no,67,-100
2025-05-19T16:09:36.035274,KXBTCD-25MAY1920-T105999.99,DELTA,24,50,26,50,316,yes,25,-100
2025-05-19T16:09:37.962384,KXBTCD-25MAY1920-T105999.99,DELTA,24,50,26,50,317,yes,9,-3600
2025-05-19T16:09:37.963193,KXBTCD-25MAY1920-T105999.99,DELTA,24,50,26,50,318,yes,4,8100
2025-05-19T16:09:38.015584,KXBTCD-25MAY1920-T105999.99,DELTA,24,50,26,50,319,yes,10,-20000
2025-05-19T16:09:38.078950,KXBTCD-25MAY1920-T105999.99,DELTA,24,50,26,50,320,yes,5,20000
2025-05-19T16:09:39.075957,KXBTCD-25MAY1920-T105999.99,DELTA,24,50,26,50,321,yes,4,-8100
2025-05-19T16:09:39.076715,KXBTCD-25MAY1920-T105999.99,DELTA,24,50,26,50,322,yes,6,5400
2025-05-19T16:09:39.156434,KXBTCD-25MAY1920-T105999.99,DELTA,24,50,26,50,323,yes,5,-20000
2025-05-19T16:09:39.157313,KXBTCD-25MAY1920-T105999.99,DELTA,24,50,26,50,324,yes,22,250
2025-05-19T16:09:39.157892,KXBTCD-25MAY1920-T105999.99,DELTA,24,50,26,50,325,yes,12,-250
2025-05-19T16:09:39.215055,KXBTCD-25MAY1920-T105999.99,DELTA,25,100,26,50,326,yes,25,100
2025-05-19T16:09:39.234522,KXBTCD-25MAY1920-T105999.99,DELTA,25,100,26,50,327,no,67,100
2025-05-19T16:09:39.235077,KXBTCD-25MAY1920-T105999.99,DELTA,25,100,26,50,328,yes,7,20000
2025-05-19T16:09:39.294562,KXBTCD-25MAY1920-T105999.99,DELTA,25,100,26,50,329,yes,21,-1000
2025-05-19T16:09:39.355453,KXBTCD-25MAY1920-T105999.99,DELTA,25,100,26,50,330,yes,22,1000
2025-05-19T16:09:40.214516,KXBTCD-25MAY1920-T105999.99,DELTA,25,100,26,50,331,yes,6,-5400
2025-05-19T16:09:40.215271,KXBTCD-25MAY1920-T105999.99,DELTA,25,100,26,50,332,yes,8,4050
2025-05-19T16:09:40.296069,KXBTCD-25MAY1920-T105999.99,DELTA,25,100,26,50,333,yes,7,-20000
2025-05-19T16:09:40.334867,KXBTCD-25MAY1920-T105999.99,DELTA,25,100,26,50,334,yes,9,20000
2025-05-19T16:09:40.594407,KXBTCD-25MAY1920-T105999.99,DELTA,25,100,26,50,335,no,67,-100
2025-05-19T16:09:40.594935,KXBTCD-25MAY1920-T105999.99,DELTA,24,50,26,50,336,yes,25,-100
2025-05-19T16:09:40.995349,KXBTCD-25MAY1920-T105999.99,DELTA,24,50,26,50,337,yes,19,-2000
2025-05-19T16:09:40.995904,KXBTCD-25MAY1920-T105999.99,DELTA,24,50,26,50,338,yes,22,-1000
2025-05-19T16:09:41.015685,KXBTCD-25MAY1920-T105999.99,DELTA,24,50,26,50,339,no,73,-1000
2025-05-19T16:09:41.075234,KXBTCD-25MAY1920-T105999.99,DELTA,24,50,26,50,340,yes,20,2000
2025-05-19T16:09:41.096495,KXBTCD-25MAY1920-T105999.99,DELTA,24,50,28,30,341,no,74,-50
2025-05-19T16:09:41.097237,KXBTCD-25MAY1920-T105999.99,DELTA,24,50,28,80,342,no,72,50
2025-05-19T16:09:41.097803,KXBTCD-25MAY1920-T105999.99,DELTA,24,50,28,80,343,yes,23,1000
2025-05-19T16:09:41.098288,KXBTCD-25MAY1920-T105999.99,DELTA,24,50,28,1080,344,no,72,1000
2025-05-19T16:09:41.098554,KXBTCD-25MAY1920-T105999.99,DELTA,24,50,28,1080,345,yes,12,250
2025-05-19T16:09:41.116417,KXBTCD-25MAY1920-T105999.99,DELTA,24,50,28,1080,346,yes,22,-250
2025-05-19T16:09:41.154542,KXBTCD-25MAY1920-T105999.99,DELTA,24,50,28,1030,347,no,72,-50
2025-05-19T16:09:41.154939,KXBTCD-25MAY1920-T105999.99,DELTA,24,50,27,50,348,no,73,50
2025-05-19T16:09:41.174474,KXBTCD-25MAY1920-T105999.99,DELTA,24,50,27,50,349,yes,12,-250
2025-05-19T16:09:41.174653,KXBTCD-25MAY1920-T105999.99,DELTA,24,50,27,50,350,yes,23,-1000
2025-05-19T16:09:41.295131,KXBTCD-25MAY1920-T105999.99,DELTA,24,50,27,50,351,yes,21,1000
2025-05-19T16:09:41.334481,KXBTCD-25MAY1920-T105999.99,DELTA,24,50,27,50,352,yes,8,-4050
2025-05-19T16:09:41.334643,KXBTCD-25MAY1920-T105999.99,DELTA,24,50,27,50,353,yes,9,3600
2025-05-19T16:09:41.393764,KXBTCD-25MAY1920-T105999.99,DELTA,24,50,27,50,354,yes,9,-20000
2025-05-19T16:09:41.474330,KXBTCD-25MAY1920-T105999.99,DELTA,24,50,27,50,355,yes,10,20000
2025-05-19T16:09:41.799899,KXBTCD-25MAY1920-T105999.99,DELTA,24,50,27,50,356,yes,19,-1250
2025-05-19T16:09:41.800857,KXBTCD-25MAY1920-T105999.99,DELTA,24,50,27,50,357,no,69,-1250
2025-05-19T16:09:41.814182,KXBTCD-25MAY1920-T105999.99,DELTA,24,50,27,50,358,no,68,1250
2025-05-19T16:09:41.814560,KXBTCD-25MAY1920-T105999.99,DELTA,24,50,27,50,359,yes,20,1250
2025-05-19T16:09:41.814968,KXBTCD-25MAY1920-T105999.99,DELTA,21,1014,27,50,360,yes,24,-50
2025-05-19T16:09:41.815159,KXBTCD-25MAY1920-T105999.99,DELTA,25,50,27,50,361,yes,25,50
2025-05-19T16:09:41.974474,KXBTCD-25MAY1920-T105999.99,DELTA,25,50,28,1030,362,no,73,-50
2025-05-19T16:09:41.975226,KXBTCD-25MAY1920-T105999.99,DELTA,27,50,28,1030,363,yes,27,50
2025-05-19T16:09:41.995176,KXBTCD-25MAY1920-T105999.99,DELTA,27,50,28,1030,364,no,65,100
2025-05-19T16:09:42.034407,KXBTCD-25MAY1920-T105999.99,DELTA,27,50,28,1030,365,yes,25,-50
2025-05-19T16:09:42.261826,KXBTCD-25MAY1920-T105999.99,DELTA,27,50,28,1064,366,no,72,34
2025-05-19T16:09:42.262273,KXBTCD-25MAY1920-T105999.99,DELTA,27,50,28,1064,367,yes,25,50
2025-05-19T16:09:42.302664,KXBTCD-25MAY1920-T105999.99,DELTA,27,50,28,1064,368,yes,25,-50
2025-05-19T16:09:42.317090,KXBTCD-25MAY1920-T105999.99,DELTA,27,50,28,1030,369,no,72,-34
2025-05-19T16:09:42.365036,KXBTCD-25MAY1920-T105999.99,DELTA,27,50,28,1030,370,yes,22,9
2025-05-19T16:09:42.502166,KXBTCD-25MAY1920-T105999.99,DELTA,27,50,28,1030,371,yes,9,-3600
2025-05-19T16:09:42.503169,KXBTCD-25MAY1920-T105999.99,DELTA,27,50,28,1030,372,yes,4,8100
2025-05-19T16:09:42.555295,KXBTCD-25MAY1920-T105999.99,DELTA,27,50,28,1030,373,yes,10,-20000
2025-05-19T16:09:42.602319,KXBTCD-25MAY1920-T105999.99,DELTA,27,50,28,1030,374,no,65,-100
2025-05-19T16:09:42.602779,KXBTCD-25MAY1920-T105999.99,DELTA,27,50,28,1030,375,yes,5,20000
2025-05-19T16:09:42.635076,KXBTCD-25MAY1920-T105999.99,DELTA,22,9,28,1030,376,yes,27,-50
2025-05-19T16:09:43.095387,KXBTCD-25MAY1920-T105999.99,DELTA,22,9,28,1030,377,yes,20,-2000
2025-05-19T16:09:43.095998,KXBTCD-25MAY1920-T105999.99,DELTA,22,9,28,1030,378,no,69,-2000
2025-05-19T16:09:43.115479,KXBTCD-25MAY1920-T105999.99,DELTA,22,9,28,30,379,no,72,-1000
2025-05-19T16:09:43.155751,KXBTCD-25MAY1920-T105999.99,DELTA,22,9,28,30,380,no,68,2000
2025-05-19T16:09:43.156053,KXBTCD-25MAY1920-T105999.99,DELTA,22,9,28,30,381,yes,21,2000
2025-05-19T16:09:43.156277,KXBTCD-25MAY1920-T105999.99,DELTA,22,9,28,30,382,no,71,1000
2025-05-19T16:09:43.334552,KXBTCD-25MAY1920-T105999.99,DELTA,22,59,28,30,383,yes,22,50
2025-05-19T16:09:43.354288,KXBTCD-25MAY1920-T105999.99,DELTA,22,59,28,64,384,no,72,34
2025-05-19T16:09:43.375154,KXBTCD-25MAY1920-T105999.99,DELTA,22,9,28,64,385,yes,22,-50
2025-05-19T16:09:43.394228,KXBTCD-25MAY1920-T105999.99,DELTA,22,9,28,30,386,no,72,-34
2025-05-19T16:09:43.394426,KXBTCD-25MAY1920-T105999.99,DELTA,22,9,28,30,387,yes,21,-1000
2025-05-19T16:09:43.434115,KXBTCD-25MAY1920-T105999.99,DELTA,23,1000,28,30,388,yes,23,1000
2025-05-19T16:09:43.473943,KXBTCD-25MAY1920-T105999.99,DELTA,22,9,28,30,389,yes,23,-1000
2025-05-19T16:09:43.535962,KXBTCD-25MAY1920-T105999.99,DELTA,22,9,28,30,390,yes,21,1000
2025-05-19T16:09:44.175776,KXBTCD-25MAY1920-T105999.99,DELTA,22,9,28,30,391,no,58,250
2025-05-19T16:09:44.176532,KXBTCD-25MAY1920-T105999.99,DELTA,22,9,28,30,392,no,68,-250
2025-05-19T16:09:44.274047,KXBTCD-25MAY1920-T105999.99,DELTA,22,9,28,30,393,no,68,-2000
2025-05-19T16:09:44.293760,KXBTCD-25MAY1920-T105999.99,DELTA,22,9,28,30,394,no,68,-1250
2025-05-19T16:09:44.354380,KXBTCD-25MAY1920-T105999.99,DELTA,22,9,28,30,395,no,67,2000
2025-05-19T16:09:44.354875,KXBTCD-25MAY1920-T105999.99,DELTA,22,9,28,30,396,no,67,1250
2025-05-19T16:09:44.374200,KXBTCD-25MAY1920-T105999.99,DELTA,21,3014,28,30,397,yes,22,-9
2025-05-19T16:09:44.414015,KXBTCD-25MAY1920-T105999.99,DELTA,25,100,28,30,398,yes,25,100
2025-05-19T16:09:44.414557,KXBTCD-25MAY1920-T105999.99,DELTA,25,100,28,30,399,no,67,100
2025-05-19T16:09:44.434291,KXBTCD-25MAY1920-T105999.99,DELTA,25,100,28,30,400,yes,22,50
2025-05-19T16:09:44.434694,KXBTCD-25MAY1920-T105999.99,DELTA,25,100,28,64,401,no,72,34
2025-05-19T16:09:44.473984,KXBTCD-25MAY1920-T105999.99,DELTA,25,100,28,64,402,yes,22,-50
2025-05-19T16:09:44.474522,KXBTCD-25MAY1920-T105999.99,DELTA,25,100,28,30,403,no,72,-34
2025-05-19T16:09:44.555062,KXBTCD-25MAY1920-T105999.99,DELTA,25,100,28,30,404,yes,21,-1000
2025-05-19T16:09:44.593958,KXBTCD-25MAY1920-T105999.99,DELTA,25,100,28,30,405,yes,21,1000
2025-05-19T16:09:44.734800,KXBTCD-25MAY1920-T105999.99,DELTA,25,100,28,30,406,no,67,-100
2025-05-19T16:09:44.834982,KXBTCD-25MAY1920-T105999.99,DELTA,21,3014,28,30,407,yes,25,-100
2025-05-19T16:09:45.516925,KXBTCD-25MAY1920-T105999.99,DELTA,22,50,28,30,408,yes,22,50
2025-05-19T16:09:45.517769,KXBTCD-25MAY1920-T105999.99,DELTA,22,50,28,64,409,no,72,34
2025-05-19T16:09:45.555261,KXBTCD-25MAY1920-T105999.99,DELTA,22,50,28,30,410,no,72,-34
2025-05-19T16:09:45.575233,KXBTCD-25MAY1920-T105999.99,DELTA,21,3014,28,30,411,yes,22,-50
2025-05-19T16:09:45.575915,KXBTCD-25MAY1920-T105999.99,DELTA,21,2014,28,30,412,yes,21,-1000
2025-05-19T16:09:45.615860,KXBTCD-25MAY1920-T105999.99,DELTA,21,14,28,30,413,yes,21,-2000
2025-05-19T16:09:45.634535,KXBTCD-25MAY1920-T105999.99,DELTA,21,14,28,30,414,no,71,-1000
2025-05-19T16:09:45.635120,KXBTCD-25MAY1920-T105999.99,DELTA,21,1014,28,30,415,yes,21,1000
2025-05-19T16:09:45.718552,KXBTCD-25MAY1920-T105999.99,DELTA,21,1014,28,1030,416,no,72,1000
2025-05-19T16:09:45.719185,KXBTCD-25MAY1920-T105999.99,DELTA,21,1014,28,1030,417,yes,20,2000
2025-05-19T16:09:46.214239,KXBTCD-25MAY1920-T105999.99,DELTA,21,1014,28,1030,418,yes,20,-2000
2025-05-19T16:09:46.234130,KXBTCD-25MAY1920-T105999.99,DELTA,21,1014,28,30,419,no,72,-1000
2025-05-19T16:09:46.315237,KXBTCD-25MAY1920-T105999.99,DELTA,21,1014,28,30,420,no,71,1000
2025-05-19T16:09:46.315443,KXBTCD-25MAY1920-T105999.99,DELTA,21,3014,28,30,421,yes,21,2000
2025-05-19T16:09:46.517036,KXBTCD-25MAY1920-T105999.99,DELTA,21,3014,28,30,422,yes,4,-8100
2025-05-19T16:09:46.517279,KXBTCD-25MAY1920-T105999.99,DELTA,21,3014,28,30,423,yes,6,5400
2025-05-19T16:09:46.575127,KXBTCD-25MAY1920-T105999.99,DELTA,21,3014,28,30,424,yes,5,-20000
2025-05-19T16:09:46.615318,KXBTCD-25MAY1920-T105999.99,DELTA,21,3014,28,30,425,yes,7,20000
2025-05-19T16:09:48.375736,KXBTCD-25MAY1920-T105999.99,DELTA,26,100,28,30,426,yes,26,100
2025-05-19T16:09:48.376121,KXBTCD-25MAY1920-T105999.99,DELTA,26,100,28,30,427,no,66,100
2025-05-19T16:09:48.494677,KXBTCD-25MAY1920-T105999.99,DELTA,26,100,28,30,428,yes,22,9
2025-05-19T16:09:48.594198,KXBTCD-25MAY1920-T105999.99,DELTA,26,100,28,64,429,no,72,34
2025-05-19T16:09:48.617230,KXBTCD-25MAY1920-T105999.99,DELTA,26,150,28,64,430,yes,26,50
2025-05-19T16:09:48.694738,KXBTCD-25MAY1920-T105999.99,DELTA,26,150,28,30,431,no,72,-34
2025-05-19T16:09:48.695358,KXBTCD-25MAY1920-T105999.99,DELTA,26,100,28,30,432,yes,26,-50
2025-05-19T16:09:48.915999,KXBTCD-25MAY1920-T105999.99,DELTA,26,100,28,30,433,yes,19,-30
2025-05-19T16:09:48.916704,KXBTCD-25MAY1920-T105999.99,DELTA,26,100,28,30,434,yes,23,14
2025-05-19T16:09:48.917108,KXBTCD-25MAY1920-T105999.99,DELTA,26,100,28,30,435,yes,21,-14
2025-05-19T16:09:48.917425,KXBTCD-25MAY1920-T105999.99,DELTA,26,100,28,30,436,yes,20,30
2025-05-19T16:09:49.015505,KXBTCD-25MAY1920-T105999.99,DELTA,26,100,28,30,437,no,70,-14
2025-05-19T16:09:49.016497,KXBTCD-25MAY1920-T105999.99,DELTA,26,100,29,1050,438,no,72,-30
2025-05-19T16:09:49.017154,KXBTCD-25MAY1920-T105999.99,DELTA,26,100,29,1050,439,no,68,14
2025-05-19T16:09:49.095388,KXBTCD-25MAY1920-T105999.99,DELTA,26,100,29,1050,440,no,70,30
2025-05-19T16:09:49.396090,KXBTCD-25MAY1920-T105999.99,DELTA,26,100,29,1050,441,no,56,250
2025-05-19T16:09:49.495878,KXBTCD-25MAY1920-T105999.99,DELTA,26,100,29,1050,442,yes,20,-1250
2025-05-19T16:09:49.496815,KXBTCD-25MAY1920-T105999.99,DELTA,26,100,29,1050,443,no,66,-250
2025-05-19T16:09:49.497484,KXBTCD-25MAY1920-T105999.99,DELTA,26,100,29,50,444,no,71,-1000
2025-05-19T16:09:49.514811,KXBTCD-25MAY1920-T105999.99,DELTA,26,100,29,50,445,no,67,-1250
2025-05-19T16:09:49.596231,KXBTCD-25MAY1920-T105999.99,DELTA,26,100,29,50,446,no,67,-2000
2025-05-19T16:09:49.716823,KXBTCD-25MAY1920-T105999.99,DELTA,26,100,29,50,447,no,70,1000
2025-05-19T16:09:49.717691,KXBTCD-25MAY1920-T105999.99,DELTA,26,100,29,50,448,no,65,2000
2025-05-19T16:09:49.718256,KXBTCD-25MAY1920-T105999.99,DELTA,26,100,29,50,449,yes,21,1250
2025-05-19T16:09:49.718726,KXBTCD-25MAY1920-T105999.99,DELTA,26,100,29,50,450,no,65,1250
2025-05-19T16:09:49.816200,KXBTCD-25MAY1920-T105999.99,DELTA,26,100,29,84,451,no,71,34
2025-05-19T16:09:49.816991,KXBTCD-25MAY1920-T105999.99,DELTA,27,50,29,84,452,yes,27,50
2025-05-19T16:09:50.117671,KXBTCD-25MAY1920-T105999.99,DELTA,26,100,29,84,453,yes,27,-50
2025-05-19T16:09:50.117936,KXBTCD-25MAY1920-T105999.99,DELTA,26,100,29,50,454,no,71,-34
2025-05-19T16:09:50.294926,KXBTCD-25MAY1920-T105999.99,DELTA,26,100,29,50,455,yes,24,250
2025-05-19T16:09:50.295166,KXBTCD-25MAY1920-T105999.99,DELTA,26,100,29,50,456,yes,14,-250
2025-05-19T16:09:50.394362,KXBTCD-25MAY1920-T105999.99,DELTA,26,100,29,50,457,no,66,-100
2025-05-19T16:09:50.394495,KXBTCD-25MAY1920-T105999.99,DELTA,26,100,29,50,458,yes,22,250
2025-05-19T16:09:50.493887,KXBTCD-25MAY1920-T105999.99,DELTA,26,100,29,50,459,yes,21,-1000
2025-05-19T16:09:50.494513,KXBTCD-25MAY1920-T105999.99,DELTA,24,250,29,50,460,yes,26,-100
2025-05-19T16:09:50.595820,KXBTCD-25MAY1920-T105999.99,DELTA,24,250,29,50,461,no,70,-1000
2025-05-19T16:09:50.596695,KXBTCD-25MAY1920-T105999.99,DELTA,24,250,29,50,462,yes,22,-9
2025-05-19T16:09:50.694664,KXBTCD-25MAY1920-T105999.99,DELTA,24,1250,29,50,463,yes,24,1000
2025-05-19T16:09:50.714714,KXBTCD-25MAY1920-T105999.99,DELTA,24,1250,29,50,464,no,70,1000
2025-05-19T16:09:51.194449,KXBTCD-25MAY1920-T105999.99,DELTA,26,250,29,50,465,yes,26,250
2025-05-19T16:09:51.194690,KXBTCD-25MAY1920-T105999.99,DELTA,26,250,29,50,466,yes,16,-250
2025-05-19T16:09:51.294129,KXBTCD-25MAY1920-T105999.99,DELTA,26,250,29,50,467,no,70,-1000
2025-05-19T16:09:51.425176,KXBTCD-25MAY1920-T105999.99,DELTA,27,50,29,50,468,yes,27,50
2025-05-19T16:09:51.425669,KXBTCD-25MAY1920-T105999.99,DELTA,27,50,29,50,469,no,70,34
2025-05-19T16:09:51.731454,KXBTCD-25MAY1920-T105999.99,DELTA,27,50,29,1050,470,no,71,1000
2025-05-19T16:09:51.732225,KXBTCD-25MAY1920-T105999.99,DELTA,27,50,29,1050,471,no,70,-34
2025-05-19T16:09:51.732661,KXBTCD-25MAY1920-T105999.99,DELTA,26,250,29,1050,472,yes,27,-50
2025-05-19T16:09:51.732949,KXBTCD-25MAY1920-T105999.99,DELTA,26,250,29,1050,473,yes,6,-5400
2025-05-19T16:09:51.733254,KXBTCD-25MAY1920-T105999.99,DELTA,26,250,29,1050,474,yes,8,4050
2025-05-19T16:09:51.996178,KXBTCD-25MAY1920-T105999.99,DELTA,26,250,29,1050,475,yes,7,-20000
2025-05-19T16:09:52.094975,KXBTCD-25MAY1920-T105999.99,DELTA,26,250,29,1050,476,yes,9,20000
2025-05-19T16:09:52.516424,KXBTCD-25MAY1920-T105999.99,DELTA,27,100,29,1050,477,yes,27,100
2025-05-19T16:09:52.534066,KXBTCD-25MAY1920-T105999.99,DELTA,27,100,29,1050,478,no,65,100
2025-05-19T16:09:52.756130,KXBTCD-25MAY1920-T105999.99,DELTA,27,150,29,1050,479,yes,27,50
2025-05-19T16:09:52.756837,KXBTCD-25MAY1920-T105999.99,DELTA,27,150,29,1084,480,no,71,34
2025-05-19T16:09:52.816460,KXBTCD-25MAY1920-T105999.99,DELTA,27,100,29,1084,481,yes,27,-50
2025-05-19T16:09:52.817347,KXBTCD-25MAY1920-T105999.99,DELTA,27,100,29,1050,482,no,71,-34
2025-05-19T16:09:52.936006,KXBTCD-25MAY1920-T105999.99,DELTA,27,100,29,1050,483,yes,24,14
2025-05-19T16:09:52.936874,KXBTCD-25MAY1920-T105999.99,DELTA,27,100,29,1050,484,yes,23,-14
2025-05-19T16:09:52.937422,KXBTCD-25MAY1920-T105999.99,DELTA,27,100,29,1050,485,yes,22,30
2025-05-19T16:09:52.937879,KXBTCD-25MAY1920-T105999.99,DELTA,27,100,29,1050,486,yes,20,-30
2025-05-19T16:09:52.938305,KXBTCD-25MAY1920-T105999.99,DELTA,27,100,29,1050,487,no,70,-30
2025-05-19T16:09:52.938707,KXBTCD-25MAY1920-T105999.99,DELTA,27,100,29,1050,488,no,67,14
2025-05-19T16:09:52.938952,KXBTCD-25MAY1920-T105999.99,DELTA,27,100,29,1050,489,no,68,-14
2025-05-19T16:09:52.939163,KXBTCD-25MAY1920-T105999.99,DELTA,27,100,29,1050,490,no,69,30
2025-05-19T16:09:52.995959,KXBTCD-25MAY1920-T105999.99,DELTA,27,100,29,1050,491,yes,8,-4050
2025-05-19T16:09:52.996728,KXBTCD-25MAY1920-T105999.99,DELTA,27,100,29,1050,492,yes,4,8100
2025-05-19T16:09:53.055011,KXBTCD-25MAY1920-T105999.99,DELTA,27,100,29,1050,493,yes,9,-20000
2025-05-19T16:09:53.114749,KXBTCD-25MAY1920-T105999.99,DELTA,27,100,29,1050,494,yes,5,20000
2025-05-19T16:09:53.395150,KXBTCD-25MAY1920-T105999.99,DELTA,27,100,29,50,495,no,71,-1000
2025-05-19T16:09:53.414375,KXBTCD-25MAY1920-T105999.99,DELTA,27,100,29,50,496,yes,21,-2000
2025-05-19T16:09:53.434476,KXBTCD-25MAY1920-T105999.99,DELTA,27,100,29,50,497,no,70,1000
2025-05-19T16:09:53.454655,KXBTCD-25MAY1920-T105999.99,DELTA,27,100,29,50,498,yes,22,2000
2025-05-19T16:09:53.794849,KXBTCD-25MAY1920-T105999.99,DELTA,27,100,29,50,499,yes,24,-1000
2025-05-19T16:09:53.834185,KXBTCD-25MAY1920-T105999.99,DELTA,27,100,29,50,500,yes,25,1000
2025-05-19T16:09:53.856772,KXBTCD-25MAY1920-T105999.99,DELTA,28,50,29,50,501,yes,28,50
2025-05-19T16:09:53.857196,KXBTCD-25MAY1920-T105999.99,DELTA,28,50,29,50,502,no,70,34
2025-05-19T16:09:53.895960,KXBTCD-25MAY1920-T105999.99,DELTA,28,50,29,50,503,no,70,-34
2025-05-19T16:09:53.915861,KXBTCD-25MAY1920-T105999.99,DELTA,27,100,29,50,504,yes,28,-50
2025-05-19T16:09:53.975734,KXBTCD-25MAY1920-T105999.99,DELTA,27,100,29,50,505,no,65,-100
2025-05-19T16:09:53.995025,KXBTCD-25MAY1920-T105999.99,DELTA,26,250,29,50,506,yes,27,-100
2025-05-19T16:09:53.995600,KXBTCD-25MAY1920-T105999.99,DELTA,26,250,29,50,507,yes,4,-8100
2025-05-19T16:09:53.996084,KXBTCD-25MAY1920-T105999.99,DELTA,26,250,29,50,508,yes,6,5400
2025-05-19T16:09:54.035810,KXBTCD-25MAY1920-T105999.99,DELTA,26,250,29,50,509,yes,25,-1000
2025-05-19T16:09:54.076169,KXBTCD-25MAY1920-T105999.99,DELTA,26,250,29,50,510,yes,5,-20000
2025-05-19T16:09:54.076880,KXBTCD-25MAY1920-T105999.99,DELTA,26,250,29,50,511,yes,24,1000
2025-05-19T16:09:54.095013,KXBTCD-25MAY1920-T105999.99,DELTA,24,1264,29,50,512,yes,26,-250
2025-05-19T16:09:54.135096,KXBTCD-25MAY1920-T105999.99,DELTA,24,1264,29,50,513,yes,16,250
2025-05-19T16:09:54.135672,KXBTCD-25MAY1920-T105999.99,DELTA,24,1264,29,50,514,yes,7,20000
2025-05-19T16:09:54.155852,KXBTCD-25MAY1920-T105999.99,DELTA,26,250,29,50,515,yes,26,250
2025-05-19T16:09:54.215813,KXBTCD-25MAY1920-T105999.99,DELTA,26,250,29,50,516,yes,16,-250
2025-05-19T16:09:54.936830,KXBTCD-25MAY1920-T105999.99,DELTA,26,250,29,50,517,no,70,34
2025-05-19T16:09:54.957037,KXBTCD-25MAY1920-T105999.99,DELTA,27,50,29,50,518,yes,27,50
2025-05-19T16:09:54.975268,KXBTCD-25MAY1920-T105999.99,DELTA,27,50,29,50,519,no,70,-34
2025-05-19T16:09:54.995090,KXBTCD-25MAY1920-T105999.99,DELTA,26,250,29,50,520,yes,27,-50
2025-05-19T16:09:55.075613,KXBTCD-25MAY1920-T105999.99,DELTA,26,250,29,50,521,yes,6,-5400
2025-05-19T16:09:55.076237,KXBTCD-25MAY1920-T105999.99,DELTA,26,250,29,50,522,yes,8,4050
2025-05-19T16:09:55.136363,KXBTCD-25MAY1920-T105999.99,DELTA,26,250,29,50,523,yes,7,-20000
2025-05-19T16:09:55.175808,KXBTCD-25MAY1920-T105999.99,DELTA,26,250,29,50,524,yes,9,20000
2025-05-19T16:09:55.234776,KXBTCD-25MAY1920-T105999.99,DELTA,26,250,29,50,525,yes,24,-1000
2025-05-19T16:09:55.276678,KXBTCD-25MAY1920-T105999.99,DELTA,26,250,29,50,526,yes,25,1000
2025-05-19T16:09:55.376696,KXBTCD-25MAY1920-T105999.99,DELTA,27,100,29,50,527,yes,27,100
2025-05-19T16:09:56.032667,KXBTCD-25MAY1920-T105999.99,DELTA,27,100,29,50,528,no,70,34
2025-05-19T16:09:56.037618,KXBTCD-25MAY1920-T105999.99,DELTA,28,50,29,50,529,yes,28,50
2025-05-19T16:09:56.075989,KXBTCD-25MAY1920-T105999.99,DELTA,28,50,29,50,530,yes,8,-4050
2025-05-19T16:09:56.076808,KXBTCD-25MAY1920-T105999.99,DELTA,28,50,29,50,531,yes,4,8100
2025-05-19T16:09:56.115004,KXBTCD-25MAY1920-T105999.99,DELTA,28,50,29,50,532,no,65,100
2025-05-19T16:09:56.135805,KXBTCD-25MAY1920-T105999.99,DELTA,28,50,29,50,533,yes,9,-20000
2025-05-19T16:09:56.178358,KXBTCD-25MAY1920-T105999.99,DELTA,28,50,29,50,534,yes,5,20000
2025-05-19T16:09:56.277476,KXBTCD-25MAY1920-T105999.99,DELTA,28,50,29,50,535,yes,27,-100
2025-05-19T16:09:56.654115,KXBTCD-25MAY1920-T105999.99,DELTA,28,50,29,50,536,no,65,-100
2025-05-19T16:09:58.334523,KXBTCD-25MAY1920-T105999.99,DELTA,28,50,29,50,537,yes,27,100
2025-05-19T16:09:59.995065,KXBTCD-25MAY1920-T105999.99,DELTA,28,50,29,50,538,yes,4,-8100
2025-05-19T16:09:59.995584,KXBTCD-25MAY1920-T105999.99,DELTA,28,50,29,50,539,yes,6,5400
2025-05-19T16:10:00.054687,KXBTCD-25MAY1920-T105999.99,DELTA,28,50,29,50,540,no,65,100
2025-05-19T16:10:00.076645,KXBTCD-25MAY1920-T105999.99,DELTA,28,50,29,50,541,yes,5,-20000
2025-05-19T16:10:00.115308,KXBTCD-25MAY1920-T105999.99,DELTA,28,50,29,50,542,yes,7,20000
2025-05-19T16:10:01.194862,KXBTCD-25MAY1920-T105999.99,DELTA,28,50,29,50,543,no,65,-100
2025-05-19T16:10:01.253762,KXBTCD-25MAY1920-T105999.99,DELTA,28,50,29,50,544,yes,27,-100
2025-05-19T16:10:02.743925,KXBTCD-25MAY1920-T105999.99,DELTA,28,50,29,50,545,yes,27,100
2025-05-19T16:10:03.097425,KXBTCD-25MAY1920-T105999.99,DELTA,28,50,29,50,546,yes,6,-5400
2025-05-19T16:10:03.097749,KXBTCD-25MAY1920-T105999.99,DELTA,28,50,29,50,547,yes,8,3645
2025-05-19T16:10:03.160672,KXBTCD-25MAY1920-T105999.99,DELTA,28,50,29,50,548,no,17,-190
2025-05-19T16:10:03.263975,KXBTCD-25MAY1920-T105999.99,DELTA,28,50,29,50,549,yes,7,-20000
2025-05-19T16:10:03.332015,KXBTCD-25MAY1920-T105999.99,DELTA,28,50,29,50,550,yes,9,20000
2025-05-19T16:10:03.428304,KXBTCD-25MAY1920-T105999.99,DELTA,28,50,29,50,551,yes,27,-100
2025-05-19T16:10:04.020746,KXBTCD-25MAY1920-T105999.99,DELTA,28,50,29,50,552,no,65,100
2025-05-19T16:10:04.220365,KXBTCD-25MAY1920-T105999.99,DELTA,28,50,29,50,553,yes,8,-3645
2025-05-19T16:10:04.220594,KXBTCD-25MAY1920-T105999.99,DELTA,28,50,29,50,554,yes,9,3240
2025-05-19T16:10:04.377120,KXBTCD-25MAY1920-T105999.99,DELTA,28,50,29,50,555,yes,9,-20000
2025-05-19T16:10:04.437335,KXBTCD-25MAY1920-T105999.99,DELTA,28,50,29,50,556,yes,10,20000
2025-05-19T16:10:04.474110,KXBTCD-25MAY1920-T105999.99,DELTA,28,50,29,50,557,yes,26,-250
2025-05-19T16:10:04.474367,KXBTCD-25MAY1920-T105999.99,DELTA,28,50,29,50,558,yes,16,250
2025-05-19T16:10:04.495003,KXBTCD-25MAY1920-T105999.99,DELTA,28,50,29,50,559,yes,22,-2000
2025-05-19T16:10:04.495214,KXBTCD-25MAY1920-T105999.99,DELTA,28,50,29,50,560,yes,25,-1000
2025-05-19T16:10:04.514793,KXBTCD-25MAY1920-T105999.99,DELTA,28,50,29,50,561,yes,21,-1250
2025-05-19T16:10:04.553855,KXBTCD-25MAY1920-T105999.99,DELTA,28,50,29,50,562,yes,21,2000
2025-05-19T16:10:04.694169,KXBTCD-25MAY1920-T105999.99,DELTA,28,50,29,50,563,yes,24,1000
2025-05-19T16:10:04.714129,KXBTCD-25MAY1920-T105999.99,DELTA,24,1264,29,50,564,yes,28,-50
2025-05-19T16:10:04.714333,KXBTCD-25MAY1920-T105999.99,DELTA,26,50,29,50,565,yes,26,50
2025-05-19T16:10:04.734617,KXBTCD-25MAY1920-T105999.99,DELTA,26,50,29,50,566,no,70,-1000
2025-05-19T16:10:04.795508,KXBTCD-25MAY1920-T105999.99,DELTA,26,50,29,50,567,no,70,-34
2025-05-19T16:10:04.795937,KXBTCD-25MAY1920-T105999.99,DELTA,26,50,28,34,568,no,72,34
2025-05-19T16:10:05.174641,KXBTCD-25MAY1920-T105999.99,DELTA,26,50,28,34,569,yes,9,-3240
2025-05-19T16:10:05.175093,KXBTCD-25MAY1920-T105999.99,DELTA,26,50,28,34,570,yes,4,7290
2025-05-19T16:10:05.175181,KXBTCD-25MAY1920-T105999.99,DELTA,26,50,28,34,571,no,71,1000
2025-05-19T16:10:05.354094,KXBTCD-25MAY1920-T105999.99,DELTA,26,50,28,34,572,yes,10,-20000
2025-05-19T16:10:05.556712,KXBTCD-25MAY1920-T105999.99,DELTA,26,50,28,34,573,no,65,-100
2025-05-19T16:10:05.556936,KXBTCD-25MAY1920-T105999.99,DELTA,26,50,28,34,574,yes,20,1250
2025-05-19T16:10:06.114371,KXBTCD-25MAY1920-T105999.99,DELTA,26,150,28,34,575,yes,26,100
2025-05-19T16:10:06.355081,KXBTCD-25MAY1920-T105999.99,DELTA,26,150,28,34,576,yes,5,20000
2025-05-19T16:10:07.054724,KXBTCD-25MAY1920-T105999.99,DELTA,26,150,28,34,577,yes,4,-7290
2025-05-19T16:10:07.054956,KXBTCD-25MAY1920-T105999.99,DELTA,26,150,28,34,578,yes,6,4860
2025-05-19T16:10:07.075008,KXBTCD-25MAY1920-T105999.99,DELTA,26,150,28,34,579,no,66,100
2025-05-19T16:10:07.154400,KXBTCD-25MAY1920-T105999.99,DELTA,26,150,28,34,580,yes,5,-20000
2025-05-19T16:10:07.215320,KXBTCD-25MAY1920-T105999.99,DELTA,26,150,28,34,581,yes,7,20000
2025-05-19T16:10:07.707233,KXBTCD-25MAY1920-T105999.99,DELTA,26,150,28,34,582,no,66,-100
2025-05-19T16:10:07.707908,KXBTCD-25MAY1920-T105999.99,DELTA,26,50,28,34,583,yes,26,-100
2025-05-19T16:10:07.915154,KXBTCD-25MAY1920-T105999.99,DELTA,26,50,28,34,584,yes,20,-1250
2025-05-19T16:10:07.981653,KXBTCD-25MAY1920-T105999.99,DELTA,26,50,28,34,585,yes,21,1250
2025-05-19T16:10:08.275998,KXBTCD-25MAY1920-T105999.99,DELTA,24,1264,28,34,586,yes,26,-50
2025-05-19T16:10:08.276429,KXBTCD-25MAY1920-T105999.99,DELTA,27,50,28,34,587,yes,27,50
2025-05-19T16:10:08.276595,KXBTCD-25MAY1920-T105999.99,DELTA,27,50,29,1050,588,no,72,-34
2025-05-19T16:10:08.276725,KXBTCD-25MAY1920-T105999.99,DELTA,27,50,29,1084,589,no,71,34
2025-05-19T16:10:08.355128,KXBTCD-25MAY1920-T105999.99,DELTA,27,50,29,1084,590,yes,21,-2000
2025-05-19T16:10:08.355502,KXBTCD-25MAY1920-T105999.99,DELTA,27,50,29,1084,591,yes,24,-1000
2025-05-19T16:10:08.414974,KXBTCD-25MAY1920-T105999.99,DELTA,27,50,29,1084,592,yes,22,2000
2025-05-19T16:10:08.415146,KXBTCD-25MAY1920-T105999.99,DELTA,27,50,29,1084,593,yes,25,1000
2025-05-19T16:10:08.832443,KXBTCD-25MAY1920-T105999.99,DELTA,27,50,29,84,594,no,71,-1000
2025-05-19T16:10:08.833220,KXBTCD-25MAY1920-T105999.99,DELTA,27,50,29,84,595,no,70,1000
2025-05-19T16:10:09.035896,KXBTCD-25MAY1920-T105999.99,DELTA,27,50,29,84,596,yes,26,100
2025-05-19T16:10:09.215577,KXBTCD-25MAY1920-T105999.99,DELTA,27,50,29,84,597,yes,26,250
2025-05-19T16:10:09.216245,KXBTCD-25MAY1920-T105999.99,DELTA,27,50,29,84,598,yes,16,-250
2025-05-19T16:10:09.695099,KXBTCD-25MAY1920-T105999.99,DELTA,27,50,29,84,599,yes,22,-2000
2025-05-19T16:10:09.714911,KXBTCD-25MAY1920-T105999.99,DELTA,27,50,29,84,600,yes,25,-1000
2025-05-19T16:10:09.777632,KXBTCD-25MAY1920-T105999.99,DELTA,27,50,29,84,601,yes,21,2000
2025-05-19T16:10:09.778314,KXBTCD-25MAY1920-T105999.99,DELTA,27,50,29,84,602,yes,24,1000
2025-05-19T16:10:09.778641,KXBTCD-25MAY1920-T105999.99,DELTA,27,50,29,84,603,yes,26,-100
2025-05-19T16:10:10.295629,KXBTCD-25MAY1920-T105999.99,DELTA,27,50,29,84,604,yes,21,-2000
2025-05-19T16:10:10.296235,KXBTCD-25MAY1920-T105999.99,DELTA,27,50,29,84,605,yes,24,-1000
2025-05-19T16:10:10.354624,KXBTCD-25MAY1920-T105999.99,DELTA,27,50,29,84,606,yes,22,2000
2025-05-19T16:10:10.354977,KXBTCD-25MAY1920-T105999.99,DELTA,27,50,29,50,607,no,71,-34
2025-05-19T16:10:10.355138,KXBTCD-25MAY1920-T105999.99,DELTA,27,50,29,50,608,no,70,34
2025-05-19T16:10:10.482090,KXBTCD-25MAY1920-T105999.99,DELTA,27,50,29,50,609,yes,25,1000
2025-05-19T16:10:11.234225,KXBTCD-25MAY1920-T105999.99,DELTA,27,50,29,50,610,no,64,100
2025-05-19T16:10:11.254339,KXBTCD-25MAY1920-T105999.99,DELTA,28,100,29,50,611,yes,28,100
2025-05-19T16:10:11.274302,KXBTCD-25MAY1920-T105999.99,DELTA,28,100,29,50,612,yes,24,-14
2025-05-19T16:10:11.274932,KXBTCD-25MAY1920-T105999.99,DELTA,28,100,29,50,613,yes,26,14
2025-05-19T16:10:11.275031,KXBTCD-25MAY1920-T105999.99,DELTA,28,100,29,50,614,no,67,-14
2025-05-19T16:10:11.275108,KXBTCD-25MAY1920-T105999.99,DELTA,28,100,29,50,615,no,65,14
2025-05-19T16:10:11.374858,KXBTCD-25MAY1920-T105999.99,DELTA,28,100,29,50,616,yes,21,-1250
2025-05-19T16:10:11.414288,KXBTCD-25MAY1920-T105999.99,DELTA,28,100,29,50,617,yes,24,30
2025-05-19T16:10:11.414447,KXBTCD-25MAY1920-T105999.99,DELTA,28,100,29,50,618,yes,22,-30
2025-05-19T16:10:11.437929,KXBTCD-25MAY1920-T105999.99,DELTA,28,100,29,50,619,yes,22,1250
2025-05-19T16:10:11.438100,KXBTCD-25MAY1920-T105999.99,DELTA,28,100,29,50,620,no,67,30
2025-05-19T16:10:11.438234,KXBTCD-25MAY1920-T105999.99,DELTA,28,100,29,50,621,no,69,-30
2025-05-19T16:10:11.801877,KXBTCD-25MAY1920-T105999.99,DELTA,28,100,29,50,622,yes,22,-1250
2025-05-19T16:10:11.802501,KXBTCD-25MAY1920-T105999.99,DELTA,28,100,29,50,623,yes,21,1250
2025-05-19T16:10:12.475283,KXBTCD-25MAY1920-T105999.99,DELTA,28,100,29,50,624,yes,6,-4860
2025-05-19T16:10:12.476154,KXBTCD-25MAY1920-T105999.99,DELTA,28,100,29,50,625,yes,8,3645
2025-05-19T16:10:12.928556,KXBTCD-25MAY1920-T105999.99,DELTA,28,100,29,50,626,yes,7,-20000
2025-05-19T16:10:12.929532,KXBTCD-25MAY1920-T105999.99,DELTA,28,100,29,50,627,yes,9,20000
2025-05-19T16:10:14.156339,KXBTCD-25MAY1920-T105999.99,DELTA,28,100,29,50,628,yes,21,-1250
2025-05-19T16:10:14.194311,KXBTCD-25MAY1920-T105999.99,DELTA,28,100,29,50,629,yes,22,1250
2025-05-19T16:10:14.215956,KXBTCD-25MAY1920-T105999.99,DELTA,28,100,29,50,630,yes,27,-50
2025-05-19T16:10:14.216734,KXBTCD-25MAY1920-T105999.99,DELTA,28,150,29,50,631,yes,28,50
2025-05-19T16:10:14.356131,KXBTCD-25MAY1920-T105999.99,DELTA,28,150,29,50,632,no,70,-1000
2025-05-19T16:10:14.395088,KXBTCD-25MAY1920-T105999.99,DELTA,28,150,29,50,633,no,68,1000
2025-05-19T16:10:16.195500,KXBTCD-25MAY1920-T105999.99,DELTA,28,150,29,50,634,no,68,-1000
2025-05-19T16:10:16.255181,KXBTCD-25MAY1920-T105999.99,DELTA,28,150,29,50,635,no,70,1000
2025-05-19T16:10:16.274366,KXBTCD-25MAY1920-T105999.99,DELTA,28,50,29,50,636,yes,28,-100
2025-05-19T16:10:16.294813,KXBTCD-25MAY1920-T105999.99,DELTA,28,50,29,50,637,no,64,-100
2025-05-19T16:10:16.315129,KXBTCD-25MAY1920-T105999.99,DELTA,28,50,29,50,638,no,66,9
2025-05-19T16:10:16.355394,KXBTCD-25MAY1920-T105999.99,DELTA,28,50,29,50,639,yes,8,-3645
2025-05-19T16:10:16.355588,KXBTCD-25MAY1920-T105999.99,DELTA,28,50,29,50,640,yes,4,7290
2025-05-19T16:10:16.414634,KXBTCD-25MAY1920-T105999.99,DELTA,28,50,29,50,641,yes,9,-20000
2025-05-19T16:10:16.455976,KXBTCD-25MAY1920-T105999.99,DELTA,28,50,29,50,642,yes,5,20000
2025-05-19T16:10:17.354798,KXBTCD-25MAY1920-T105999.99,DELTA,28,50,29,50,643,yes,4,-7290
2025-05-19T16:10:17.355290,KXBTCD-25MAY1920-T105999.99,DELTA,28,50,29,50,644,yes,6,4860
2025-05-19T16:10:17.435990,KXBTCD-25MAY1920-T105999.99,DELTA,28,50,29,50,645,yes,5,-20000
2025-05-19T16:10:17.475017,KXBTCD-25MAY1920-T105999.99,DELTA,28,50,29,50,646,yes,7,20000
2025-05-19T16:10:18.048907,KXBTCD-25MAY1920-T105999.99,DELTA,28,150,29,50,647,yes,28,100
2025-05-19T16:10:18.049854,KXBTCD-25MAY1920-T105999.99,DELTA,28,150,29,50,648,no,64,100
2025-05-19T16:10:18.334815,KXBTCD-25MAY1920-T105999.99,DELTA,28,150,29,50,649,yes,6,-4860
2025-05-19T16:10:18.335186,KXBTCD-25MAY1920-T105999.99,DELTA,28,150,29,50,650,yes,8,3645
2025-05-19T16:10:18.494867,KXBTCD-25MAY1920-T105999.99,DELTA,28,150,29,50,651,no,66,-9
2025-05-19T16:10:18.656860,KXBTCD-25MAY1920-T105999.99,DELTA,28,150,29,50,652,yes,7,-20000
2025-05-19T16:10:18.695659,KXBTCD-25MAY1920-T105999.99,DELTA,28,150,29,50,653,no,64,-100
2025-05-19T16:10:18.696316,KXBTCD-25MAY1920-T105999.99,DELTA,28,50,29,50,654,yes,28,-100
2025-05-19T16:10:18.714699,KXBTCD-25MAY1920-T105999.99,DELTA,28,50,29,50,655,yes,9,20000
2025-05-19T16:10:18.859727,KXBTCD-25MAY1920-T105999.99,DELTA,28,50,29,50,656,yes,22,-2000
2025-05-19T16:10:18.860692,KXBTCD-25MAY1920-T105999.99,DELTA,28,50,29,50,657,yes,25,-1000
2025-05-19T16:10:18.875106,KXBTCD-25MAY1920-T105999.99,DELTA,28,50,29,50,658,no,70,-1000
2025-05-19T16:10:18.915626,KXBTCD-25MAY1920-T105999.99,DELTA,28,50,29,50,659,yes,26,1000
2025-05-19T16:10:18.916026,KXBTCD-25MAY1920-T105999.99,DELTA,28,50,29,50,660,yes,23,2000
2025-05-19T16:10:18.916195,KXBTCD-25MAY1920-T105999.99,DELTA,28,50,29,50,661,no,68,1000
2025-05-19T16:10:19.195734,KXBTCD-25MAY1920-T105999.99,DELTA,26,1264,29,50,662,yes,28,-50
2025-05-19T16:10:19.196755,KXBTCD-25MAY1920-T105999.99,DELTA,27,50,29,50,663,yes,27,50
2025-05-19T16:10:19.295404,KXBTCD-25MAY1920-T105999.99,DELTA,27,50,29,50,664,yes,8,-3645
2025-05-19T16:10:19.295917,KXBTCD-25MAY1920-T105999.99,DELTA,27,50,29,50,665,yes,4,7290
2025-05-19T16:10:19.296291,KXBTCD-25MAY1920-T105999.99,DELTA,27,50,29,50,666,yes,23,-2000
2025-05-19T16:10:19.315980,KXBTCD-25MAY1920-T105999.99,DELTA,27,50,29,50,667,yes,26,-1000
2025-05-19T16:10:19.316260,KXBTCD-25MAY1920-T105999.99,DELTA,27,50,29,50,668,no,68,-1000
2025-05-19T16:10:19.375068,KXBTCD-25MAY1920-T105999.99,DELTA,27,50,29,50,669,yes,25,1000
2025-05-19T16:10:19.375485,KXBTCD-25MAY1920-T105999.99,DELTA,27,50,29,50,670,yes,22,2000
2025-05-19T16:10:19.375708,KXBTCD-25MAY1920-T105999.99,DELTA,27,50,29,50,671,yes,9,-20000
2025-05-19T16:10:19.375901,KXBTCD-25MAY1920-T105999.99,DELTA,27,50,29,50,672,no,70,1000
2025-05-19T16:10:19.414950,KXBTCD-25MAY1920-T105999.99,DELTA,27,50,29,50,673,yes,5,20000
2025-05-19T16:10:20.116557,KXBTCD-25MAY1920-T105999.99,DELTA,27,50,29,50,674,yes,22,-1250
2025-05-19T16:10:20.174390,KXBTCD-25MAY1920-T105999.99,DELTA,27,50,29,50,675,yes,21,1250
2025-05-19T16:10:20.234977,KXBTCD-25MAY1920-T105999.99,DELTA,27,50,29,50,676,yes,4,-7290
2025-05-19T16:10:20.235632,KXBTCD-25MAY1920-T105999.99,DELTA,27,50,29,50,677,yes,6,4860
2025-05-19T16:10:20.314365,KXBTCD-25MAY1920-T105999.99,DELTA,27,50,29,50,678,yes,5,-20000
2025-05-19T16:10:20.354372,KXBTCD-25MAY1920-T105999.99,DELTA,27,50,29,50,679,yes,7,20000
2025-05-19T16:10:20.774968,KXBTCD-25MAY1920-T105999.99,DELTA,27,50,29,50,680,no,70,-34
2025-05-19T16:10:20.775540,KXBTCD-25MAY1920-T105999.99,DELTA,27,50,28,34,681,no,72,34
2025-05-19T16:10:20.835599,KXBTCD-25MAY1920-T105999.99,DELTA,27,50,28,34,682,no,70,-1000
2025-05-19T16:10:20.894713,KXBTCD-25MAY1920-T105999.99,DELTA,27,50,28,34,683,no,68,1000
2025-05-19T16:10:21.799855,KXBTCD-25MAY1920-T105999.99,DELTA,27,50,28,34,684,yes,26,100
2025-05-19T16:10:21.816564,KXBTCD-25MAY1920-T105999.99,DELTA,27,50,28,34,685,no,64,100
2025-05-19T16:10:23.257381,KXBTCD-25MAY1920-T105999.99,DELTA,27,50,28,34,686,no,64,-100
2025-05-19T16:10:23.264471,KXBTCD-25MAY1920-T105999.99,DELTA,27,50,28,34,687,yes,26,-100
2025-05-19T16:10:24.375376,KXBTCD-25MAY1920-T105999.99,DELTA,27,50,28,34,688,yes,6,-4860
2025-05-19T16:10:24.376390,KXBTCD-25MAY1920-T105999.99,DELTA,27,50,28,34,689,yes,8,3645
2025-05-19T16:10:24.436561,KXBTCD-25MAY1920-T105999.99,DELTA,27,50,28,34,690,yes,7,-20000
2025-05-19T16:10:24.482656,KXBTCD-25MAY1920-T105999.99,DELTA,27,50,28,34,691,yes,9,20000
2025-05-19T16:10:25.024600,KXBTCD-25MAY1920-T105999.99,DELTA,27,150,28,34,692,yes,27,100
2025-05-19T16:10:25.025503,KXBTCD-25MAY1920-T105999.99,DELTA,27,150,28,34,693,no,65,100
2025-05-19T16:10:25.834084,KXBTCD-25MAY1920-T105999.99,DELTA,27,150,28,34,694,no,65,-100
2025-05-19T16:10:25.835041,KXBTCD-25MAY1920-T105999.99,DELTA,27,50,28,34,695,yes,27,-100
2025-05-19T16:10:27.366891,KXBTCD-25MAY1920-T105999.99,DELTA,27,50,28,34,696,yes,8,-3645
2025-05-19T16:10:27.367193,KXBTCD-25MAY1920-T105999.99,DELTA,27,50,28,34,697,yes,10,2916
2025-05-19T16:10:27.435603,KXBTCD-25MAY1920-T105999.99,DELTA,27,50,28,34,698,yes,9,-20000
2025-05-19T16:10:28.314625,KXBTCD-25MAY1920-T105999.99,DELTA,27,50,28,34,699,yes,10,-2916
2025-05-19T16:10:28.315319,KXBTCD-25MAY1920-T105999.99,DELTA,27,50,28,34,700,yes,4,7290
2025-05-19T16:10:28.374523,KXBTCD-25MAY1920-T105999.99,DELTA,27,50,28,34,701,yes,5,20000
2025-05-19T16:10:29.007270,KXBTCD-25MAY1920-T105999.99,DELTA,27,150,28,34,702,yes,27,100
2025-05-19T16:10:29.008281,KXBTCD-25MAY1920-T105999.99,DELTA,27,150,28,34,703,no,65,100
2025-05-19T16:10:29.355149,KXBTCD-25MAY1920-T105999.99,DELTA,27,150,28,34,704,yes,4,-7290
2025-05-19T16:10:29.355574,KXBTCD-25MAY1920-T105999.99,DELTA,27,150,28,34,705,yes,6,4860
2025-05-19T16:10:29.414274,KXBTCD-25MAY1920-T105999.99,DELTA,27,150,28,34,706,yes,5,-20000
2025-05-19T16:10:29.453799,KXBTCD-25MAY1920-T105999.99,DELTA,27,150,28,34,707,yes,7,20000
2025-05-19T16:10:30.055458,KXBTCD-25MAY1920-T105999.99,DELTA,27,150,28,34,708,no,65,-100
2025-05-19T16:10:30.056009,KXBTCD-25MAY1920-T105999.99,DELTA,27,50,28,34,709,yes,27,-100
2025-05-19T16:10:30.335027,KXBTCD-25MAY1920-T105999.99,DELTA,27,50,28,34,710,yes,6,-4860
2025-05-19T16:10:30.335408,KXBTCD-25MAY1920-T105999.99,DELTA,27,50,28,34,711,yes,8,3645
2025-05-19T16:10:30.495583,KXBTCD-25MAY1920-T105999.99,DELTA,27,50,28,34,712,yes,7,-20000
2025-05-19T16:10:30.815717,KXBTCD-25MAY1920-T105999.99,DELTA,27,50,28,34,713,yes,9,20000
2025-05-19T16:10:31.354014,KXBTCD-25MAY1920-T105999.99,DELTA,27,50,28,34,714,yes,8,-3645
2025-05-19T16:10:31.354239,KXBTCD-25MAY1920-T105999.99,DELTA,27,50,28,34,715,yes,10,2916
2025-05-19T16:10:31.448584,KXBTCD-25MAY1920-T105999.99,DELTA,27,50,28,34,716,yes,9,-20000
2025-05-19T16:10:31.875383,KXBTCD-25MAY1920-T105999.99,DELTA,27,50,28,34,717,yes,26,100
2025-05-19T16:10:31.895913,KXBTCD-25MAY1920-T105999.99,DELTA,27,50,28,34,718,no,64,100
2025-05-19T16:10:32.556811,KXBTCD-25MAY1920-T105999.99,DELTA,27,50,28,34,719,no,64,-100
2025-05-19T16:10:32.557851,KXBTCD-25MAY1920-T105999.99,DELTA,27,50,28,34,720,yes,26,-100
2025-05-19T16:10:33.634175,KXBTCD-25MAY1920-T105999.99,DELTA,27,50,28,34,721,yes,22,-2000
2025-05-19T16:10:33.655085,KXBTCD-25MAY1920-T105999.99,DELTA,27,50,28,34,722,yes,25,-1000
2025-05-19T16:10:33.655439,KXBTCD-25MAY1920-T105999.99,DELTA,27,50,28,34,723,no,68,-1000
2025-05-19T16:10:33.675727,KXBTCD-25MAY1920-T105999.99,DELTA,26,264,28,34,724,yes,27,-50
2025-05-19T16:10:33.676059,KXBTCD-25MAY1920-T105999.99,DELTA,26,314,28,34,725,yes,26,50
2025-05-19T16:10:33.716858,KXBTCD-25MAY1920-T105999.99,DELTA,26,314,28,34,726,yes,24,1000
2025-05-19T16:10:33.717423,KXBTCD-25MAY1920-T105999.99,DELTA,26,314,28,34,727,no,71,1000
2025-05-19T16:10:33.717876,KXBTCD-25MAY1920-T105999.99,DELTA,26,314,28,34,728,yes,21,2000
2025-05-19T16:10:33.718255,KXBTCD-25MAY1920-T105999.99,DELTA,26,314,28,34,729,no,65,100
2025-05-19T16:10:33.718612,KXBTCD-25MAY1920-T105999.99,DELTA,27,100,28,34,730,yes,27,100
2025-05-19T16:10:34.186215,KXBTCD-25MAY1920-T105999.99,DELTA,27,100,28,34,731,yes,16,250
2025-05-19T16:10:34.186582,KXBTCD-25MAY1920-T105999.99,DELTA,27,100,28,34,732,yes,26,-250
2025-05-19T16:10:34.199087,KXBTCD-25MAY1920-T105999.99,DELTA,27,100,28,34,733,yes,21,-1250
2025-05-19T16:10:34.235272,KXBTCD-25MAY1920-T105999.99,DELTA,27,100,28,34,734,yes,20,1250
2025-05-19T16:10:34.275225,KXBTCD-25MAY1920-T105999.99,DELTA,27,100,28,34,735,no,56,-250
2025-05-19T16:10:34.275557,KXBTCD-25MAY1920-T105999.99,DELTA,27,100,28,34,736,no,66,250
2025-05-19T16:10:34.355055,KXBTCD-25MAY1920-T105999.99,DELTA,27,100,28,34,737,no,65,-2000
2025-05-19T16:10:34.355480,KXBTCD-25MAY1920-T105999.99,DELTA,27,100,28,34,738,no,65,-1250
2025-05-19T16:10:34.394145,KXBTCD-25MAY1920-T105999.99,DELTA,27,100,28,34,739,no,67,2000
2025-05-19T16:10:34.414431,KXBTCD-25MAY1920-T105999.99,DELTA,27,100,28,34,740,no,67,1250
2025-05-19T16:10:34.715921,KXBTCD-25MAY1920-T105999.99,DELTA,26,64,28,34,741,yes,27,-100
2025-05-19T16:10:34.716211,KXBTCD-25MAY1920-T105999.99,DELTA,26,64,28,34,742,no,65,-100
2025-05-19T16:10:35.240660,KXBTCD-25MAY1920-T105999.99,DELTA,26,64,28,34,743,yes,10,-2916
2025-05-19T16:10:35.241058,KXBTCD-25MAY1920-T105999.99,DELTA,26,64,28,34,744,yes,4,7290
2025-05-19T16:10:35.293534,KXBTCD-25MAY1920-T105999.99,DELTA,26,64,28,34,745,yes,5,20000
2025-05-19T16:10:37.396544,KXBTCD-25MAY1920-T105999.99,DELTA,26,64,28,34,746,yes,24,14
2025-05-19T16:10:37.396968,KXBTCD-25MAY1920-T105999.99,DELTA,26,64,28,34,747,yes,22,30
2025-05-19T16:10:37.397221,KXBTCD-25MAY1920-T105999.99,DELTA,26,50,28,34,748,yes,26,-14
2025-05-19T16:10:37.397436,KXBTCD-25MAY1920-T105999.99,DELTA,26,50,28,34,749,yes,24,-30
2025-05-19T16:10:37.397631,KXBTCD-25MAY1920-T105999.99,DELTA,26,50,28,34,750,no,66,14
2025-05-19T16:10:37.397818,KXBTCD-25MAY1920-T105999.99,DELTA,26,50,28,34,751,no,69,30
2025-05-19T16:10:37.398002,KXBTCD-25MAY1920-T105999.99,DELTA,26,50,28,34,752,no,65,-14
2025-05-19T16:10:37.415559,KXBTCD-25MAY1920-T105999.99,DELTA,26,50,28,34,753,no,67,-30
2025-05-19T16:10:37.536212,KXBTCD-25MAY1920-T105999.99,DELTA,26,50,29,1050,754,no,72,-34
2025-05-19T16:10:37.536536,KXBTCD-25MAY1920-T105999.99,DELTA,26,50,27,34,755,no,73,34
2025-05-19T16:10:37.536674,KXBTCD-25MAY1920-T105999.99,DELTA,26,50,27,34,756,no,65,100
2025-05-19T16:10:37.555751,KXBTCD-25MAY1920-T105999.99,DELTA,26,50,29,1050,757,no,73,-34
2025-05-19T16:10:37.555925,KXBTCD-25MAY1920-T105999.99,DELTA,27,66,29,1050,758,yes,27,66
2025-05-19T16:10:37.620476,KXBTCD-25MAY1920-T105999.99,DELTA,27,66,29,1050,759,yes,26,-50
2025-05-19T16:10:37.620910,KXBTCD-25MAY1920-T105999.99,DELTA,27,66,29,1050,760,yes,21,-2000
2025-05-19T16:10:37.635414,KXBTCD-25MAY1920-T105999.99,DELTA,27,66,29,1050,761,yes,24,-1000
2025-05-19T16:10:37.635753,KXBTCD-25MAY1920-T105999.99,DELTA,27,66,29,50,762,no,71,-1000
2025-05-19T16:10:37.695507,KXBTCD-25MAY1920-T105999.99,DELTA,27,66,28,1000,763,no,72,1000
2025-05-19T16:10:37.696471,KXBTCD-25MAY1920-T105999.99,DELTA,27,66,28,1000,764,yes,20,2000
2025-05-19T16:10:37.696776,KXBTCD-25MAY1920-T105999.99,DELTA,27,66,28,1000,765,yes,23,1000
2025-05-19T16:10:37.954573,KXBTCD-25MAY1920-T105999.99,DELTA,27,66,28,1000,766,yes,25,50
2025-05-19T16:10:37.994736,KXBTCD-25MAY1920-T105999.99,DELTA,27,66,28,1000,767,yes,25,-50
2025-05-19T16:10:38.015203,KXBTCD-25MAY1920-T105999.99,DELTA,27,66,29,50,768,no,72,-1000
2025-05-19T16:10:38.055848,KXBTCD-25MAY1920-T105999.99,DELTA,27,66,29,1050,769,no,71,1000
2025-05-19T16:10:38.162262,KXBTCD-25MAY1920-T105999.99,DELTA,27,66,29,1050,770,yes,24,-250
2025-05-19T16:10:38.162722,KXBTCD-25MAY1920-T105999.99,DELTA,27,66,29,1050,771,yes,14,250
2025-05-19T16:10:38.195068,KXBTCD-25MAY1920-T105999.99,DELTA,27,66,29,1050,772,no,65,-100
2025-05-19T16:10:38.222150,KXBTCD-25MAY1920-T105999.99,DELTA,27,66,29,1050,773,yes,4,-7290
2025-05-19T16:10:38.222827,KXBTCD-25MAY1920-T105999.99,DELTA,27,66,29,1050,774,yes,6,4860
2025-05-19T16:10:38.277434,KXBTCD-25MAY1920-T105999.99,DELTA,27,66,29,1050,775,yes,5,-20000
2025-05-19T16:10:38.315898,KXBTCD-25MAY1920-T105999.99,DELTA,27,66,29,1050,776,yes,7,20000
2025-05-19T16:10:39.054217,KXBTCD-25MAY1920-T105999.99,DELTA,27,66,29,1050,777,yes,25,50
2025-05-19T16:10:39.095219,KXBTCD-25MAY1920-T105999.99,DELTA,27,66,29,1050,778,yes,25,-50
2025-05-19T16:10:39.287119,KXBTCD-25MAY1920-T105999.99,DELTA,24,14,29,1050,779,yes,27,-66
2025-05-19T16:10:39.304725,KXBTCD-25MAY1920-T105999.99,DELTA,24,14,29,1050,780,yes,6,-4860
2025-05-19T16:10:39.304909,KXBTCD-25MAY1920-T105999.99,DELTA,24,14,29,1050,781,yes,8,3645
2025-05-19T16:10:39.367389,KXBTCD-25MAY1920-T105999.99,DELTA,24,14,29,1050,782,yes,7,-20000
2025-05-19T16:10:39.400955,KXBTCD-25MAY1920-T105999.99,DELTA,24,14,29,1050,783,yes,9,20000
2025-05-19T16:10:39.897800,KXBTCD-25MAY1920-T105999.99,DELTA,24,14,29,1050,784,no,66,100
2025-05-19T16:10:40.161080,KXBTCD-25MAY1920-T105999.99,DELTA,24,64,29,1050,785,yes,24,50
2025-05-19T16:10:40.187092,KXBTCD-25MAY1920-T105999.99,DELTA,24,14,29,1050,786,yes,24,-50
2025-05-19T16:10:40.235534,KXBTCD-25MAY1920-T105999.99,DELTA,24,14,29,1050,787,yes,8,-3645
2025-05-19T16:10:40.235996,KXBTCD-25MAY1920-T105999.99,DELTA,24,14,29,1050,788,yes,10,2916
2025-05-19T16:10:40.334391,KXBTCD-25MAY1920-T105999.99,DELTA,24,14,29,1050,789,yes,9,-20000
2025-05-19T16:10:40.904055,KXBTCD-25MAY1920-T105999.99,DELTA,26,100,29,1050,790,yes,26,100
2025-05-19T16:10:41.165368,KXBTCD-25MAY1920-T105999.99,DELTA,26,100,29,1050,791,yes,14,-250
2025-05-19T16:10:41.175864,KXBTCD-25MAY1920-T105999.99,DELTA,26,100,29,1050,792,yes,24,250
2025-05-19T16:10:41.195052,KXBTCD-25MAY1920-T105999.99,DELTA,26,100,29,1050,793,yes,10,-2916
2025-05-19T16:10:41.195214,KXBTCD-25MAY1920-T105999.99,DELTA,26,100,29,1050,794,yes,4,7290
2025-05-19T16:10:41.254010,KXBTCD-25MAY1920-T105999.99,DELTA,26,100,29,1050,795,yes,5,20000
2025-05-19T16:10:41.454657,KXBTCD-25MAY1920-T105999.99,DELTA,24,264,29,1050,796,yes,26,-100
2025-05-19T16:10:41.474287,KXBTCD-25MAY1920-T105999.99,DELTA,24,264,29,1050,797,no,66,-100
2025-05-19T16:10:42.114958,KXBTCD-25MAY1920-T105999.99,DELTA,24,264,29,50,798,no,71,-1000
2025-05-19T16:10:42.134943,KXBTCD-25MAY1920-T105999.99,DELTA,24,264,29,50,799,yes,4,-7290
2025-05-19T16:10:42.135097,KXBTCD-25MAY1920-T105999.99,DELTA,24,264,29,50,800,yes,6,4860
2025-05-19T16:10:42.154965,KXBTCD-25MAY1920-T105999.99,DELTA,24,264,28,1000,801,no,72,1000
2025-05-19T16:10:42.215682,KXBTCD-25MAY1920-T105999.99,DELTA,24,264,28,1000,802,yes,5,-20000
2025-05-19T16:10:42.235101,KXBTCD-25MAY1920-T105999.99,DELTA,25,50,28,1000,803,yes,25,50
2025-05-19T16:10:42.275764,KXBTCD-25MAY1920-T105999.99,DELTA,25,50,28,1000,804,yes,7,20000
2025-05-19T16:10:42.357042,KXBTCD-25MAY1920-T105999.99,DELTA,24,264,28,1000,805,yes,25,-50
2025-05-19T16:10:42.934556,KXBTCD-25MAY1920-T105999.99,DELTA,24,264,28,1000,806,no,67,100
2025-05-19T16:10:43.375488,KXBTCD-25MAY1920-T105999.99,DELTA,25,50,28,1000,807,yes,25,50
2025-05-19T16:10:43.414009,KXBTCD-25MAY1920-T105999.99,DELTA,24,264,28,1000,808,yes,25,-50
2025-05-19T16:10:43.753094,KXBTCD-25MAY1920-T105999.99,DELTA,24,264,28,1000,809,no,67,-100
2025-05-19T16:10:44.456149,KXBTCD-25MAY1920-T105999.99,DELTA,25,50,28,1000,810,yes,25,50
2025-05-19T16:10:44.494534,KXBTCD-25MAY1920-T105999.99,DELTA,24,264,28,1000,811,yes,25,-50
2025-05-19T16:10:44.616204,KXBTCD-25MAY1920-T105999.99,DELTA,25,100,28,1000,812,yes,25,100
2025-05-19T16:10:45.536960,KXBTCD-25MAY1920-T105999.99,DELTA,25,150,28,1000,813,yes,25,50
2025-05-19T16:10:45.576701,KXBTCD-25MAY1920-T105999.99,DELTA,25,100,28,1000,814,yes,25,-50
2025-05-19T16:10:45.815513,KXBTCD-25MAY1920-T105999.99,DELTA,25,100,28,1000,815,no,67,100
2025-05-19T16:10:46.035944,KXBTCD-25MAY1920-T105999.99,DELTA,25,100,28,1000,816,yes,6,-4860
2025-05-19T16:10:46.036538,KXBTCD-25MAY1920-T105999.99,DELTA,25,100,28,1000,817,yes,8,3645
2025-05-19T16:10:46.077527,KXBTCD-25MAY1920-T105999.99,DELTA,25,100,28,1000,818,yes,8,-3645
2025-05-19T16:10:46.099915,KXBTCD-25MAY1920-T105999.99,DELTA,25,100,28,1000,819,yes,7,-20000
2025-05-19T16:10:46.195837,KXBTCD-25MAY1920-T105999.99,DELTA,25,100,28,1000,820,yes,14,250
2025-05-19T16:10:46.196122,KXBTCD-25MAY1920-T105999.99,DELTA,25,100,28,1000,821,yes,24,-250
2025-05-19T16:10:46.416165,KXBTCD-25MAY1920-T105999.99,DELTA,25,100,28,1000,822,no,67,-100
2025-05-19T16:10:46.535764,KXBTCD-25MAY1920-T105999.99,DELTA,24,14,28,1000,823,yes,25,-100
2025-05-19T16:10:46.620794,KXBTCD-25MAY1920-T105999.99,DELTA,24,64,28,1000,824,yes,24,50
2025-05-19T16:10:46.675972,KXBTCD-25MAY1920-T105999.99,DELTA,24,14,28,1000,825,yes,24,-50
2025-05-19T16:10:46.856608,KXBTCD-25MAY1920-T105999.99,DELTA,24,14,28,912,826,no,72,-88
2025-05-19T16:10:46.896460,KXBTCD-25MAY1920-T105999.99,DELTA,24,14,28,912,827,yes,20,-1250
2025-05-19T16:10:46.957128,KXBTCD-25MAY1920-T105999.99,DELTA,24,14,28,912,828,yes,19,1250
2025-05-19T16:10:47.116163,KXBTCD-25MAY1920-T105999.99,DELTA,24,14,28,912,829,no,68,250
2025-05-19T16:10:47.116299,KXBTCD-25MAY1920-T105999.99,DELTA,24,14,28,912,830,no,58,-250
2025-05-19T16:10:47.194663,KXBTCD-25MAY1920-T105999.99,DELTA,24,14,28,912,831,no,67,-2000
2025-05-19T16:10:47.194889,KXBTCD-25MAY1920-T105999.99,DELTA,24,14,28,912,832,no,67,-1250
2025-05-19T16:10:47.234493,KXBTCD-25MAY1920-T105999.99,DELTA,24,14,28,912,833,no,69,2000
2025-05-19T16:10:47.234721,KXBTCD-25MAY1920-T105999.99,DELTA,24,14,28,912,834,no,68,1250
2025-05-19T16:10:47.716899,KXBTCD-25MAY1920-T105999.99,DELTA,24,64,28,912,835,yes,24,50
2025-05-19T16:10:47.756255,KXBTCD-25MAY1920-T105999.99,DELTA,24,14,28,912,836,yes,24,-50
2025-05-19T16:10:47.915516,KXBTCD-25MAY1920-T105999.99,DELTA,25,100,28,912,837,yes,25,100
2025-05-19T16:10:48.014740,KXBTCD-25MAY1920-T105999.99,DELTA,25,100,28,912,838,no,68,-1250
2025-05-19T16:10:48.075959,KXBTCD-25MAY1920-T105999.99,DELTA,25,100,28,912,839,no,69,1250
2025-05-19T16:10:48.334770,KXBTCD-25MAY1920-T105999.99,DELTA,25,100,28,912,840,no,69,-1250
2025-05-19T16:10:48.414483,KXBTCD-25MAY1920-T105999.99,DELTA,25,100,28,912,841,no,68,1250
2025-05-19T16:10:48.795703,KXBTCD-25MAY1920-T105999.99,DELTA,25,100,28,912,842,yes,24,50
2025-05-19T16:10:48.836308,KXBTCD-25MAY1920-T105999.99,DELTA,25,100,28,912,843,yes,24,-50
2025-05-19T16:10:48.874925,KXBTCD-25MAY1920-T105999.99,DELTA,25,100,28,912,844,yes,4,7290
2025-05-19T16:10:48.934840,KXBTCD-25MAY1920-T105999.99,DELTA,25,100,28,912,845,yes,5,20000
2025-05-19T16:10:49.877074,KXBTCD-25MAY1920-T105999.99,DELTA,25,100,28,912,846,yes,4,-7290
2025-05-19T16:10:49.877422,KXBTCD-25MAY1920-T105999.99,DELTA,25,100,28,912,847,yes,6,4860
2025-05-19T16:10:49.895601,KXBTCD-25MAY1920-T105999.99,DELTA,25,100,28,912,848,yes,24,50
2025-05-19T16:10:49.937201,KXBTCD-25MAY1920-T105999.99,DELTA,25,100,28,912,849,yes,5,-20000
2025-05-19T16:10:49.937860,KXBTCD-25MAY1920-T105999.99,DELTA,25,100,28,912,850,yes,24,-50
2025-05-19T16:10:49.977095,KXBTCD-25MAY1920-T105999.99,DELTA,25,100,28,912,851,yes,7,20000
2025-05-19T16:10:50.194952,KXBTCD-25MAY1920-T105999.99,DELTA,25,100,28,912,852,no,67,100
2025-05-19T16:10:50.614503,KXBTCD-25MAY1920-T105999.99,DELTA,25,100,28,912,853,no,67,-100
2025-05-19T16:10:50.714334,KXBTCD-25MAY1920-T105999.99,DELTA,24,14,28,912,854,yes,25,-100
2025-05-19T16:10:50.816039,KXBTCD-25MAY1920-T105999.99,DELTA,24,14,28,912,855,yes,6,-4860
2025-05-19T16:10:50.816658,KXBTCD-25MAY1920-T105999.99,DELTA,24,14,28,912,856,yes,8,3645
2025-05-19T16:10:50.897910,KXBTCD-25MAY1920-T105999.99,DELTA,24,14,28,912,857,yes,7,-20000
2025-05-19T16:10:50.934938,KXBTCD-25MAY1920-T105999.99,DELTA,24,14,28,912,858,yes,9,20000
2025-05-19T16:10:50.994275,KXBTCD-25MAY1920-T105999.99,DELTA,24,64,28,912,859,yes,24,50
2025-05-19T16:10:51.235718,KXBTCD-25MAY1920-T105999.99,DELTA,24,64,28,912,860,yes,20,-2000
2025-05-19T16:10:51.255772,KXBTCD-25MAY1920-T105999.99,DELTA,24,64,28,912,861,yes,23,-1000
2025-05-19T16:10:51.255912,KXBTCD-25MAY1920-T105999.99,DELTA,24,64,28,912,862,yes,19,-1250
2025-05-19T16:10:51.275204,KXBTCD-25MAY1920-T105999.99,DELTA,24,64,28,912,863,no,69,-2000
2025-05-19T16:10:51.275364,KXBTCD-25MAY1920-T105999.99,DELTA,24,64,29,50,864,no,72,-912
2025-05-19T16:10:51.315635,KXBTCD-25MAY1920-T105999.99,DELTA,24,64,29,50,865,yes,12,250
2025-05-19T16:10:51.315824,KXBTCD-25MAY1920-T105999.99,DELTA,24,64,29,50,866,yes,22,-250
2025-05-19T16:10:51.354784,KXBTCD-25MAY1920-T105999.99,DELTA,24,64,29,1050,867,no,71,1000
2025-05-19T16:10:51.354987,KXBTCD-25MAY1920-T105999.99,DELTA,24,1064,29,1050,868,yes,24,1000
2025-05-19T16:10:51.374615,KXBTCD-25MAY1920-T105999.99,DELTA,24,1064,29,1050,869,no,68,2000
2025-05-19T16:10:51.374757,KXBTCD-25MAY1920-T105999.99,DELTA,24,1064,29,1050,870,yes,20,1250
2025-05-19T16:10:51.374841,KXBTCD-25MAY1920-T105999.99,DELTA,24,1064,29,1050,871,yes,21,2000
2025-05-19T16:10:51.616266,KXBTCD-25MAY1920-T105999.99,DELTA,24,1064,29,1050,872,no,68,-1250
2025-05-19T16:10:51.655796,KXBTCD-25MAY1920-T105999.99,DELTA,24,1064,29,1050,873,no,67,1250
2025-05-19T16:10:51.836191,KXBTCD-25MAY1920-T105999.99,DELTA,24,1064,29,1050,874,yes,8,-3645
2025-05-19T16:10:51.836738,KXBTCD-25MAY1920-T105999.99,DELTA,24,1064,29,1050,875,yes,10,2916
2025-05-19T16:10:51.896347,KXBTCD-25MAY1920-T105999.99,DELTA,24,1064,29,1050,876,yes,9,-20000
2025-05-19T16:10:51.996162,KXBTCD-25MAY1920-T105999.99,DELTA,26,100,29,1050,877,yes,26,100
2025-05-19T16:10:52.055950,KXBTCD-25MAY1920-T105999.99,DELTA,26,100,29,1050,878,yes,22,250
2025-05-19T16:10:52.075487,KXBTCD-25MAY1920-T105999.99,DELTA,26,100,29,1050,879,yes,12,-250
2025-05-19T16:10:52.147553,KXBTCD-25MAY1920-T105999.99,DELTA,26,100,29,1050,880,yes,14,-250
2025-05-19T16:10:52.147757,KXBTCD-25MAY1920-T105999.99,DELTA,26,100,29,1050,881,yes,24,250
2025-05-19T16:10:52.775618,KXBTCD-25MAY1920-T105999.99,DELTA,26,100,29,1050,882,yes,10,-2916
2025-05-19T16:10:52.776401,KXBTCD-25MAY1920-T105999.99,DELTA,26,100,29,1050,883,yes,4,7290
2025-05-19T16:10:52.848282,KXBTCD-25MAY1920-T105999.99,DELTA,26,100,29,1050,884,yes,5,20000
2025-05-19T16:10:53.172990,KXBTCD-25MAY1920-T105999.99,DELTA,24,1314,29,1050,885,yes,26,-100
2025-05-19T16:10:53.756290,KXBTCD-25MAY1920-T105999.99,DELTA,24,1314,29,1050,886,no,66,100
2025-05-19T16:10:54.515852,KXBTCD-25MAY1920-T105999.99,DELTA,24,1314,29,1050,887,no,67,-1250
2025-05-19T16:10:54.575604,KXBTCD-25MAY1920-T105999.99,DELTA,24,1314,29,1050,888,no,68,1250
2025-05-19T16:10:54.775473,KXBTCD-25MAY1920-T105999.99,DELTA,26,100,29,1050,889,yes,26,100
2025-05-19T16:10:55.096688,KXBTCD-25MAY1920-T105999.99,DELTA,26,100,29,1050,890,no,68,-1250
2025-05-19T16:10:55.137286,KXBTCD-25MAY1920-T105999.99,DELTA,26,100,29,1050,891,no,67,1250
2025-05-19T16:10:55.197271,KXBTCD-25MAY1920-T105999.99,DELTA,26,100,29,1050,892,no,67,-1250
2025-05-19T16:10:55.259392,KXBTCD-25MAY1920-T105999.99,DELTA,26,100,29,1050,893,no,68,1250
2025-05-19T16:10:55.375819,KXBTCD-25MAY1920-T105999.99,DELTA,24,1314,29,1050,894,yes,26,-100
2025-05-19T16:10:55.395296,KXBTCD-25MAY1920-T105999.99,DELTA,24,1314,29,1050,895,no,68,-1250
2025-05-19T16:10:55.395794,KXBTCD-25MAY1920-T105999.99,DELTA,24,1314,29,1050,896,no,66,-100
2025-05-19T16:10:55.536393,KXBTCD-25MAY1920-T105999.99,DELTA,24,1314,29,1050,897,no,67,1250
2025-05-19T16:10:56.016852,KXBTCD-25MAY1920-T105999.99,DELTA,24,314,29,1050,898,yes,24,-1000
2025-05-19T16:10:56.036003,KXBTCD-25MAY1920-T105999.99,DELTA,24,314,29,1050,899,no,67,-1250
2025-05-19T16:10:56.076025,KXBTCD-25MAY1920-T105999.99,DELTA,24,314,29,1050,900,no,68,1250
2025-05-19T16:10:56.095575,KXBTCD-25MAY1920-T105999.99,DELTA,24,314,29,1050,901,yes,23,1000
2025-05-19T16:10:56.136766,KXBTCD-25MAY1920-T105999.99,DELTA,24,314,29,1050,902,yes,14,250
2025-05-19T16:10:56.137420,KXBTCD-25MAY1920-T105999.99,DELTA,24,64,29,1050,903,yes,24,-250
2025-05-19T16:10:56.474877,KXBTCD-25MAY1920-T105999.99,DELTA,24,64,29,1050,904,no,67,100
2025-05-19T16:10:56.574982,KXBTCD-25MAY1920-T105999.99,DELTA,24,64,29,1050,905,yes,4,-7290
2025-05-19T16:10:56.575476,KXBTCD-25MAY1920-T105999.99,DELTA,24,64,29,1050,906,yes,6,4860
2025-05-19T16:10:56.636307,KXBTCD-25MAY1920-T105999.99,DELTA,24,64,29,1050,907,yes,5,-20000
2025-05-19T16:10:56.654867,KXBTCD-25MAY1920-T105999.99,DELTA,24,64,29,1050,908,yes,7,20000
2025-05-19T16:10:56.998744,KXBTCD-25MAY1920-T105999.99,DELTA,24,64,29,1050,909,yes,23,-1000
2025-05-19T16:10:57.035038,KXBTCD-25MAY1920-T105999.99,DELTA,24,1064,29,1050,910,yes,24,1000
2025-05-19T16:10:57.602551,KXBTCD-25MAY1920-T105999.99,DELTA,24,1064,29,1050,911,no,67,-100
2025-05-19T16:10:58.430025,KXBTCD-25MAY1920-T105999.99,DELTA,25,100,29,1050,912,yes,25,100
2025-05-19T16:10:59.155303,KXBTCD-25MAY1920-T105999.99,DELTA,25,100,29,1050,913,yes,24,250
2025-05-19T16:10:59.155854,KXBTCD-25MAY1920-T105999.99,DELTA,25,100,29,1050,914,yes,14,-250
2025-05-19T16:10:59.475383,KXBTCD-25MAY1920-T105999.99,DELTA,25,100,29,1050,915,no,67,100
2025-05-19T16:10:59.695968,KXBTCD-25MAY1920-T105999.99,DELTA,25,100,29,1050,916,yes,6,-4860
2025-05-19T16:10:59.696293,KXBTCD-25MAY1920-T105999.99,DELTA,25,100,29,1050,917,yes,8,3645
2025-05-19T16:10:59.755242,KXBTCD-25MAY1920-T105999.99,DELTA,25,100,29,1050,918,yes,7,-20000
2025-05-19T16:10:59.794451,KXBTCD-25MAY1920-T105999.99,DELTA,25,100,29,1050,919,yes,9,20000
2025-05-19T16:11:00.050227,KXBTCD-25MAY1920-T105999.99,DELTA,25,100,29,1050,920,no,67,-100
2025-05-19T16:11:00.095844,KXBTCD-25MAY1920-T105999.99,DELTA,24,1314,29,1050,921,yes,25,-100
2025-05-19T16:11:00.235541,KXBTCD-25MAY1920-T105999.99,DELTA,24,1064,29,1050,922,yes,24,-250
2025-05-19T16:11:00.235797,KXBTCD-25MAY1920-T105999.99,DELTA,24,1064,29,1050,923,yes,14,250
2025-05-19T16:11:00.255684,KXBTCD-25MAY1920-T105999.99,DELTA,24,1064,29,1050,924,yes,21,-2000
2025-05-19T16:11:00.256119,KXBTCD-25MAY1920-T105999.99,DELTA,24,64,29,1050,925,yes,24,-1000
2025-05-19T16:11:00.274959,KXBTCD-25MAY1920-T105999.99,DELTA,24,64,29,1050,926,no,68,-2000
2025-05-19T16:11:00.275669,KXBTCD-25MAY1920-T105999.99,DELTA,24,64,29,50,927,no,71,-1000
2025-05-19T16:11:00.354265,KXBTCD-25MAY1920-T105999.99,DELTA,24,64,29,50,928,no,69,2000
2025-05-19T16:11:00.354517,KXBTCD-25MAY1920-T105999.99,DELTA,24,64,28,1000,929,no,72,1000
2025-05-19T16:11:00.354678,KXBTCD-25MAY1920-T105999.99,DELTA,24,64,28,1000,930,yes,23,1000
2025-05-19T16:11:00.354810,KXBTCD-25MAY1920-T105999.99,DELTA,24,64,28,1000,931,yes,20,2000
2025-05-19T16:11:00.535797,KXBTCD-25MAY1920-T105999.99,DELTA,24,64,28,1000,932,yes,20,-1250
2025-05-19T16:11:00.536177,KXBTCD-25MAY1920-T105999.99,DELTA,24,64,28,1000,933,no,68,-1250
2025-05-19T16:11:00.575912,KXBTCD-25MAY1920-T105999.99,DELTA,24,64,28,1000,934,no,69,1250
2025-05-19T16:11:00.576129,KXBTCD-25MAY1920-T105999.99,DELTA,24,64,28,1000,935,yes,19,1250
2025-05-19T16:11:00.635860,KXBTCD-25MAY1920-T105999.99,DELTA,24,64,28,1000,936,yes,8,-3645
2025-05-19T16:11:00.636089,KXBTCD-25MAY1920-T105999.99,DELTA,24,64,28,1000,937,yes,10,2916
2025-05-19T16:11:00.695035,KXBTCD-25MAY1920-T105999.99,DELTA,24,64,28,1000,938,yes,9,-20000
2025-05-19T16:11:01.595867,KXBTCD-25MAY1920-T105999.99,DELTA,24,64,28,1000,939,no,69,-1250
2025-05-19T16:11:01.615601,KXBTCD-25MAY1920-T105999.99,DELTA,24,64,28,1000,940,yes,10,-2916
2025-05-19T16:11:01.616065,KXBTCD-25MAY1920-T105999.99,DELTA,24,64,28,1000,941,yes,4,7290
2025-05-19T16:11:01.634969,KXBTCD-25MAY1920-T105999.99,DELTA,24,64,28,1000,942,no,68,1250
2025-05-19T16:11:01.695586,KXBTCD-25MAY1920-T105999.99,DELTA,25,100,28,1000,943,yes,25,100
2025-05-19T16:11:01.715877,KXBTCD-25MAY1920-T105999.99,DELTA,25,100,28,1000,944,yes,5,20000
2025-05-19T16:11:02.455205,KXBTCD-25MAY1920-T105999.99,DELTA,24,64,28,1000,945,yes,25,-100
2025-05-19T16:11:02.617376,KXBTCD-25MAY1920-T105999.99,DELTA,24,64,28,1000,946,yes,4,-7290
2025-05-19T16:11:02.617665,KXBTCD-25MAY1920-T105999.99,DELTA,24,64,28,1000,947,yes,6,4860
2025-05-19T16:11:02.677796,KXBTCD-25MAY1920-T105999.99,DELTA,24,64,28,1000,948,yes,5,-20000
2025-05-19T16:11:02.742751,KXBTCD-25MAY1920-T105999.99,DELTA,24,64,28,1000,949,yes,7,20000
2025-05-19T16:11:03.141368,KXBTCD-25MAY1920-T105999.99,DELTA,24,314,28,1000,950,yes,24,250
2025-05-19T16:11:03.141941,KXBTCD-25MAY1920-T105999.99,DELTA,24,314,28,1000,951,yes,14,-250
2025-05-19T16:11:03.554772,KXBTCD-25MAY1920-T105999.99,DELTA,24,314,28,1000,952,no,67,100
2025-05-19T16:11:03.596887,KXBTCD-25MAY1920-T105999.99,DELTA,24,314,28,1000,953,yes,6,-4860
2025-05-19T16:11:03.597302,KXBTCD-25MAY1920-T105999.99,DELTA,24,314,28,1000,954,yes,8,3645
2025-05-19T16:11:03.655050,KXBTCD-25MAY1920-T105999.99,DELTA,24,314,28,1000,955,yes,7,-20000
2025-05-19T16:11:03.695753,KXBTCD-25MAY1920-T105999.99,DELTA,24,314,28,1000,956,yes,9,20000
2025-05-19T16:11:04.455551,KXBTCD-25MAY1920-T105999.99,DELTA,24,314,28,1000,957,no,67,-100
2025-05-19T16:11:04.895033,KXBTCD-25MAY1920-T105999.99,DELTA,24,314,28,1000,958,no,30,88
2025-05-19T16:11:05.217230,KXBTCD-25MAY1920-T105999.99,DELTA,24,314,28,1000,959,yes,20,-2000
2025-05-19T16:11:05.394883,KXBTCD-25MAY1920-T105999.99,DELTA,24,314,28,1000,960,yes,23,-1000
2025-05-19T16:11:05.495178,KXBTCD-25MAY1920-T105999.99,DELTA,24,314,28,1000,961,yes,19,-1250
2025-05-19T16:11:05.614886,KXBTCD-25MAY1920-T105999.99,DELTA,24,314,28,1000,962,no,69,-2000
2025-05-19T16:11:05.715553,KXBTCD-25MAY1920-T105999.99,DELTA,24,314,29,50,963,no,72,-1000
2025-05-19T16:11:05.895999,KXBTCD-25MAY1920-T105999.99,DELTA,24,314,29,1050,964,no,71,1000
2025-05-19T16:11:05.896859,KXBTCD-25MAY1920-T105999.99,DELTA,24,314,29,1050,965,yes,21,2000
2025-05-19T16:11:05.897408,KXBTCD-25MAY1920-T105999.99,DELTA,24,314,29,1050,966,no,68,2000
2025-05-19T16:11:05.897876,KXBTCD-25MAY1920-T105999.99,DELTA,24,1314,29,1050,967,yes,24,1000
2025-05-19T16:11:05.898301,KXBTCD-25MAY1920-T105999.99,DELTA,24,1314,29,1050,968,yes,20,1250
2025-05-19T16:11:06.097054,KXBTCD-25MAY1920-T105999.99,DELTA,25,100,29,1050,969,yes,25,100
2025-05-19T16:11:08.196488,KXBTCD-25MAY1920-T105999.99,DELTA,24,1314,29,1050,970,yes,25,-100
2025-05-19T16:11:08.615904,KXBTCD-25MAY1920-T105999.99,DELTA,24,1314,29,1050,971,no,67,100
2025-05-19T16:11:08.835682,KXBTCD-25MAY1920-T105999.99,DELTA,24,1264,29,1050,972,yes,24,-50
2025-05-19T16:11:09.615824,KXBTCD-25MAY1920-T105999.99,DELTA,24,1264,29,1050,973,yes,21,-2000
2025-05-19T16:11:09.616212,KXBTCD-25MAY1920-T105999.99,DELTA,24,264,29,1050,974,yes,24,-1000
2025-05-19T16:11:09.635188,KXBTCD-25MAY1920-T105999.99,DELTA,24,264,29,1050,975,no,68,-2000
2025-05-19T16:11:09.635451,KXBTCD-25MAY1920-T105999.99,DELTA,24,264,29,50,976,no,71,-1000
2025-05-19T16:11:09.696949,KXBTCD-25MAY1920-T105999.99,DELTA,24,264,29,50,977,yes,23,1000
2025-05-19T16:11:09.697414,KXBTCD-25MAY1920-T105999.99,DELTA,24,264,29,50,978,yes,20,2000
2025-05-19T16:11:09.697658,KXBTCD-25MAY1920-T105999.99,DELTA,24,264,29,50,979,no,69,2000
2025-05-19T16:11:09.697871,KXBTCD-25MAY1920-T105999.99,DELTA,24,264,28,1000,980,no,72,1000
2025-05-19T16:11:09.735993,KXBTCD-25MAY1920-T105999.99,DELTA,24,264,28,1000,981,no,67,-100
2025-05-19T16:11:09.975754,KXBTCD-25MAY1920-T105999.99,DELTA,25,50,28,1000,982,yes,25,50
2025-05-19T16:11:10.076346,KXBTCD-25MAY1920-T105999.99,DELTA,25,50,28,1000,983,yes,20,-2000
2025-05-19T16:11:10.076815,KXBTCD-25MAY1920-T105999.99,DELTA,25,50,28,1000,984,yes,23,-1000
2025-05-19T16:11:10.095253,KXBTCD-25MAY1920-T105999.99,DELTA,25,50,28,1000,985,no,69,-2000
2025-05-19T16:11:10.095629,KXBTCD-25MAY1920-T105999.99,DELTA,25,50,29,50,986,no,72,-1000
2025-05-19T16:11:10.164451,KXBTCD-25MAY1920-T105999.99,DELTA,25,50,29,50,987,yes,14,250
2025-05-19T16:11:10.164920,KXBTCD-25MAY1920-T105999.99,DELTA,25,50,29,50,988,yes,24,-250
2025-05-19T16:11:10.165116,KXBTCD-25MAY1920-T105999.99,DELTA,25,50,29,50,989,yes,21,2000
2025-05-19T16:11:10.180159,KXBTCD-25MAY1920-T105999.99,DELTA,25,50,29,50,990,yes,24,1000
2025-05-19T16:11:10.180475,KXBTCD-25MAY1920-T105999.99,DELTA,25,50,29,1050,991,no,71,1000
2025-05-19T16:11:10.223311,KXBTCD-25MAY1920-T105999.99,DELTA,25,50,29,1050,992,yes,24,-1000
2025-05-19T16:11:10.223544,KXBTCD-25MAY1920-T105999.99,DELTA,25,50,29,1050,993,no,68,2000
2025-05-19T16:11:10.278423,KXBTCD-25MAY1920-T105999.99,DELTA,25,50,29,1050,994,yes,23,1000
2025-05-19T16:11:11.035347,KXBTCD-25MAY1920-T105999.99,DELTA,25,50,29,1050,995,yes,8,-3645
2025-05-19T16:11:11.035794,KXBTCD-25MAY1920-T105999.99,DELTA,25,50,29,1050,996,yes,10,2916
2025-05-19T16:11:11.078006,KXBTCD-25MAY1920-T105999.99,DELTA,25,50,29,1050,997,no,17,-1715
2025-05-19T16:11:11.078418,KXBTCD-25MAY1920-T105999.99,DELTA,25,50,29,1050,998,no,30,972
2025-05-19T16:11:11.095534,KXBTCD-25MAY1920-T105999.99,DELTA,25,50,29,1050,999,yes,9,-20000
2025-05-19T16:11:11.134782,KXBTCD-25MAY1920-T105999.99,DELTA,25,50,29,1050,1000,yes,24,250
2025-05-19T16:11:11.155553,KXBTCD-25MAY1920-T105999.99,DELTA,25,50,29,1050,1001,yes,14,-250
2025-05-19T16:11:11.215339,KXBTCD-25MAY1920-T105999.99,DELTA,25,50,29,1050,1002,yes,24,-250
2025-05-19T16:11:11.234882,KXBTCD-25MAY1920-T105999.99,DELTA,25,150,29,1050,1003,yes,25,100
2025-05-19T16:11:11.414701,KXBTCD-25MAY1920-T105999.99,DELTA,25,150,29,1050,1004,yes,21,-2000
2025-05-19T16:11:11.414913,KXBTCD-25MAY1920-T105999.99,DELTA,25,150,29,1050,1005,no,68,-2000
2025-05-19T16:11:11.434780,KXBTCD-25MAY1920-T105999.99,DELTA,25,150,29,50,1006,no,71,-1000
2025-05-19T16:11:11.478269,KXBTCD-25MAY1920-T105999.99,DELTA,25,150,28,1000,1007,no,72,1000
2025-05-19T16:11:11.478779,KXBTCD-25MAY1920-T105999.99,DELTA,25,150,28,1000,1008,no,69,2000
2025-05-19T16:11:11.496206,KXBTCD-25MAY1920-T105999.99,DELTA,25,150,28,1000,1009,yes,20,2000
2025-05-19T16:11:11.555158,KXBTCD-25MAY1920-T105999.99,DELTA,25,150,28,1000,1010,yes,20,-2000
2025-05-19T16:11:11.577139,KXBTCD-25MAY1920-T105999.99,DELTA,25,150,28,1000,1011,no,69,-2000
2025-05-19T16:11:11.577272,KXBTCD-25MAY1920-T105999.99,DELTA,25,150,29,50,1012,no,72,-1000
2025-05-19T16:11:11.677215,KXBTCD-25MAY1920-T105999.99,DELTA,25,150,29,50,1013,yes,21,2000
2025-05-19T16:11:11.677380,KXBTCD-25MAY1920-T105999.99,DELTA,25,150,29,50,1014,no,68,2000
2025-05-19T16:11:11.677501,KXBTCD-25MAY1920-T105999.99,DELTA,25,150,29,1050,1015,no,71,1000
2025-05-19T16:11:11.775688,KXBTCD-25MAY1920-T105999.99,DELTA,25,150,29,1050,1016,yes,21,-2000
2025-05-19T16:11:11.775899,KXBTCD-25MAY1920-T105999.99,DELTA,25,150,29,1050,1017,no,68,-2000
2025-05-19T16:11:11.796774,KXBTCD-25MAY1920-T105999.99,DELTA,25,150,29,50,1018,no,71,-1000
2025-05-19T16:11:11.855740,KXBTCD-25MAY1920-T105999.99,DELTA,25,150,28,1000,1019,no,72,1000
2025-05-19T16:11:11.856044,KXBTCD-25MAY1920-T105999.99,DELTA,25,150,28,1000,1020,yes,20,2000
2025-05-19T16:11:11.856169,KXBTCD-25MAY1920-T105999.99,DELTA,25,150,28,1000,1021,no,69,2000
2025-05-19T16:11:12.056054,KXBTCD-25MAY1920-T105999.99,DELTA,25,50,28,1000,1022,yes,25,-100
2025-05-19T16:11:12.634509,KXBTCD-25MAY1920-T105999.99,DELTA,25,50,28,1000,1023,no,67,100
2025-05-19T16:11:13.778182,KXBTCD-25MAY1920-T105999.99,DELTA,25,50,28,1000,1024,yes,24,-14
2025-05-19T16:11:13.778583,KXBTCD-25MAY1920-T105999.99,DELTA,25,50,28,1000,1025,yes,22,14
2025-05-19T16:11:13.778779,KXBTCD-25MAY1920-T105999.99,DELTA,25,50,28,1000,1026,yes,20,30
2025-05-19T16:11:13.778982,KXBTCD-25MAY1920-T105999.99,DELTA,25,50,28,1000,1027,no,68,14
2025-05-19T16:11:13.779219,KXBTCD-25MAY1920-T105999.99,DELTA,25,50,28,1000,1028,no,70,30
2025-05-19T16:11:13.779460,KXBTCD-25MAY1920-T105999.99,DELTA,25,50,28,1000,1029,no,66,-14
2025-05-19T16:11:13.795720,KXBTCD-25MAY1920-T105999.99,DELTA,25,50,28,1000,1030,yes,20,-1250
2025-05-19T16:11:13.795927,KXBTCD-25MAY1920-T105999.99,DELTA,25,50,28,1000,1031,yes,22,-30
2025-05-19T16:11:13.815923,KXBTCD-25MAY1920-T105999.99,DELTA,25,50,28,1000,1032,no,69,-30
2025-05-19T16:11:13.835525,KXBTCD-25MAY1920-T105999.99,DELTA,25,50,28,1000,1033,no,68,-1250
2025-05-19T16:11:13.856455,KXBTCD-25MAY1920-T105999.99,DELTA,25,50,28,1000,1034,yes,19,1250
2025-05-19T16:11:13.876197,KXBTCD-25MAY1920-T105999.99,DELTA,25,50,28,1000,1035,no,69,1250
2025-05-19T16:11:14.056042,KXBTCD-25MAY1920-T105999.99,DELTA,25,150,28,1000,1036,yes,25,100
2025-05-19T16:11:14.117109,KXBTCD-25MAY1920-T105999.99,DELTA,25,100,28,1000,1037,yes,25,-50
2025-05-19T16:11:14.117253,KXBTCD-25MAY1920-T105999.99,DELTA,25,100,28,1000,1038,yes,24,50
2025-05-19T16:11:14.155025,KXBTCD-25MAY1920-T105999.99,DELTA,25,100,28,1000,1039,yes,20,-2000
2025-05-19T16:11:14.155884,KXBTCD-25MAY1920-T105999.99,DELTA,25,100,28,1000,1040,yes,23,-1000
2025-05-19T16:11:14.253985,KXBTCD-25MAY1920-T105999.99,DELTA,25,100,28,1000,1041,yes,19,-1250
2025-05-19T16:11:14.254274,KXBTCD-25MAY1920-T105999.99,DELTA,25,100,28,1000,1042,yes,19,2000
2025-05-19T16:11:14.254436,KXBTCD-25MAY1920-T105999.99,DELTA,25,100,28,1000,1043,yes,22,1000
2025-05-19T16:11:14.254577,KXBTCD-25MAY1920-T105999.99,DELTA,25,100,28,1000,1044,no,67,-100
2025-05-19T16:11:14.315525,KXBTCD-25MAY1920-T105999.99,DELTA,25,100,28,1000,1045,yes,18,1250
2025-05-19T16:11:14.495520,KXBTCD-25MAY1920-T105999.99,DELTA,25,100,28,1000,1046,yes,22,-250
2025-05-19T16:11:14.495758,KXBTCD-25MAY1920-T105999.99,DELTA,25,100,28,1000,1047,yes,12,250
2025-05-19T16:11:14.518038,KXBTCD-25MAY1920-T105999.99,DELTA,25,100,28,1000,1048,yes,14,250
2025-05-19T16:11:14.555733,KXBTCD-25MAY1920-T105999.99,DELTA,25,100,28,1000,1049,yes,22,-1000
2025-05-19T16:11:14.598281,KXBTCD-25MAY1920-T105999.99,DELTA,25,100,28,1000,1050,yes,21,1000
2025-05-19T16:11:14.643384,KXBTCD-25MAY1920-T105999.99,DELTA,25,100,28,1000,1051,yes,10,-2916
2025-05-19T16:11:14.643603,KXBTCD-25MAY1920-T105999.99,DELTA,25,100,28,1000,1052,yes,4,7290
2025-05-19T16:11:14.688943,KXBTCD-25MAY1920-T105999.99,DELTA,25,100,28,1000,1053,no,30,-972
2025-05-19T16:11:14.689381,KXBTCD-25MAY1920-T105999.99,DELTA,25,100,28,1000,1054,no,31,940
2025-05-19T16:11:14.697575,KXBTCD-25MAY1920-T105999.99,DELTA,25,100,28,1000,1055,yes,5,20000
2025-05-19T16:11:14.717258,KXBTCD-25MAY1920-T105999.99,DELTA,24,50,28,1000,1056,yes,25,-100
2025-05-19T16:11:15.156450,KXBTCD-25MAY1920-T105999.99,DELTA,24,50,28,1000,1057,no,70,250
2025-05-19T16:11:15.157201,KXBTCD-25MAY1920-T105999.99,DELTA,24,50,28,1000,1058,no,60,-250
2025-05-19T16:11:15.215871,KXBTCD-25MAY1920-T105999.99,DELTA,24,50,28,1000,1059,no,69,-2000
2025-05-19T16:11:15.235192,KXBTCD-25MAY1920-T105999.99,DELTA,24,50,28,1000,1060,no,69,-1250
2025-05-19T16:11:15.296126,KXBTCD-25MAY1920-T105999.99,DELTA,24,50,28,1000,1061,no,70,2000
2025-05-19T16:11:15.296830,KXBTCD-25MAY1920-T105999.99,DELTA,24,50,28,1000,1062,no,70,1250
2025-05-19T16:11:15.734810,KXBTCD-25MAY1920-T105999.99,DELTA,24,50,28,1000,1063,yes,4,-7290
2025-05-19T16:11:15.735268,KXBTCD-25MAY1920-T105999.99,DELTA,24,50,28,1000,1064,yes,6,4860
2025-05-19T16:11:15.795656,KXBTCD-25MAY1920-T105999.99,DELTA,24,50,28,1000,1065,yes,5,-20000
2025-05-19T16:11:15.836512,KXBTCD-25MAY1920-T105999.99,DELTA,24,50,28,1000,1066,yes,7,20000
2025-05-19T16:11:15.996647,KXBTCD-25MAY1920-T105999.99,DELTA,24,50,28,1000,1067,yes,23,100
2025-05-19T16:11:15.997492,KXBTCD-25MAY1920-T105999.99,DELTA,24,50,28,1000,1068,no,69,100
2025-05-19T16:11:16.257348,KXBTCD-25MAY1920-T105999.99,DELTA,23,100,28,1000,1069,yes,24,-50
2025-05-19T16:11:16.796013,KXBTCD-25MAY1920-T105999.99,DELTA,23,100,28,1000,1070,yes,6,-4860
2025-05-19T16:11:16.796221,KXBTCD-25MAY1920-T105999.99,DELTA,23,100,28,1000,1071,yes,8,3645
2025-05-19T16:11:16.855609,KXBTCD-25MAY1920-T105999.99,DELTA,23,100,28,1000,1072,yes,7,-20000
2025-05-19T16:11:16.894823,KXBTCD-25MAY1920-T105999.99,DELTA,23,100,28,1000,1073,yes,9,20000
2025-05-19T16:11:17.054730,KXBTCD-25MAY1920-T105999.99,DELTA,23,100,28,1000,1074,no,69,-100
2025-05-19T16:11:17.075041,KXBTCD-25MAY1920-T105999.99,DELTA,22,14,28,1000,1075,yes,23,-100
2025-05-19T16:11:17.315454,KXBTCD-25MAY1920-T105999.99,DELTA,22,64,28,1000,1076,yes,22,50
2025-05-19T16:11:17.375068,KXBTCD-25MAY1920-T105999.99,DELTA,22,64,28,1000,1077,yes,21,-1000
2025-05-19T16:11:17.415342,KXBTCD-25MAY1920-T105999.99,DELTA,22,1064,28,1000,1078,yes,22,1000
2025-05-19T16:11:17.795400,KXBTCD-25MAY1920-T105999.99,DELTA,22,1064,28,1000,1079,yes,8,-3645
2025-05-19T16:11:17.795579,KXBTCD-25MAY1920-T105999.99,DELTA,22,1064,28,1000,1080,yes,9,3240
2025-05-19T16:11:17.876549,KXBTCD-25MAY1920-T105999.99,DELTA,22,1064,28,1000,1081,yes,9,-20000
2025-05-19T16:11:17.935300,KXBTCD-25MAY1920-T105999.99,DELTA,22,1064,28,1000,1082,yes,10,20000
2025-05-19T16:11:18.696053,KXBTCD-25MAY1920-T105999.99,DELTA,22,1064,28,1000,1083,yes,18,30
2025-05-19T16:11:18.696266,KXBTCD-25MAY1920-T105999.99,DELTA,22,1064,28,1000,1084,yes,20,-30
2025-05-19T16:11:18.716432,KXBTCD-25MAY1920-T105999.99,DELTA,22,1050,28,1000,1085,yes,22,-14
2025-05-19T16:11:18.716712,KXBTCD-25MAY1920-T105999.99,DELTA,22,1050,28,1030,1086,no,72,30
2025-05-19T16:11:18.716794,KXBTCD-25MAY1920-T105999.99,DELTA,22,1050,28,1030,1087,yes,21,14
2025-05-19T16:11:18.717014,KXBTCD-25MAY1920-T105999.99,DELTA,22,1050,28,1030,1088,no,70,-30
2025-05-19T16:11:18.717078,KXBTCD-25MAY1920-T105999.99,DELTA,22,1050,28,1030,1089,no,68,-14
2025-05-19T16:11:18.717136,KXBTCD-25MAY1920-T105999.99,DELTA,22,1050,28,1030,1090,no,70,14
2025-05-19T16:11:18.776200,KXBTCD-25MAY1920-T105999.99,DELTA,22,1050,28,1030,1091,yes,19,-2000
2025-05-19T16:11:18.795645,KXBTCD-25MAY1920-T105999.99,DELTA,22,50,28,1030,1092,yes,22,-1000
2025-05-19T16:11:18.795883,KXBTCD-25MAY1920-T105999.99,DELTA,22,50,28,1030,1093,no,70,-2000
2025-05-19T16:11:18.815952,KXBTCD-25MAY1920-T105999.99,DELTA,22,50,28,30,1094,no,72,-1000
2025-05-19T16:11:18.854568,KXBTCD-25MAY1920-T105999.99,DELTA,22,50,28,30,1095,yes,21,1000
2025-05-19T16:11:18.854736,KXBTCD-25MAY1920-T105999.99,DELTA,22,50,28,30,1096,yes,18,2000
2025-05-19T16:11:18.874970,KXBTCD-25MAY1920-T105999.99,DELTA,22,50,28,30,1097,no,71,2000
