timestamp,market_ticker,type,yes_bid_price_cents,yes_bid_qty,yes_ask_price_cents,yes_ask_qty_on_no_side,sequence_num,delta_side,delta_price_cents,delta_quantity
2025-05-21T15:00:38.358171,KXBTCD-25MAY2119-T108499.99,SNAPSHOT,48,100,50,50,1,,,
2025-05-21T15:00:47.380671,KXBTCD-25MAY2119-T108499.99,DELTA,48,100,50,50,2,yes,22,3000
2025-05-21T15:00:47.771845,KXBTCD-25MAY2119-T108499.99,DELTA,48,100,50,50,3,yes,21,-9
2025-05-21T15:00:48.230641,KXBTCD-25MAY2119-T108499.99,DELTA,48,100,50,50,4,yes,3,80000
2025-05-21T15:00:48.331200,KXBTCD-25MAY2119-T108499.99,DELTA,48,100,50,50,5,yes,23,9
2025-05-21T15:00:48.372543,KXBTCD-25MAY2119-T108499.99,DELTA,48,100,50,50,6,yes,21,1000
2025-05-21T15:00:48.373797,KXBTCD-25MAY2119-T108499.99,DELTA,48,100,50,50,7,yes,21,2000
2025-05-21T15:00:48.374444,KXBTCD-25MAY2119-T108499.99,DELTA,48,100,50,50,8,no,26,3000
2025-05-21T15:00:48.374583,KXBTCD-25MAY2119-T108499.99,DELTA,48,100,50,50,9,no,3,80000
2025-05-21T15:00:48.390962,KXBTCD-25MAY2119-T108499.99,DELTA,48,100,50,50,10,yes,2,20000
2025-05-21T15:00:49.354084,KXBTCD-25MAY2119-T108499.99,DELTA,48,100,50,50,11,no,21,2000
2025-05-21T15:00:49.354926,KXBTCD-25MAY2119-T108499.99,DELTA,48,100,50,50,12,no,46,1000
2025-05-21T15:00:49.376350,KXBTCD-25MAY2119-T108499.99,DELTA,48,100,50,50,13,no,6,20000
2025-05-21T15:00:52.049990,KXBTCD-25MAY2119-T108499.99,DELTA,48,100,50,50,14,yes,40,24
2025-05-21T15:00:52.050269,KXBTCD-25MAY2119-T108499.99,DELTA,48,100,50,50,15,no,42,24
2025-05-21T15:00:52.172591,KXBTCD-25MAY2119-T108499.99,DELTA,48,100,50,50,16,no,46,-9
2025-05-21T15:00:52.172859,KXBTCD-25MAY2119-T108499.99,DELTA,48,100,50,50,17,yes,23,-9
2025-05-21T15:00:52.190846,KXBTCD-25MAY2119-T108499.99,DELTA,48,100,50,50,18,yes,41,9
2025-05-21T15:00:53.917583,KXBTCD-25MAY2119-T108499.99,DELTA,48,100,50,50,19,yes,1,-32400
2025-05-21T15:00:53.918524,KXBTCD-25MAY2119-T108499.99,DELTA,48,100,50,50,20,yes,4,8100
2025-05-21T15:00:53.919174,KXBTCD-25MAY2119-T108499.99,DELTA,48,100,50,50,21,no,5,-6480
2025-05-21T15:00:53.919740,KXBTCD-25MAY2119-T108499.99,DELTA,48,100,50,50,22,no,7,4628
2025-05-21T15:00:53.920379,KXBTCD-25MAY2119-T108499.99,DELTA,48,100,50,50,23,yes,2,-20000
2025-05-21T15:00:53.930820,KXBTCD-25MAY2119-T108499.99,DELTA,48,100,50,50,24,yes,5,20000
2025-05-21T15:00:53.952576,KXBTCD-25MAY2119-T108499.99,DELTA,48,100,50,50,25,no,6,-20000
2025-05-21T15:00:54.011433,KXBTCD-25MAY2119-T108499.99,DELTA,48,100,50,50,26,no,8,20000
2025-05-21T15:00:54.872188,KXBTCD-25MAY2119-T108499.99,DELTA,48,100,50,50,27,yes,21,-1000
2025-05-21T15:00:54.911956,KXBTCD-25MAY2119-T108499.99,DELTA,48,1100,50,50,28,yes,48,1000
2025-05-21T15:00:54.951555,KXBTCD-25MAY2119-T108499.99,DELTA,48,1100,50,50,29,yes,20,-200
2025-05-21T15:00:54.952079,KXBTCD-25MAY2119-T108499.99,DELTA,48,1100,50,50,30,yes,30,200
2025-05-21T15:00:54.970175,KXBTCD-25MAY2119-T108499.99,DELTA,48,1100,50,40,31,no,50,-10
2025-05-21T15:00:55.011270,KXBTCD-25MAY2119-T108499.99,DELTA,48,1100,50,40,32,yes,21,-2000
2025-05-21T15:00:55.050872,KXBTCD-25MAY2119-T108499.99,DELTA,48,1100,50,40,33,yes,31,2000
2025-05-21T15:00:55.130922,KXBTCD-25MAY2119-T108499.99,DELTA,48,1100,50,40,34,yes,40,-24
2025-05-21T15:00:55.131749,KXBTCD-25MAY2119-T108499.99,DELTA,48,1100,50,40,35,yes,42,24
2025-05-21T15:00:55.132493,KXBTCD-25MAY2119-T108499.99,DELTA,48,1100,50,40,36,no,42,-24
2025-05-21T15:00:55.151702,KXBTCD-25MAY2119-T108499.99,DELTA,48,1100,50,40,37,no,40,24
2025-05-21T15:00:55.392832,KXBTCD-25MAY2119-T108499.99,DELTA,48,1000,50,40,38,yes,48,-100
2025-05-21T15:00:55.412503,KXBTCD-25MAY2119-T108499.99,DELTA,48,1000,50,40,39,no,45,-100
2025-05-21T15:00:55.454675,KXBTCD-25MAY2119-T108499.99,DELTA,42,24,50,40,40,yes,48,-1000
2025-05-21T15:00:55.471916,KXBTCD-25MAY2119-T108499.99,DELTA,42,24,50,40,41,no,46,-1000
2025-05-21T15:00:55.491944,KXBTCD-25MAY2119-T108499.99,DELTA,42,24,50,40,42,yes,31,1000
2025-05-21T15:00:55.530527,KXBTCD-25MAY2119-T108499.99,DELTA,42,24,50,40,43,no,21,1000
2025-05-21T15:00:56.533153,KXBTCD-25MAY2119-T108499.99,DELTA,42,24,50,40,44,yes,4,-8100
2025-05-21T15:00:56.533973,KXBTCD-25MAY2119-T108499.99,DELTA,42,24,50,40,45,yes,6,5400
2025-05-21T15:00:56.592536,KXBTCD-25MAY2119-T108499.99,DELTA,42,24,50,40,46,no,7,-4628
2025-05-21T15:00:56.592975,KXBTCD-25MAY2119-T108499.99,DELTA,42,24,50,40,47,no,9,3600
2025-05-21T15:00:56.593165,KXBTCD-25MAY2119-T108499.99,DELTA,42,24,50,40,48,yes,5,-20000
2025-05-21T15:00:56.652107,KXBTCD-25MAY2119-T108499.99,DELTA,42,24,50,40,49,yes,7,20000
2025-05-21T15:00:56.652576,KXBTCD-25MAY2119-T108499.99,DELTA,42,24,50,40,50,yes,41,-9
2025-05-21T15:00:56.652925,KXBTCD-25MAY2119-T108499.99,DELTA,42,24,50,40,51,yes,32,9
2025-05-21T15:00:56.672350,KXBTCD-25MAY2119-T108499.99,DELTA,42,24,50,40,52,no,8,-20000
2025-05-21T15:00:56.691671,KXBTCD-25MAY2119-T108499.99,DELTA,42,24,50,40,53,no,41,9
2025-05-21T15:00:56.731092,KXBTCD-25MAY2119-T108499.99,DELTA,42,24,50,40,54,no,10,20000
2025-05-21T15:00:56.990353,KXBTCD-25MAY2119-T108499.99,DELTA,42,24,50,40,55,no,43,100
2025-05-21T15:00:57.011028,KXBTCD-25MAY2119-T108499.99,DELTA,49,100,50,40,56,yes,49,100
2025-05-21T15:00:57.050856,KXBTCD-25MAY2119-T108499.99,DELTA,49,100,50,40,57,no,21,-1000
2025-05-21T15:00:57.111463,KXBTCD-25MAY2119-T108499.99,DELTA,49,100,50,40,58,no,44,1000
2025-05-21T15:00:57.271243,KXBTCD-25MAY2119-T108499.99,DELTA,42,24,50,40,59,yes,49,-100
2025-05-21T15:00:57.271858,KXBTCD-25MAY2119-T108499.99,DELTA,42,24,50,40,60,no,43,-100
2025-05-21T15:00:57.335208,KXBTCD-25MAY2119-T108499.99,DELTA,42,24,50,40,61,no,44,-1000
2025-05-21T15:00:57.392931,KXBTCD-25MAY2119-T108499.99,DELTA,42,24,50,40,62,no,21,1000
2025-05-21T15:00:57.412063,KXBTCD-25MAY2119-T108499.99,DELTA,42,24,50,40,63,no,45,9
2025-05-21T15:00:57.412912,KXBTCD-25MAY2119-T108499.99,DELTA,42,24,50,40,64,no,41,-9
2025-05-21T15:00:57.791426,KXBTCD-25MAY2119-T108499.99,DELTA,42,24,50,40,65,yes,6,-5400
2025-05-21T15:00:57.792099,KXBTCD-25MAY2119-T108499.99,DELTA,42,24,50,40,66,yes,8,4050
2025-05-21T15:00:57.853695,KXBTCD-25MAY2119-T108499.99,DELTA,42,24,50,40,67,no,9,-3600
2025-05-21T15:00:57.854561,KXBTCD-25MAY2119-T108499.99,DELTA,42,24,50,40,68,no,11,2945
2025-05-21T15:00:57.855267,KXBTCD-25MAY2119-T108499.99,DELTA,42,24,50,40,69,yes,7,-20000
2025-05-21T15:00:57.911966,KXBTCD-25MAY2119-T108499.99,DELTA,42,24,50,40,70,yes,9,20000
2025-05-21T15:00:57.931326,KXBTCD-25MAY2119-T108499.99,DELTA,42,24,50,40,71,no,10,-20000
2025-05-21T15:00:57.971726,KXBTCD-25MAY2119-T108499.99,DELTA,42,24,50,40,72,no,2,20000
2025-05-21T15:00:58.533004,KXBTCD-25MAY2119-T108499.99,DELTA,42,24,55,9,73,no,50,-40
2025-05-21T15:00:58.533495,KXBTCD-25MAY2119-T108499.99,DELTA,50,60,55,9,74,yes,50,60
2025-05-21T15:00:58.550914,KXBTCD-25MAY2119-T108499.99,DELTA,50,60,55,9,75,no,42,100
2025-05-21T15:00:58.611163,KXBTCD-25MAY2119-T108499.99,DELTA,50,60,55,9,76,no,21,-1000
2025-05-21T15:00:58.651526,KXBTCD-25MAY2119-T108499.99,DELTA,50,60,55,9,77,yes,43,9
2025-05-21T15:00:58.672013,KXBTCD-25MAY2119-T108499.99,DELTA,50,60,55,9,78,no,27,9
2025-05-21T15:00:58.672150,KXBTCD-25MAY2119-T108499.99,DELTA,50,60,58,100,79,no,45,-9
2025-05-21T15:00:58.672227,KXBTCD-25MAY2119-T108499.99,DELTA,51,9,58,100,80,yes,51,9
2025-05-21T15:00:58.672296,KXBTCD-25MAY2119-T108499.99,DELTA,51,9,58,100,81,yes,32,-9
2025-05-21T15:00:58.672358,KXBTCD-25MAY2119-T108499.99,DELTA,51,9,57,1000,82,no,43,1000
2025-05-21T15:00:58.690476,KXBTCD-25MAY2119-T108499.99,DELTA,51,9,57,1000,83,no,27,9
2025-05-21T15:00:58.889856,KXBTCD-25MAY2119-T108499.99,DELTA,51,9,57,1000,84,yes,50,-60
2025-05-21T15:00:58.996048,KXBTCD-25MAY2119-T108499.99,DELTA,51,9,57,1000,85,yes,1,8000
2025-05-21T15:00:59.071231,KXBTCD-25MAY2119-T108499.99,DELTA,51,9,57,1000,86,yes,8,-4050
2025-05-21T15:00:59.071511,KXBTCD-25MAY2119-T108499.99,DELTA,51,9,57,1000,87,yes,10,3240
2025-05-21T15:00:59.090517,KXBTCD-25MAY2119-T108499.99,DELTA,51,9,57,1000,88,no,27,-9
2025-05-21T15:00:59.090797,KXBTCD-25MAY2119-T108499.99,DELTA,51,9,56,9,89,no,44,9
2025-05-21T15:00:59.111550,KXBTCD-25MAY2119-T108499.99,DELTA,43,9,56,9,90,yes,51,-9
2025-05-21T15:00:59.111846,KXBTCD-25MAY2119-T108499.99,DELTA,43,9,56,9,91,yes,32,9
2025-05-21T15:00:59.131243,KXBTCD-25MAY2119-T108499.99,DELTA,43,9,56,9,92,no,11,-2945
2025-05-21T15:00:59.131427,KXBTCD-25MAY2119-T108499.99,DELTA,43,9,56,9,93,no,5,6480
2025-05-21T15:00:59.151476,KXBTCD-25MAY2119-T108499.99,DELTA,43,9,56,9,94,yes,9,-20000
2025-05-21T15:00:59.190980,KXBTCD-25MAY2119-T108499.99,DELTA,43,9,56,9,95,yes,11,20000
2025-05-21T15:00:59.191316,KXBTCD-25MAY2119-T108499.99,DELTA,43,9,56,9,96,no,2,-20000
2025-05-21T15:00:59.231284,KXBTCD-25MAY2119-T108499.99,DELTA,43,9,56,9,97,no,6,20000
2025-05-21T15:00:59.411205,KXBTCD-25MAY2119-T108499.99,DELTA,43,9,56,9,98,no,42,-100
2025-05-21T15:00:59.491166,KXBTCD-25MAY2119-T108499.99,DELTA,43,9,56,9,99,no,43,-1000
2025-05-21T15:00:59.530904,KXBTCD-25MAY2119-T108499.99,DELTA,42,24,56,9,100,yes,43,-9
2025-05-21T15:00:59.531431,KXBTCD-25MAY2119-T108499.99,DELTA,42,24,56,9,101,no,27,-9
2025-05-21T15:00:59.531605,KXBTCD-25MAY2119-T108499.99,DELTA,42,24,56,9,102,no,21,1000
2025-05-21T15:00:59.531750,KXBTCD-25MAY2119-T108499.99,DELTA,42,24,56,9,103,yes,32,9
2025-05-21T15:00:59.553069,KXBTCD-25MAY2119-T108499.99,DELTA,49,100,56,9,104,yes,49,100
2025-05-21T15:00:59.610907,KXBTCD-25MAY2119-T108499.99,DELTA,49,100,56,9,105,yes,31,-1000
2025-05-21T15:00:59.652035,KXBTCD-25MAY2119-T108499.99,DELTA,49,1100,56,9,106,yes,49,1000
2025-05-21T15:01:00.135146,KXBTCD-25MAY2119-T108499.99,DELTA,49,1000,56,9,107,yes,49,-100
2025-05-21T15:01:00.210706,KXBTCD-25MAY2119-T108499.99,DELTA,42,24,56,9,108,yes,49,-1000
2025-05-21T15:01:00.255978,KXBTCD-25MAY2119-T108499.99,DELTA,42,24,56,9,109,yes,31,1000
2025-05-21T15:01:00.256576,KXBTCD-25MAY2119-T108499.99,DELTA,42,24,56,9,110,yes,32,-9
2025-05-21T15:01:00.256825,KXBTCD-25MAY2119-T108499.99,DELTA,50,9,56,9,111,yes,50,9
2025-05-21T15:01:00.257032,KXBTCD-25MAY2119-T108499.99,DELTA,50,9,60,24,112,no,44,-9
2025-05-21T15:01:00.257300,KXBTCD-25MAY2119-T108499.99,DELTA,50,9,60,24,113,no,27,9
2025-05-21T15:01:00.331276,KXBTCD-25MAY2119-T108499.99,DELTA,50,9,60,24,114,yes,10,-3240
2025-05-21T15:01:00.332265,KXBTCD-25MAY2119-T108499.99,DELTA,50,9,60,24,115,yes,12,2700
2025-05-21T15:01:00.351848,KXBTCD-25MAY2119-T108499.99,DELTA,50,9,60,24,116,yes,32,-9
2025-05-21T15:01:00.391499,KXBTCD-25MAY2119-T108499.99,DELTA,50,9,60,24,117,no,5,-6480
2025-05-21T15:01:00.392211,KXBTCD-25MAY2119-T108499.99,DELTA,50,9,60,24,118,no,7,4628
2025-05-21T15:01:00.392809,KXBTCD-25MAY2119-T108499.99,DELTA,50,9,60,24,119,yes,11,-20000
2025-05-21T15:01:00.453141,KXBTCD-25MAY2119-T108499.99,DELTA,50,9,60,24,120,no,6,-20000
2025-05-21T15:01:00.511527,KXBTCD-25MAY2119-T108499.99,DELTA,50,9,60,24,121,no,8,20000
2025-05-21T15:01:00.631617,KXBTCD-25MAY2119-T108499.99,DELTA,50,9,58,100,122,no,42,100
2025-05-21T15:01:00.691269,KXBTCD-25MAY2119-T108499.99,DELTA,50,9,58,100,123,no,21,-1000
2025-05-21T15:01:00.732479,KXBTCD-25MAY2119-T108499.99,DELTA,50,9,57,1000,124,no,43,1000
2025-05-21T15:01:00.752020,KXBTCD-25MAY2119-T108499.99,DELTA,50,9,57,1000,125,no,27,-9
2025-05-21T15:01:00.752404,KXBTCD-25MAY2119-T108499.99,DELTA,50,9,57,1009,126,no,43,9
2025-05-21T15:01:00.752593,KXBTCD-25MAY2119-T108499.99,DELTA,42,24,57,1009,127,yes,50,-9
2025-05-21T15:01:00.752736,KXBTCD-25MAY2119-T108499.99,DELTA,42,24,57,1009,128,yes,32,9
2025-05-21T15:01:01.392958,KXBTCD-25MAY2119-T108499.99,DELTA,50,100,57,1009,129,yes,50,100
2025-05-21T15:01:01.511929,KXBTCD-25MAY2119-T108499.99,DELTA,50,100,57,1000,130,no,43,-9
2025-05-21T15:01:01.512705,KXBTCD-25MAY2119-T108499.99,DELTA,50,100,57,1000,131,yes,32,-9
2025-05-21T15:01:01.513062,KXBTCD-25MAY2119-T108499.99,DELTA,50,100,57,1000,132,yes,43,9
2025-05-21T15:01:01.530808,KXBTCD-25MAY2119-T108499.99,DELTA,50,100,57,1000,133,no,42,-100
2025-05-21T15:01:01.591117,KXBTCD-25MAY2119-T108499.99,DELTA,50,100,60,24,134,no,43,-1000
2025-05-21T15:01:01.632203,KXBTCD-25MAY2119-T108499.99,DELTA,50,100,60,24,135,no,21,1000
2025-05-21T15:01:01.671378,KXBTCD-25MAY2119-T108499.99,DELTA,50,100,60,24,136,yes,12,-2700
2025-05-21T15:01:01.672121,KXBTCD-25MAY2119-T108499.99,DELTA,50,100,60,24,137,yes,4,8100
2025-05-21T15:01:01.731529,KXBTCD-25MAY2119-T108499.99,DELTA,50,100,60,24,138,yes,5,20000
2025-05-21T15:01:01.732424,KXBTCD-25MAY2119-T108499.99,DELTA,50,100,60,24,139,no,7,-4628
2025-05-21T15:01:01.732741,KXBTCD-25MAY2119-T108499.99,DELTA,50,100,60,24,140,no,9,3600
2025-05-21T15:01:01.811366,KXBTCD-25MAY2119-T108499.99,DELTA,50,100,60,24,141,no,8,-20000
2025-05-21T15:01:01.851914,KXBTCD-25MAY2119-T108499.99,DELTA,50,100,60,24,142,no,10,20000
2025-05-21T15:01:01.931913,KXBTCD-25MAY2119-T108499.99,DELTA,50,100,60,24,143,no,27,9
2025-05-21T15:01:01.932858,KXBTCD-25MAY2119-T108499.99,DELTA,51,9,60,24,144,yes,51,9
2025-05-21T15:01:02.453210,KXBTCD-25MAY2119-T108499.99,DELTA,51,9,57,100,145,no,43,100
2025-05-21T15:01:02.510559,KXBTCD-25MAY2119-T108499.99,DELTA,51,9,57,100,146,no,21,-1000
2025-05-21T15:01:02.551729,KXBTCD-25MAY2119-T108499.99,DELTA,51,9,57,100,147,yes,31,-1000
2025-05-21T15:01:02.571224,KXBTCD-25MAY2119-T108499.99,DELTA,51,9,56,1000,148,no,44,1000
2025-05-21T15:01:02.572106,KXBTCD-25MAY2119-T108499.99,DELTA,51,9,56,1000,149,no,27,-9
2025-05-21T15:01:02.572575,KXBTCD-25MAY2119-T108499.99,DELTA,50,100,56,1000,150,yes,51,-9
2025-05-21T15:01:02.572937,KXBTCD-25MAY2119-T108499.99,DELTA,50,100,56,1000,151,no,27,9
2025-05-21T15:01:02.611711,KXBTCD-25MAY2119-T108499.99,DELTA,50,1100,56,1000,152,yes,50,1000
2025-05-21T15:01:02.892207,KXBTCD-25MAY2119-T108499.99,DELTA,50,1100,56,788,153,no,44,-212
2025-05-21T15:01:03.119180,KXBTCD-25MAY2119-T108499.99,DELTA,50,100,56,788,154,yes,50,-1000
2025-05-21T15:01:03.192298,KXBTCD-25MAY2119-T108499.99,DELTA,50,100,56,788,155,yes,31,1000
2025-05-21T15:01:03.633222,KXBTCD-25MAY2119-T108499.99,DELTA,50,100,56,788,156,yes,31,-1000
2025-05-21T15:01:03.670906,KXBTCD-25MAY2119-T108499.99,DELTA,50,1100,56,788,157,yes,50,1000
2025-05-21T15:01:03.751235,KXBTCD-25MAY2119-T108499.99,DELTA,50,1100,56,788,158,no,27,-9
2025-05-21T15:01:04.791674,KXBTCD-25MAY2119-T108499.99,DELTA,50,100,56,788,159,yes,50,-1000
2025-05-21T15:01:04.832207,KXBTCD-25MAY2119-T108499.99,DELTA,50,100,56,788,160,yes,31,1000
2025-05-21T15:01:05.696349,KXBTCD-25MAY2119-T108499.99,DELTA,50,100,56,788,161,yes,4,-8100
2025-05-21T15:01:05.697092,KXBTCD-25MAY2119-T108499.99,DELTA,50,100,56,788,162,yes,6,5400
2025-05-21T15:01:05.697735,KXBTCD-25MAY2119-T108499.99,DELTA,50,100,56,788,163,yes,5,-20000
2025-05-21T15:01:05.698157,KXBTCD-25MAY2119-T108499.99,DELTA,50,100,56,788,164,no,9,-3600
2025-05-21T15:01:05.698492,KXBTCD-25MAY2119-T108499.99,DELTA,50,100,56,788,165,no,11,2945
2025-05-21T15:01:05.711719,KXBTCD-25MAY2119-T108499.99,DELTA,50,100,56,788,166,yes,7,20000
2025-05-21T15:01:05.748329,KXBTCD-25MAY2119-T108499.99,DELTA,50,100,56,788,167,no,10,-20000
2025-05-21T15:01:05.758425,KXBTCD-25MAY2119-T108499.99,DELTA,50,100,56,788,168,no,2,20000
2025-05-21T15:01:08.071424,KXBTCD-25MAY2119-T108499.99,DELTA,50,100,56,788,169,yes,6,-5400
2025-05-21T15:01:08.071718,KXBTCD-25MAY2119-T108499.99,DELTA,50,100,56,788,170,yes,8,4050
2025-05-21T15:01:08.147960,KXBTCD-25MAY2119-T108499.99,DELTA,50,100,56,788,171,no,11,-2945
2025-05-21T15:01:08.148574,KXBTCD-25MAY2119-T108499.99,DELTA,50,100,56,788,172,no,5,6480
2025-05-21T15:01:08.148998,KXBTCD-25MAY2119-T108499.99,DELTA,50,100,56,788,173,yes,7,-20000
2025-05-21T15:01:08.170990,KXBTCD-25MAY2119-T108499.99,DELTA,50,100,56,788,174,yes,9,20000
2025-05-21T15:01:08.190886,KXBTCD-25MAY2119-T108499.99,DELTA,50,100,56,788,175,no,2,-20000
2025-05-21T15:01:08.230580,KXBTCD-25MAY2119-T108499.99,DELTA,50,100,56,788,176,no,6,20000
2025-05-21T15:01:08.411311,KXBTCD-25MAY2119-T108499.99,DELTA,50,100,56,788,177,yes,44,24
2025-05-21T15:01:08.430898,KXBTCD-25MAY2119-T108499.99,DELTA,50,100,56,788,178,no,39,24
2025-05-21T15:01:08.451513,KXBTCD-25MAY2119-T108499.99,DELTA,50,100,56,788,179,yes,42,-24
2025-05-21T15:01:08.451761,KXBTCD-25MAY2119-T108499.99,DELTA,50,100,56,788,180,no,40,-24
2025-05-21T15:01:08.972037,KXBTCD-25MAY2119-T108499.99,DELTA,50,100,56,788,181,no,43,-100
2025-05-21T15:01:08.991208,KXBTCD-25MAY2119-T108499.99,DELTA,44,24,56,788,182,yes,50,-100
2025-05-21T15:01:09.030746,KXBTCD-25MAY2119-T108499.99,DELTA,44,24,61,24,183,no,44,-788
2025-05-21T15:01:09.091014,KXBTCD-25MAY2119-T108499.99,DELTA,45,9,61,24,184,yes,45,9
2025-05-21T15:01:09.092476,KXBTCD-25MAY2119-T108499.99,DELTA,45,9,61,24,185,yes,43,-9
2025-05-21T15:01:09.130941,KXBTCD-25MAY2119-T108499.99,DELTA,45,9,61,24,186,no,21,1000
2025-05-21T15:01:09.211730,KXBTCD-25MAY2119-T108499.99,DELTA,45,9,49,10,187,no,51,10
2025-05-21T15:01:09.290742,KXBTCD-25MAY2119-T108499.99,DELTA,45,9,49,10,188,yes,8,-4050
2025-05-21T15:01:09.290873,KXBTCD-25MAY2119-T108499.99,DELTA,45,9,49,10,189,yes,10,3240
2025-05-21T15:01:09.330704,KXBTCD-25MAY2119-T108499.99,DELTA,45,9,49,10,190,no,5,-6480
2025-05-21T15:01:09.330799,KXBTCD-25MAY2119-T108499.99,DELTA,45,9,49,10,191,no,7,4628
2025-05-21T15:01:09.351404,KXBTCD-25MAY2119-T108499.99,DELTA,45,9,49,10,192,yes,9,-20000
2025-05-21T15:01:09.391636,KXBTCD-25MAY2119-T108499.99,DELTA,45,9,49,10,193,no,6,-20000
2025-05-21T15:01:09.391814,KXBTCD-25MAY2119-T108499.99,DELTA,45,9,49,10,194,yes,11,20000
2025-05-21T15:01:09.431456,KXBTCD-25MAY2119-T108499.99,DELTA,45,9,49,10,195,no,8,20000
2025-05-21T15:01:09.571156,KXBTCD-25MAY2119-T108499.99,DELTA,45,9,61,24,196,no,51,-10
2025-05-21T15:01:09.571298,KXBTCD-25MAY2119-T108499.99,DELTA,51,90,61,24,197,yes,51,90
2025-05-21T15:01:09.592085,KXBTCD-25MAY2119-T108499.99,DELTA,51,90,59,100,198,no,41,100
2025-05-21T15:01:09.651871,KXBTCD-25MAY2119-T108499.99,DELTA,51,90,59,100,199,no,21,-1000
2025-05-21T15:01:09.710906,KXBTCD-25MAY2119-T108499.99,DELTA,51,90,58,1000,200,no,42,1000
2025-05-21T15:01:10.570994,KXBTCD-25MAY2119-T108499.99,DELTA,51,90,58,1000,201,yes,10,-3240
2025-05-21T15:01:10.571276,KXBTCD-25MAY2119-T108499.99,DELTA,51,90,58,1000,202,yes,12,2700
2025-05-21T15:01:10.631884,KXBTCD-25MAY2119-T108499.99,DELTA,51,90,58,1000,203,no,7,-4628
2025-05-21T15:01:10.632130,KXBTCD-25MAY2119-T108499.99,DELTA,51,90,58,1000,204,no,9,3600
2025-05-21T15:01:10.632266,KXBTCD-25MAY2119-T108499.99,DELTA,51,90,58,1000,205,yes,11,-20000
2025-05-21T15:01:10.691622,KXBTCD-25MAY2119-T108499.99,DELTA,51,90,58,1000,206,no,8,-20000
2025-05-21T15:01:10.752038,KXBTCD-25MAY2119-T108499.99,DELTA,51,90,58,1000,207,no,10,20000
2025-05-21T15:01:11.030754,KXBTCD-25MAY2119-T108499.99,DELTA,51,90,58,1000,208,no,41,-100
2025-05-21T15:01:11.094714,KXBTCD-25MAY2119-T108499.99,DELTA,51,90,61,24,209,no,42,-1000
2025-05-21T15:01:11.153083,KXBTCD-25MAY2119-T108499.99,DELTA,51,90,61,24,210,no,21,1000
2025-05-21T15:01:11.837726,KXBTCD-25MAY2119-T108499.99,DELTA,51,90,61,24,211,yes,12,-2700
2025-05-21T15:01:11.838115,KXBTCD-25MAY2119-T108499.99,DELTA,51,90,61,24,212,yes,4,8100
2025-05-21T15:01:11.854033,KXBTCD-25MAY2119-T108499.99,DELTA,51,90,61,24,213,no,9,-3600
2025-05-21T15:01:11.854283,KXBTCD-25MAY2119-T108499.99,DELTA,51,90,61,24,214,no,11,2945
2025-05-21T15:01:11.854407,KXBTCD-25MAY2119-T108499.99,DELTA,51,90,61,24,215,yes,5,20000
2025-05-21T15:01:11.910906,KXBTCD-25MAY2119-T108499.99,DELTA,51,90,61,24,216,no,27,9
2025-05-21T15:01:11.911229,KXBTCD-25MAY2119-T108499.99,DELTA,51,90,61,24,217,no,27,9
2025-05-21T15:01:11.911495,KXBTCD-25MAY2119-T108499.99,DELTA,51,90,61,24,218,no,10,-20000
2025-05-21T15:01:11.911693,KXBTCD-25MAY2119-T108499.99,DELTA,52,9,61,24,219,yes,52,9
2025-05-21T15:01:11.954235,KXBTCD-25MAY2119-T108499.99,DELTA,52,9,61,24,220,no,2,20000
2025-05-21T15:01:12.211049,KXBTCD-25MAY2119-T108499.99,DELTA,52,9,58,100,221,no,42,100
2025-05-21T15:01:12.272643,KXBTCD-25MAY2119-T108499.99,DELTA,52,9,58,100,222,no,21,-1000
2025-05-21T15:01:12.312271,KXBTCD-25MAY2119-T108499.99,DELTA,52,9,57,1000,223,no,43,1000
2025-05-21T15:01:12.330954,KXBTCD-25MAY2119-T108499.99,DELTA,52,9,57,1000,224,no,27,-9
2025-05-21T15:01:12.331209,KXBTCD-25MAY2119-T108499.99,DELTA,51,90,57,1000,225,yes,52,-9
2025-05-21T15:01:12.950620,KXBTCD-25MAY2119-T108499.99,DELTA,51,90,57,1000,226,yes,4,-8100
2025-05-21T15:01:12.950872,KXBTCD-25MAY2119-T108499.99,DELTA,51,90,57,1000,227,yes,6,5400
2025-05-21T15:01:12.991132,KXBTCD-25MAY2119-T108499.99,DELTA,51,90,57,1000,228,no,11,-2945
2025-05-21T15:01:12.991326,KXBTCD-25MAY2119-T108499.99,DELTA,51,90,57,1000,229,no,5,6480
2025-05-21T15:01:13.010418,KXBTCD-25MAY2119-T108499.99,DELTA,51,90,57,1000,230,yes,5,-20000
2025-05-21T15:01:13.051337,KXBTCD-25MAY2119-T108499.99,DELTA,51,90,57,1000,231,no,2,-20000
2025-05-21T15:01:13.051520,KXBTCD-25MAY2119-T108499.99,DELTA,51,90,57,1000,232,yes,7,20000
2025-05-21T15:01:13.072427,KXBTCD-25MAY2119-T108499.99,DELTA,51,90,57,1000,233,no,27,-9
2025-05-21T15:01:13.091059,KXBTCD-25MAY2119-T108499.99,DELTA,51,90,57,1000,234,no,6,20000
2025-05-21T15:01:16.771489,KXBTCD-25MAY2119-T108499.99,DELTA,51,90,57,1000,235,yes,6,-5400
2025-05-21T15:01:16.772701,KXBTCD-25MAY2119-T108499.99,DELTA,51,90,57,1000,236,yes,8,4050
2025-05-21T15:01:16.812319,KXBTCD-25MAY2119-T108499.99,DELTA,51,90,57,1000,237,no,5,-6480
2025-05-21T15:01:16.813150,KXBTCD-25MAY2119-T108499.99,DELTA,51,90,57,1000,238,no,7,4628
2025-05-21T15:01:16.832368,KXBTCD-25MAY2119-T108499.99,DELTA,51,90,57,1000,239,yes,7,-20000
2025-05-21T15:01:16.872504,KXBTCD-25MAY2119-T108499.99,DELTA,51,90,57,1000,240,no,6,-20000
2025-05-21T15:01:16.893226,KXBTCD-25MAY2119-T108499.99,DELTA,51,90,57,1000,241,yes,9,20000
2025-05-21T15:01:16.931524,KXBTCD-25MAY2119-T108499.99,DELTA,51,90,57,1000,242,no,8,20000
2025-05-21T15:01:19.212415,KXBTCD-25MAY2119-T108499.99,DELTA,51,90,57,1000,243,yes,8,-4050
2025-05-21T15:01:19.212985,KXBTCD-25MAY2119-T108499.99,DELTA,51,90,57,1000,244,yes,10,3240
2025-05-21T15:01:19.271993,KXBTCD-25MAY2119-T108499.99,DELTA,51,90,57,1000,245,no,7,-4628
2025-05-21T15:01:19.273090,KXBTCD-25MAY2119-T108499.99,DELTA,51,90,57,1000,246,no,9,3600
2025-05-21T15:01:19.273720,KXBTCD-25MAY2119-T108499.99,DELTA,51,90,57,1000,247,yes,9,-20000
2025-05-21T15:01:19.331495,KXBTCD-25MAY2119-T108499.99,DELTA,51,90,57,1000,248,yes,11,20000
2025-05-21T15:01:19.392416,KXBTCD-25MAY2119-T108499.99,DELTA,51,90,57,1000,249,no,8,-20000
2025-05-21T15:01:19.431505,KXBTCD-25MAY2119-T108499.99,DELTA,51,90,57,1000,250,no,10,20000
2025-05-21T15:01:20.351578,KXBTCD-25MAY2119-T108499.99,DELTA,51,90,57,1000,251,yes,10,-3240
2025-05-21T15:01:20.352470,KXBTCD-25MAY2119-T108499.99,DELTA,51,90,57,1000,252,yes,12,2700
2025-05-21T15:01:20.411971,KXBTCD-25MAY2119-T108499.99,DELTA,51,90,57,1000,253,yes,11,-20000
2025-05-21T15:01:20.412563,KXBTCD-25MAY2119-T108499.99,DELTA,51,90,57,1000,254,no,9,-3600
2025-05-21T15:01:20.413276,KXBTCD-25MAY2119-T108499.99,DELTA,51,90,57,1000,255,no,11,2945
2025-05-21T15:01:20.472678,KXBTCD-25MAY2119-T108499.99,DELTA,51,90,57,1000,256,no,10,-20000
2025-05-21T15:01:20.512881,KXBTCD-25MAY2119-T108499.99,DELTA,51,90,57,1000,257,no,2,20000
2025-05-21T15:01:21.331235,KXBTCD-25MAY2119-T108499.99,DELTA,51,90,57,1000,258,yes,46,24
2025-05-21T15:01:21.331869,KXBTCD-25MAY2119-T108499.99,DELTA,51,90,57,1000,259,yes,44,-24
2025-05-21T15:01:21.332166,KXBTCD-25MAY2119-T108499.99,DELTA,51,90,57,1000,260,no,37,24
2025-05-21T15:01:21.332377,KXBTCD-25MAY2119-T108499.99,DELTA,51,90,57,1000,261,no,39,-24
2025-05-21T15:01:21.472609,KXBTCD-25MAY2119-T108499.99,DELTA,51,90,57,1000,262,yes,47,9
2025-05-21T15:01:21.474082,KXBTCD-25MAY2119-T108499.99,DELTA,51,90,57,1000,263,yes,45,-9
2025-05-21T15:01:21.475039,KXBTCD-25MAY2119-T108499.99,DELTA,51,90,57,1000,264,yes,31,-1000
2025-05-21T15:01:21.492341,KXBTCD-25MAY2119-T108499.99,DELTA,51,90,57,1000,265,yes,12,-2700
2025-05-21T15:01:21.493156,KXBTCD-25MAY2119-T108499.99,DELTA,51,90,57,1000,266,yes,4,8100
2025-05-21T15:01:21.511140,KXBTCD-25MAY2119-T108499.99,DELTA,51,1090,57,1000,267,yes,51,1000
2025-05-21T15:01:21.552185,KXBTCD-25MAY2119-T108499.99,DELTA,51,1090,57,1000,268,no,11,-2945
2025-05-21T15:01:21.553480,KXBTCD-25MAY2119-T108499.99,DELTA,51,1090,57,1000,269,no,5,6480
2025-05-21T15:01:21.554383,KXBTCD-25MAY2119-T108499.99,DELTA,51,1090,57,1000,270,yes,22,-3000
2025-05-21T15:01:21.571752,KXBTCD-25MAY2119-T108499.99,DELTA,51,1090,57,1000,271,yes,5,20000
2025-05-21T15:01:21.612347,KXBTCD-25MAY2119-T108499.99,DELTA,51,1090,57,1000,272,yes,28,3000
2025-05-21T15:01:21.631795,KXBTCD-25MAY2119-T108499.99,DELTA,51,1090,57,1000,273,no,2,-20000
2025-05-21T15:01:21.690994,KXBTCD-25MAY2119-T108499.99,DELTA,51,1090,57,1000,274,no,6,20000
2025-05-21T15:01:21.851399,KXBTCD-25MAY2119-T108499.99,DELTA,51,90,57,1000,275,yes,51,-1000
2025-05-21T15:01:21.870495,KXBTCD-25MAY2119-T108499.99,DELTA,51,90,58,100,276,no,43,-1000
2025-05-21T15:01:21.933177,KXBTCD-25MAY2119-T108499.99,DELTA,51,90,58,100,277,no,26,-3000
2025-05-21T15:01:21.933441,KXBTCD-25MAY2119-T108499.99,DELTA,51,90,58,100,278,no,21,1000
2025-05-21T15:01:21.933796,KXBTCD-25MAY2119-T108499.99,DELTA,52,1000,58,100,279,yes,52,1000
2025-05-21T15:01:21.970857,KXBTCD-25MAY2119-T108499.99,DELTA,52,1000,63,24,280,no,42,-100
2025-05-21T15:01:21.990308,KXBTCD-25MAY2119-T108499.99,DELTA,52,1000,63,24,281,yes,51,-90
2025-05-21T15:01:21.990427,KXBTCD-25MAY2119-T108499.99,DELTA,52,1000,63,24,282,no,18,3000
2025-05-21T15:01:22.012704,KXBTCD-25MAY2119-T108499.99,DELTA,52,1000,63,24,283,yes,47,24
2025-05-21T15:01:22.030494,KXBTCD-25MAY2119-T108499.99,DELTA,52,1000,63,24,284,yes,46,-24
2025-05-21T15:01:22.030685,KXBTCD-25MAY2119-T108499.99,DELTA,52,1000,63,24,285,no,35,24
2025-05-21T15:01:22.030810,KXBTCD-25MAY2119-T108499.99,DELTA,52,1000,65,24,286,no,37,-24
2025-05-21T15:01:22.071912,KXBTCD-25MAY2119-T108499.99,DELTA,47,33,65,24,287,yes,52,-1000
2025-05-21T15:01:22.111398,KXBTCD-25MAY2119-T108499.99,DELTA,47,33,65,24,288,no,20,-200
2025-05-21T15:01:22.111574,KXBTCD-25MAY2119-T108499.99,DELTA,47,33,65,24,289,no,10,200
2025-05-21T15:01:22.111682,KXBTCD-25MAY2119-T108499.99,DELTA,48,1000,65,24,290,yes,48,1000
2025-05-21T15:01:22.170674,KXBTCD-25MAY2119-T108499.99,DELTA,48,1000,65,24,291,no,21,-2000
2025-05-21T15:01:22.191313,KXBTCD-25MAY2119-T108499.99,DELTA,48,1000,65,24,292,no,21,-1000
2025-05-21T15:01:22.231427,KXBTCD-25MAY2119-T108499.99,DELTA,48,1000,65,24,293,yes,47,-9
2025-05-21T15:01:22.232381,KXBTCD-25MAY2119-T108499.99,DELTA,48,1000,65,24,294,no,22,9
2025-05-21T15:01:22.233138,KXBTCD-25MAY2119-T108499.99,DELTA,48,1000,65,24,295,no,11,2000
2025-05-21T15:01:22.250458,KXBTCD-25MAY2119-T108499.99,DELTA,48,1000,65,24,296,no,11,1000
2025-05-21T15:01:22.290777,KXBTCD-25MAY2119-T108499.99,DELTA,47,24,65,24,297,yes,48,-1000
2025-05-21T15:01:22.331885,KXBTCD-25MAY2119-T108499.99,DELTA,47,24,65,24,298,yes,31,1000
2025-05-21T15:01:22.451611,KXBTCD-25MAY2119-T108499.99,DELTA,47,24,65,24,299,no,19,9
2025-05-21T15:01:22.452554,KXBTCD-25MAY2119-T108499.99,DELTA,47,24,65,24,300,yes,32,9
2025-05-21T15:01:22.831656,KXBTCD-25MAY2119-T108499.99,DELTA,47,24,65,24,301,yes,4,-8100
2025-05-21T15:01:22.832046,KXBTCD-25MAY2119-T108499.99,DELTA,47,24,65,24,302,yes,6,5400
2025-05-21T15:01:22.851084,KXBTCD-25MAY2119-T108499.99,DELTA,54,100,65,24,303,yes,54,100
2025-05-21T15:01:22.851286,KXBTCD-25MAY2119-T108499.99,DELTA,54,100,62,100,304,no,38,100
2025-05-21T15:01:22.870951,KXBTCD-25MAY2119-T108499.99,DELTA,54,100,62,100,305,no,5,-6480
2025-05-21T15:01:22.871188,KXBTCD-25MAY2119-T108499.99,DELTA,54,100,62,100,306,no,12,2700
2025-05-21T15:01:22.891182,KXBTCD-25MAY2119-T108499.99,DELTA,54,100,62,100,307,yes,5,-20000
2025-05-21T15:01:22.911088,KXBTCD-25MAY2119-T108499.99,DELTA,54,100,62,100,308,no,11,-1000
2025-05-21T15:01:22.931827,KXBTCD-25MAY2119-T108499.99,DELTA,54,100,62,100,309,yes,7,20000
2025-05-21T15:01:22.932009,KXBTCD-25MAY2119-T108499.99,DELTA,54,100,62,100,310,yes,31,-1000
2025-05-21T15:01:22.932096,KXBTCD-25MAY2119-T108499.99,DELTA,54,100,62,100,311,no,6,-20000
2025-05-21T15:01:22.991305,KXBTCD-25MAY2119-T108499.99,DELTA,54,100,61,1000,312,no,39,1000
2025-05-21T15:01:23.010566,KXBTCD-25MAY2119-T108499.99,DELTA,54,1100,61,1000,313,yes,54,1000
2025-05-21T15:01:23.010733,KXBTCD-25MAY2119-T108499.99,DELTA,54,1100,61,1000,314,no,2,20000
2025-05-21T15:01:23.031972,KXBTCD-25MAY2119-T108499.99,DELTA,54,1100,61,1000,315,no,19,9
2025-05-21T15:01:23.032138,KXBTCD-25MAY2119-T108499.99,DELTA,54,1100,61,1000,316,no,22,-9
2025-05-21T15:01:23.072064,KXBTCD-25MAY2119-T108499.99,DELTA,54,1100,61,1000,317,no,11,-2000
2025-05-21T15:01:23.111237,KXBTCD-25MAY2119-T108499.99,DELTA,54,1100,61,1000,318,no,13,2000
2025-05-21T15:01:23.111512,KXBTCD-25MAY2119-T108499.99,DELTA,54,1100,61,1000,319,yes,48,9
2025-05-21T15:01:23.952785,KXBTCD-25MAY2119-T108499.99,DELTA,54,1000,61,1000,320,yes,54,-100
2025-05-21T15:01:24.013552,KXBTCD-25MAY2119-T108499.99,DELTA,48,9,61,1000,321,yes,54,-1000
2025-05-21T15:01:24.014544,KXBTCD-25MAY2119-T108499.99,DELTA,48,9,61,1000,322,yes,6,-5400
2025-05-21T15:01:24.015188,KXBTCD-25MAY2119-T108499.99,DELTA,48,9,61,1000,323,yes,8,4050
2025-05-21T15:01:24.071146,KXBTCD-25MAY2119-T108499.99,DELTA,48,9,61,1000,324,yes,31,1000
2025-05-21T15:01:24.071676,KXBTCD-25MAY2119-T108499.99,DELTA,48,9,61,1000,325,no,12,-2700
2025-05-21T15:01:24.072055,KXBTCD-25MAY2119-T108499.99,DELTA,48,9,61,1000,326,no,13,2492
2025-05-21T15:01:24.072415,KXBTCD-25MAY2119-T108499.99,DELTA,48,9,61,1000,327,no,19,-9
2025-05-21T15:01:24.091469,KXBTCD-25MAY2119-T108499.99,DELTA,48,9,61,1000,328,no,19,-9
2025-05-21T15:01:24.092149,KXBTCD-25MAY2119-T108499.99,DELTA,48,9,61,1000,329,yes,32,-9
2025-05-21T15:01:24.092614,KXBTCD-25MAY2119-T108499.99,DELTA,47,24,61,1000,330,yes,48,-9
2025-05-21T15:01:24.110870,KXBTCD-25MAY2119-T108499.99,DELTA,47,24,61,1000,331,yes,7,-20000
2025-05-21T15:01:24.152800,KXBTCD-25MAY2119-T108499.99,DELTA,47,24,61,1000,332,no,13,-2000
2025-05-21T15:01:24.171598,KXBTCD-25MAY2119-T108499.99,DELTA,47,24,61,1000,333,yes,9,20000
2025-05-21T15:01:24.191686,KXBTCD-25MAY2119-T108499.99,DELTA,47,24,61,1000,334,no,14,2000
2025-05-21T15:01:24.871997,KXBTCD-25MAY2119-T108499.99,DELTA,55,100,61,1000,335,yes,55,100
2025-05-21T15:01:24.990579,KXBTCD-25MAY2119-T108499.99,DELTA,55,100,61,1000,336,yes,48,9
2025-05-21T15:01:26.430276,KXBTCD-25MAY2119-T108499.99,DELTA,48,9,61,1000,337,yes,55,-100
2025-05-21T15:01:26.430741,KXBTCD-25MAY2119-T108499.99,DELTA,48,9,61,1000,338,no,38,-100
2025-05-21T15:01:26.491229,KXBTCD-25MAY2119-T108499.99,DELTA,48,9,65,24,339,no,39,-1000
2025-05-21T15:01:26.530056,KXBTCD-25MAY2119-T108499.99,DELTA,48,9,65,24,340,no,14,1000
2025-05-21T15:01:26.571615,KXBTCD-25MAY2119-T108499.99,DELTA,47,24,65,24,341,yes,48,-9
2025-05-21T15:01:26.591460,KXBTCD-25MAY2119-T108499.99,DELTA,47,24,65,24,342,yes,32,9
2025-05-21T15:01:26.591974,KXBTCD-25MAY2119-T108499.99,DELTA,47,24,60,9,343,no,40,9
2025-05-21T15:01:26.592327,KXBTCD-25MAY2119-T108499.99,DELTA,47,24,60,9,344,yes,32,9
2025-05-21T15:01:27.110889,KXBTCD-25MAY2119-T108499.99,DELTA,47,24,60,9,345,no,19,50
2025-05-21T15:01:27.111268,KXBTCD-25MAY2119-T108499.99,DELTA,47,24,60,9,346,yes,32,50
2025-05-21T15:01:27.170360,KXBTCD-25MAY2119-T108499.99,DELTA,47,24,60,9,347,yes,31,-1000
2025-05-21T15:01:27.190980,KXBTCD-25MAY2119-T108499.99,DELTA,47,24,60,9,348,no,14,-1000
2025-05-21T15:01:27.211106,KXBTCD-25MAY2119-T108499.99,DELTA,47,24,60,9,349,no,20,1000
2025-05-21T15:01:27.230002,KXBTCD-25MAY2119-T108499.99,DELTA,47,24,60,9,350,yes,33,1000
2025-05-21T15:01:27.230236,KXBTCD-25MAY2119-T108499.99,DELTA,47,24,65,24,351,no,40,-9
2025-05-21T15:01:27.230349,KXBTCD-25MAY2119-T108499.99,DELTA,47,24,65,24,352,no,20,9
2025-05-21T15:01:27.230440,KXBTCD-25MAY2119-T108499.99,DELTA,47,24,65,24,353,yes,32,-9
2025-05-21T15:01:27.230525,KXBTCD-25MAY2119-T108499.99,DELTA,47,24,65,24,354,yes,33,9
2025-05-21T15:01:27.290361,KXBTCD-25MAY2119-T108499.99,DELTA,47,24,65,24,355,yes,32,-50
2025-05-21T15:01:27.290616,KXBTCD-25MAY2119-T108499.99,DELTA,47,24,65,24,356,yes,34,50
2025-05-21T15:01:27.311077,KXBTCD-25MAY2119-T108499.99,DELTA,47,24,65,24,357,yes,32,-9
2025-05-21T15:01:27.431753,KXBTCD-25MAY2119-T108499.99,DELTA,47,24,65,24,358,yes,33,-1000
2025-05-21T15:01:27.490488,KXBTCD-25MAY2119-T108499.99,DELTA,47,24,65,24,359,yes,35,1000
2025-05-21T15:01:27.490780,KXBTCD-25MAY2119-T108499.99,DELTA,47,24,65,24,360,yes,34,-50
2025-05-21T15:01:27.491094,KXBTCD-25MAY2119-T108499.99,DELTA,47,24,65,24,361,yes,32,50
2025-05-21T15:01:27.491426,KXBTCD-25MAY2119-T108499.99,DELTA,47,24,65,24,362,no,19,-50
2025-05-21T15:01:27.491547,KXBTCD-25MAY2119-T108499.99,DELTA,47,24,65,24,363,no,21,50
2025-05-21T15:01:27.551204,KXBTCD-25MAY2119-T108499.99,DELTA,47,24,65,24,364,yes,32,-50
2025-05-21T15:01:27.551983,KXBTCD-25MAY2119-T108499.99,DELTA,47,24,65,24,365,yes,36,50
2025-05-21T15:01:27.552280,KXBTCD-25MAY2119-T108499.99,DELTA,47,24,65,24,366,yes,35,-1000
2025-05-21T15:01:27.552530,KXBTCD-25MAY2119-T108499.99,DELTA,54,100,65,24,367,yes,54,100
2025-05-21T15:01:27.571467,KXBTCD-25MAY2119-T108499.99,DELTA,54,100,63,100,368,no,37,100
2025-05-21T15:01:27.572103,KXBTCD-25MAY2119-T108499.99,DELTA,54,100,63,100,369,no,20,-1000
2025-05-21T15:01:27.611013,KXBTCD-25MAY2119-T108499.99,DELTA,54,100,63,100,370,yes,36,-50
2025-05-21T15:01:27.611282,KXBTCD-25MAY2119-T108499.99,DELTA,55,50,63,100,371,yes,55,50
2025-05-21T15:01:27.611459,KXBTCD-25MAY2119-T108499.99,DELTA,55,50,63,100,372,yes,54,1000
2025-05-21T15:01:27.611607,KXBTCD-25MAY2119-T108499.99,DELTA,55,50,63,100,373,no,22,1000
2025-05-21T15:01:27.631455,KXBTCD-25MAY2119-T108499.99,DELTA,55,50,63,100,374,no,21,-50
2025-05-21T15:01:27.631744,KXBTCD-25MAY2119-T108499.99,DELTA,55,50,62,50,375,no,38,50
2025-05-21T15:01:27.670237,KXBTCD-25MAY2119-T108499.99,DELTA,55,50,62,50,376,no,22,-1000
2025-05-21T15:01:27.670514,KXBTCD-25MAY2119-T108499.99,DELTA,55,50,62,50,377,no,20,-9
2025-05-21T15:01:27.670603,KXBTCD-25MAY2119-T108499.99,DELTA,55,50,62,50,378,no,22,9
2025-05-21T15:01:27.670669,KXBTCD-25MAY2119-T108499.99,DELTA,55,50,62,50,379,yes,33,-9
2025-05-21T15:01:27.670729,KXBTCD-25MAY2119-T108499.99,DELTA,55,59,62,50,380,yes,55,9
2025-05-21T15:01:27.711099,KXBTCD-25MAY2119-T108499.99,DELTA,55,59,61,1000,381,no,39,1000
2025-05-21T15:01:27.813063,KXBTCD-25MAY2119-T108499.99,DELTA,55,59,61,1000,382,no,37,-100
2025-05-21T15:01:27.813399,KXBTCD-25MAY2119-T108499.99,DELTA,55,59,61,1000,383,no,38,-50
2025-05-21T15:01:27.813771,KXBTCD-25MAY2119-T108499.99,DELTA,55,59,60,50,384,no,40,50
2025-05-21T15:01:27.813906,KXBTCD-25MAY2119-T108499.99,DELTA,55,59,60,50,385,yes,8,-4050
2025-05-21T15:01:27.814007,KXBTCD-25MAY2119-T108499.99,DELTA,55,59,60,50,386,yes,10,3240
2025-05-21T15:01:27.870607,KXBTCD-25MAY2119-T108499.99,DELTA,55,59,60,50,387,no,13,-2492
2025-05-21T15:01:27.871361,KXBTCD-25MAY2119-T108499.99,DELTA,55,59,60,50,388,no,11,2945
2025-05-21T15:01:27.890528,KXBTCD-25MAY2119-T108499.99,DELTA,55,59,60,50,389,yes,9,-20000
2025-05-21T15:01:27.890922,KXBTCD-25MAY2119-T108499.99,DELTA,55,59,60,50,390,no,39,-1000
2025-05-21T15:01:27.932331,KXBTCD-25MAY2119-T108499.99,DELTA,55,59,60,50,391,no,14,-2000
2025-05-21T15:01:27.933168,KXBTCD-25MAY2119-T108499.99,DELTA,55,59,60,1050,392,no,40,1000
2025-05-21T15:01:27.950712,KXBTCD-25MAY2119-T108499.99,DELTA,55,59,60,1050,393,yes,11,20000
2025-05-21T15:01:27.951456,KXBTCD-25MAY2119-T108499.99,DELTA,55,59,60,1000,394,no,40,-50
2025-05-21T15:01:27.952095,KXBTCD-25MAY2119-T108499.99,DELTA,55,59,60,1000,395,no,19,50
2025-05-21T15:01:27.970555,KXBTCD-25MAY2119-T108499.99,DELTA,55,59,60,1000,396,no,12,2000
2025-05-21T15:01:27.990284,KXBTCD-25MAY2119-T108499.99,DELTA,55,59,60,1000,397,no,19,-50
2025-05-21T15:01:27.991102,KXBTCD-25MAY2119-T108499.99,DELTA,55,59,59,50,398,no,41,50
2025-05-21T15:01:28.011344,KXBTCD-25MAY2119-T108499.99,DELTA,55,59,59,50,399,no,40,-1000
2025-05-21T15:01:28.051097,KXBTCD-25MAY2119-T108499.99,DELTA,55,59,59,50,400,no,20,1000
2025-05-21T15:01:28.092553,KXBTCD-25MAY2119-T108499.99,DELTA,55,50,59,50,401,yes,55,-9
2025-05-21T15:01:28.093534,KXBTCD-25MAY2119-T108499.99,DELTA,55,50,65,24,402,no,41,-50
2025-05-21T15:01:28.094168,KXBTCD-25MAY2119-T108499.99,DELTA,55,50,65,24,403,no,19,50
2025-05-21T15:01:28.094660,KXBTCD-25MAY2119-T108499.99,DELTA,55,50,65,24,404,no,20,-1000
2025-05-21T15:01:28.095106,KXBTCD-25MAY2119-T108499.99,DELTA,55,50,65,24,405,no,22,-9
2025-05-21T15:01:28.176067,KXBTCD-25MAY2119-T108499.99,DELTA,55,50,65,24,406,no,12,1000
2025-05-21T15:01:28.211817,KXBTCD-25MAY2119-T108499.99,DELTA,55,50,65,24,407,no,12,-1000
2025-05-21T15:01:28.212245,KXBTCD-25MAY2119-T108499.99,DELTA,55,50,65,24,408,yes,49,24
2025-05-21T15:01:28.212563,KXBTCD-25MAY2119-T108499.99,DELTA,55,50,65,24,409,yes,47,-24
2025-05-21T15:01:28.230471,KXBTCD-25MAY2119-T108499.99,DELTA,55,50,81,50,410,no,35,-24
2025-05-21T15:01:28.230735,KXBTCD-25MAY2119-T108499.99,DELTA,55,50,66,24,411,no,34,24
2025-05-21T15:01:28.271489,KXBTCD-25MAY2119-T108499.99,DELTA,55,50,66,24,412,no,20,1000
2025-05-21T15:01:28.330476,KXBTCD-25MAY2119-T108499.99,DELTA,55,50,66,24,413,no,19,-50
2025-05-21T15:01:28.330900,KXBTCD-25MAY2119-T108499.99,DELTA,55,50,66,24,414,no,21,50
2025-05-21T15:01:28.391854,KXBTCD-25MAY2119-T108499.99,DELTA,55,50,66,24,415,no,20,-1000
2025-05-21T15:01:28.451777,KXBTCD-25MAY2119-T108499.99,DELTA,55,50,66,24,416,no,21,-50
2025-05-21T15:01:28.452399,KXBTCD-25MAY2119-T108499.99,DELTA,55,50,66,24,417,no,19,50
2025-05-21T15:01:28.452875,KXBTCD-25MAY2119-T108499.99,DELTA,55,50,66,24,418,no,22,1000
2025-05-21T15:01:28.511960,KXBTCD-25MAY2119-T108499.99,DELTA,55,50,66,24,419,no,22,9
2025-05-21T15:01:28.512870,KXBTCD-25MAY2119-T108499.99,DELTA,56,9,66,24,420,yes,56,9
2025-05-21T15:01:28.513574,KXBTCD-25MAY2119-T108499.99,DELTA,56,9,66,24,421,no,22,-1000
2025-05-21T15:01:28.514246,KXBTCD-25MAY2119-T108499.99,DELTA,56,9,66,24,422,no,19,-50
2025-05-21T15:01:28.514766,KXBTCD-25MAY2119-T108499.99,DELTA,56,9,66,24,423,no,23,50
2025-05-21T15:01:28.551042,KXBTCD-25MAY2119-T108499.99,DELTA,56,9,66,24,424,no,20,1000
2025-05-21T15:01:28.591224,KXBTCD-25MAY2119-T108499.99,DELTA,56,9,66,24,425,no,20,-1000
2025-05-21T15:01:28.634200,KXBTCD-25MAY2119-T108499.99,DELTA,56,9,66,24,426,no,24,1000
2025-05-21T15:01:28.651896,KXBTCD-25MAY2119-T108499.99,DELTA,56,9,66,24,427,no,23,-50
2025-05-21T15:01:28.652059,KXBTCD-25MAY2119-T108499.99,DELTA,56,9,66,24,428,no,19,50
2025-05-21T15:01:28.756548,KXBTCD-25MAY2119-T108499.99,DELTA,56,9,66,24,429,no,24,-1000
2025-05-21T15:01:28.791721,KXBTCD-25MAY2119-T108499.99,DELTA,56,9,66,24,430,no,20,1000
2025-05-21T15:01:28.851525,KXBTCD-25MAY2119-T108499.99,DELTA,56,9,66,24,431,no,19,-50
2025-05-21T15:01:28.852441,KXBTCD-25MAY2119-T108499.99,DELTA,56,9,66,24,432,no,21,50
2025-05-21T15:01:28.872713,KXBTCD-25MAY2119-T108499.99,DELTA,56,9,66,24,433,no,20,9
2025-05-21T15:01:28.912770,KXBTCD-25MAY2119-T108499.99,DELTA,56,9,66,24,434,no,20,-1000
2025-05-21T15:01:28.952789,KXBTCD-25MAY2119-T108499.99,DELTA,56,9,66,24,435,no,22,1000
2025-05-21T15:01:28.971483,KXBTCD-25MAY2119-T108499.99,DELTA,56,9,66,24,436,no,21,-50
2025-05-21T15:01:28.972425,KXBTCD-25MAY2119-T108499.99,DELTA,56,9,66,24,437,no,19,50
2025-05-21T15:01:28.991628,KXBTCD-25MAY2119-T108499.99,DELTA,56,9,62,100,438,no,38,100
2025-05-21T15:01:29.011779,KXBTCD-25MAY2119-T108499.99,DELTA,56,9,62,100,439,no,19,-50
2025-05-21T15:01:29.012709,KXBTCD-25MAY2119-T108499.99,DELTA,56,9,62,100,440,no,23,50
2025-05-21T15:01:29.036146,KXBTCD-25MAY2119-T108499.99,DELTA,56,9,62,100,441,no,22,-1000
2025-05-21T15:01:29.051961,KXBTCD-25MAY2119-T108499.99,DELTA,56,9,62,100,442,no,23,-50
2025-05-21T15:01:29.052793,KXBTCD-25MAY2119-T108499.99,DELTA,56,9,61,50,443,no,39,50
2025-05-21T15:01:29.096433,KXBTCD-25MAY2119-T108499.99,DELTA,56,9,61,1050,444,no,39,1000
2025-05-21T15:01:29.133159,KXBTCD-25MAY2119-T108499.99,DELTA,56,9,61,50,445,no,39,-1000
2025-05-21T15:01:29.152178,KXBTCD-25MAY2119-T108499.99,DELTA,56,9,62,100,446,no,39,-50
2025-05-21T15:01:29.152875,KXBTCD-25MAY2119-T108499.99,DELTA,56,9,60,50,447,no,40,50
2025-05-21T15:01:29.172437,KXBTCD-25MAY2119-T108499.99,DELTA,56,9,60,1050,448,no,40,1000
2025-05-21T15:01:29.211331,KXBTCD-25MAY2119-T108499.99,DELTA,56,9,60,1000,449,no,40,-50
2025-05-21T15:01:29.212248,KXBTCD-25MAY2119-T108499.99,DELTA,56,9,60,1000,450,no,39,50
2025-05-21T15:01:29.272814,KXBTCD-25MAY2119-T108499.99,DELTA,56,9,60,1000,451,no,39,-50
2025-05-21T15:01:29.273743,KXBTCD-25MAY2119-T108499.99,DELTA,56,9,59,50,452,no,41,50
2025-05-21T15:01:29.332159,KXBTCD-25MAY2119-T108499.99,DELTA,56,9,59,50,453,no,40,-1000
2025-05-21T15:01:29.392435,KXBTCD-25MAY2119-T108499.99,DELTA,55,50,59,50,454,yes,56,-9
2025-05-21T15:01:29.393440,KXBTCD-25MAY2119-T108499.99,DELTA,55,50,59,50,455,no,39,1000
2025-05-21T15:01:29.394130,KXBTCD-25MAY2119-T108499.99,DELTA,55,50,59,50,456,no,22,-9
2025-05-21T15:01:29.394780,KXBTCD-25MAY2119-T108499.99,DELTA,55,50,61,1000,457,no,41,-50
2025-05-21T15:01:29.395485,KXBTCD-25MAY2119-T108499.99,DELTA,55,50,61,1050,458,no,39,50
2025-05-21T15:01:29.453711,KXBTCD-25MAY2119-T108499.99,DELTA,55,50,61,1000,459,no,39,-50
2025-05-21T15:01:29.454695,KXBTCD-25MAY2119-T108499.99,DELTA,55,50,60,50,460,no,40,50
2025-05-21T15:01:29.455416,KXBTCD-25MAY2119-T108499.99,DELTA,55,50,60,50,461,no,39,-1000
2025-05-21T15:01:29.514001,KXBTCD-25MAY2119-T108499.99,DELTA,55,50,60,1050,462,no,40,1000
2025-05-21T15:01:29.515479,KXBTCD-25MAY2119-T108499.99,DELTA,55,50,60,1000,463,no,40,-50
2025-05-21T15:01:29.515982,KXBTCD-25MAY2119-T108499.99,DELTA,55,50,60,1000,464,no,39,50
2025-05-21T15:01:29.605162,KXBTCD-25MAY2119-T108499.99,DELTA,55,50,60,1000,465,no,39,-50
2025-05-21T15:01:29.605796,KXBTCD-25MAY2119-T108499.99,DELTA,55,50,59,50,466,no,41,50
2025-05-21T15:01:29.611322,KXBTCD-25MAY2119-T108499.99,DELTA,55,50,59,50,467,no,20,-9
2025-05-21T15:01:29.635859,KXBTCD-25MAY2119-T108499.99,DELTA,55,50,59,50,468,no,40,-1000
2025-05-21T15:01:29.672613,KXBTCD-25MAY2119-T108499.99,DELTA,55,50,59,50,469,no,39,1000
2025-05-21T15:01:29.691602,KXBTCD-25MAY2119-T108499.99,DELTA,55,50,61,1000,470,no,41,-50
2025-05-21T15:01:29.692253,KXBTCD-25MAY2119-T108499.99,DELTA,55,50,61,1050,471,no,39,50
2025-05-21T15:01:29.752569,KXBTCD-25MAY2119-T108499.99,DELTA,55,50,61,50,472,no,39,-1000
2025-05-21T15:01:29.753485,KXBTCD-25MAY2119-T108499.99,DELTA,55,50,62,100,473,no,39,-50
2025-05-21T15:01:29.754421,KXBTCD-25MAY2119-T108499.99,DELTA,55,50,60,50,474,no,40,50
2025-05-21T15:01:29.812313,KXBTCD-25MAY2119-T108499.99,DELTA,55,50,60,1050,475,no,40,1000
2025-05-21T15:01:29.813910,KXBTCD-25MAY2119-T108499.99,DELTA,55,50,60,1000,476,no,40,-50
2025-05-21T15:01:29.814690,KXBTCD-25MAY2119-T108499.99,DELTA,55,50,60,1000,477,no,39,50
2025-05-21T15:01:29.872023,KXBTCD-25MAY2119-T108499.99,DELTA,55,50,60,1000,478,no,39,-50
2025-05-21T15:01:29.872987,KXBTCD-25MAY2119-T108499.99,DELTA,55,50,59,50,479,no,41,50
2025-05-21T15:01:29.932224,KXBTCD-25MAY2119-T108499.99,DELTA,55,50,59,50,480,no,40,-1000
2025-05-21T15:01:29.992818,KXBTCD-25MAY2119-T108499.99,DELTA,55,50,59,50,481,no,39,1000
2025-05-21T15:01:29.995160,KXBTCD-25MAY2119-T108499.99,DELTA,55,50,61,1000,482,no,41,-50
2025-05-21T15:01:29.995274,KXBTCD-25MAY2119-T108499.99,DELTA,55,50,61,1050,483,no,39,50
2025-05-21T15:01:30.053246,KXBTCD-25MAY2119-T108499.99,DELTA,55,50,61,50,484,no,39,-1000
2025-05-21T15:01:30.072742,KXBTCD-25MAY2119-T108499.99,DELTA,55,50,62,100,485,no,39,-50
2025-05-21T15:01:30.072915,KXBTCD-25MAY2119-T108499.99,DELTA,55,50,60,50,486,no,40,50
2025-05-21T15:01:30.091192,KXBTCD-25MAY2119-T108499.99,DELTA,55,50,60,1050,487,no,40,1000
2025-05-21T15:01:30.112009,KXBTCD-25MAY2119-T108499.99,DELTA,55,50,60,1000,488,no,40,-50
2025-05-21T15:01:30.112123,KXBTCD-25MAY2119-T108499.99,DELTA,55,50,60,1000,489,no,39,50
2025-05-21T15:01:30.151444,KXBTCD-25MAY2119-T108499.99,DELTA,55,50,60,1000,490,no,39,-50
2025-05-21T15:01:30.151580,KXBTCD-25MAY2119-T108499.99,DELTA,55,50,59,50,491,no,41,50
2025-05-21T15:01:30.191283,KXBTCD-25MAY2119-T108499.99,DELTA,55,50,59,50,492,yes,10,-3240
2025-05-21T15:01:30.191781,KXBTCD-25MAY2119-T108499.99,DELTA,55,50,59,50,493,yes,12,2700
2025-05-21T15:01:30.231227,KXBTCD-25MAY2119-T108499.99,DELTA,55,50,59,50,494,no,40,-1000
2025-05-21T15:01:30.232516,KXBTCD-25MAY2119-T108499.99,DELTA,55,50,59,50,495,no,11,-2945
2025-05-21T15:01:30.233109,KXBTCD-25MAY2119-T108499.99,DELTA,55,50,59,50,496,no,13,2492
2025-05-21T15:01:30.252556,KXBTCD-25MAY2119-T108499.99,DELTA,55,50,59,50,497,yes,11,-20000
2025-05-21T15:01:30.272317,KXBTCD-25MAY2119-T108499.99,DELTA,55,50,59,50,498,no,39,1000
2025-05-21T15:01:30.293565,KXBTCD-25MAY2119-T108499.99,DELTA,55,50,61,1000,499,no,41,-50
2025-05-21T15:01:30.294457,KXBTCD-25MAY2119-T108499.99,DELTA,55,50,61,1050,500,no,39,50
2025-05-21T15:01:30.312039,KXBTCD-25MAY2119-T108499.99,DELTA,55,50,61,1050,501,no,12,-2000
2025-05-21T15:01:30.331287,KXBTCD-25MAY2119-T108499.99,DELTA,55,50,61,1000,502,no,39,-50
2025-05-21T15:01:30.332115,KXBTCD-25MAY2119-T108499.99,DELTA,55,50,58,50,503,no,42,50
2025-05-21T15:01:30.371193,KXBTCD-25MAY2119-T108499.99,DELTA,55,50,58,50,504,no,14,2000
2025-05-21T15:01:30.371928,KXBTCD-25MAY2119-T108499.99,DELTA,55,50,58,50,505,no,39,-1000
2025-05-21T15:01:30.372607,KXBTCD-25MAY2119-T108499.99,DELTA,55,50,62,100,506,no,42,-50
2025-05-21T15:01:30.373157,KXBTCD-25MAY2119-T108499.99,DELTA,55,50,60,50,507,no,40,50
2025-05-21T15:01:30.412192,KXBTCD-25MAY2119-T108499.99,DELTA,55,50,60,50,508,no,39,1000
2025-05-21T15:01:30.432489,KXBTCD-25MAY2119-T108499.99,DELTA,55,50,61,1000,509,no,40,-50
2025-05-21T15:01:30.433500,KXBTCD-25MAY2119-T108499.99,DELTA,55,50,61,1050,510,no,39,50
2025-05-21T15:01:30.472196,KXBTCD-25MAY2119-T108499.99,DELTA,55,50,61,50,511,no,39,-1000
2025-05-21T15:01:30.493588,KXBTCD-25MAY2119-T108499.99,DELTA,55,50,62,100,512,no,39,-50
2025-05-21T15:01:30.494239,KXBTCD-25MAY2119-T108499.99,DELTA,55,50,59,50,513,no,41,50
2025-05-21T15:01:30.511183,KXBTCD-25MAY2119-T108499.99,DELTA,55,50,59,50,514,no,40,1000
2025-05-21T15:01:30.535786,KXBTCD-25MAY2119-T108499.99,DELTA,55,50,60,1000,515,no,41,-50
2025-05-21T15:01:30.536432,KXBTCD-25MAY2119-T108499.99,DELTA,55,50,60,1000,516,no,39,50
2025-05-21T15:01:30.553067,KXBTCD-25MAY2119-T108499.99,DELTA,55,50,61,50,517,no,40,-1000
2025-05-21T15:01:30.593798,KXBTCD-25MAY2119-T108499.99,DELTA,55,50,62,100,518,no,39,-50
2025-05-21T15:01:30.594531,KXBTCD-25MAY2119-T108499.99,DELTA,55,50,59,50,519,no,41,50
2025-05-21T15:01:30.611395,KXBTCD-25MAY2119-T108499.99,DELTA,55,50,59,50,520,no,40,1000
2025-05-21T15:01:30.653234,KXBTCD-25MAY2119-T108499.99,DELTA,55,50,60,1000,521,no,41,-50
2025-05-21T15:01:30.653934,KXBTCD-25MAY2119-T108499.99,DELTA,55,50,60,1000,522,no,39,50
2025-05-21T15:01:30.671630,KXBTCD-25MAY2119-T108499.99,DELTA,55,50,61,50,523,no,40,-1000
2025-05-21T15:01:30.713834,KXBTCD-25MAY2119-T108499.99,DELTA,55,50,60,1000,524,no,40,1000
2025-05-21T15:01:30.714660,KXBTCD-25MAY2119-T108499.99,DELTA,55,50,60,1000,525,no,39,-50
2025-05-21T15:01:30.715320,KXBTCD-25MAY2119-T108499.99,DELTA,55,50,59,50,526,no,41,50
2025-05-21T15:01:30.772176,KXBTCD-25MAY2119-T108499.99,DELTA,55,50,59,50,527,no,40,-1000
2025-05-21T15:01:30.817730,KXBTCD-25MAY2119-T108499.99,DELTA,55,50,59,50,528,no,39,1000
2025-05-21T15:01:30.842329,KXBTCD-25MAY2119-T108499.99,DELTA,55,50,61,1000,529,no,41,-50
2025-05-21T15:01:30.843372,KXBTCD-25MAY2119-T108499.99,DELTA,55,50,61,1050,530,no,39,50
2025-05-21T15:01:30.891325,KXBTCD-25MAY2119-T108499.99,DELTA,55,50,61,50,531,no,39,-1000
2025-05-21T15:01:30.931338,KXBTCD-25MAY2119-T108499.99,DELTA,55,50,60,1000,532,no,40,1000
2025-05-21T15:01:30.991059,KXBTCD-25MAY2119-T108499.99,DELTA,55,50,60,1000,533,no,39,-50
2025-05-21T15:01:30.991424,KXBTCD-25MAY2119-T108499.99,DELTA,55,50,59,50,534,no,41,50
2025-05-21T15:01:31.052784,KXBTCD-25MAY2119-T108499.99,DELTA,55,50,59,50,535,no,40,-1000
2025-05-21T15:01:31.091131,KXBTCD-25MAY2119-T108499.99,DELTA,55,50,59,50,536,no,39,1000
2025-05-21T15:01:31.111046,KXBTCD-25MAY2119-T108499.99,DELTA,55,50,61,1000,537,no,41,-50
2025-05-21T15:01:31.111186,KXBTCD-25MAY2119-T108499.99,DELTA,55,50,61,1050,538,no,39,50
2025-05-21T15:01:31.153957,KXBTCD-25MAY2119-T108499.99,DELTA,55,50,61,1000,539,no,39,-50
2025-05-21T15:01:31.154126,KXBTCD-25MAY2119-T108499.99,DELTA,55,50,58,50,540,no,42,50
2025-05-21T15:01:31.176129,KXBTCD-25MAY2119-T108499.99,DELTA,55,50,58,50,541,no,35,9
2025-05-21T15:01:31.211053,KXBTCD-25MAY2119-T108499.99,DELTA,55,50,58,50,542,no,39,-1000
2025-05-21T15:01:31.252399,KXBTCD-25MAY2119-T108499.99,DELTA,55,50,58,50,543,no,39,1000
2025-05-21T15:01:31.411537,KXBTCD-25MAY2119-T108499.99,DELTA,55,50,58,50,544,yes,12,-2700
2025-05-21T15:01:31.412001,KXBTCD-25MAY2119-T108499.99,DELTA,55,50,58,50,545,yes,4,8100
2025-05-21T15:01:31.472142,KXBTCD-25MAY2119-T108499.99,DELTA,55,50,58,50,546,yes,5,20000
2025-05-21T15:01:31.473102,KXBTCD-25MAY2119-T108499.99,DELTA,55,50,58,50,547,no,13,-2492
2025-05-21T15:01:31.473774,KXBTCD-25MAY2119-T108499.99,DELTA,55,50,58,50,548,no,11,2945
2025-05-21T15:01:31.532155,KXBTCD-25MAY2119-T108499.99,DELTA,55,50,58,50,549,no,14,-2000
2025-05-21T15:01:31.571987,KXBTCD-25MAY2119-T108499.99,DELTA,55,50,58,50,550,no,12,2000
2025-05-21T15:01:32.611970,KXBTCD-25MAY2119-T108499.99,DELTA,55,50,58,50,551,yes,4,-8100
2025-05-21T15:01:32.613129,KXBTCD-25MAY2119-T108499.99,DELTA,55,50,58,50,552,yes,6,5400
2025-05-21T15:01:32.652103,KXBTCD-25MAY2119-T108499.99,DELTA,55,50,58,50,553,no,11,-2945
2025-05-21T15:01:32.652544,KXBTCD-25MAY2119-T108499.99,DELTA,55,50,58,50,554,no,13,2492
2025-05-21T15:01:32.670645,KXBTCD-25MAY2119-T108499.99,DELTA,55,50,58,50,555,yes,5,-20000
2025-05-21T15:01:32.711376,KXBTCD-25MAY2119-T108499.99,DELTA,55,50,58,50,556,yes,7,20000
2025-05-21T15:01:32.711586,KXBTCD-25MAY2119-T108499.99,DELTA,55,50,58,50,557,no,35,-9
2025-05-21T15:01:32.731234,KXBTCD-25MAY2119-T108499.99,DELTA,55,50,58,50,558,no,12,-2000
2025-05-21T15:01:32.771365,KXBTCD-25MAY2119-T108499.99,DELTA,55,50,58,50,559,no,14,2000
2025-05-21T15:01:33.853530,KXBTCD-25MAY2119-T108499.99,DELTA,55,50,58,50,560,yes,6,-5400
2025-05-21T15:01:33.854535,KXBTCD-25MAY2119-T108499.99,DELTA,55,50,58,50,561,yes,8,4050
2025-05-21T15:01:33.911603,KXBTCD-25MAY2119-T108499.99,DELTA,55,50,58,50,562,no,13,-2492
2025-05-21T15:01:33.912413,KXBTCD-25MAY2119-T108499.99,DELTA,55,50,58,50,563,no,11,2945
2025-05-21T15:01:33.931455,KXBTCD-25MAY2119-T108499.99,DELTA,55,50,58,50,564,yes,7,-20000
2025-05-21T15:01:33.972016,KXBTCD-25MAY2119-T108499.99,DELTA,55,50,58,50,565,yes,9,20000
2025-05-21T15:01:33.992153,KXBTCD-25MAY2119-T108499.99,DELTA,55,50,58,50,566,no,14,-2000
2025-05-21T15:01:34.031363,KXBTCD-25MAY2119-T108499.99,DELTA,55,50,58,50,567,no,12,2000
2025-05-21T15:01:34.391796,KXBTCD-25MAY2119-T108499.99,DELTA,55,50,58,50,568,yes,54,-100
2025-05-21T15:01:34.452285,KXBTCD-25MAY2119-T108499.99,DELTA,55,50,58,50,569,yes,54,-1000
2025-05-21T15:01:34.512422,KXBTCD-25MAY2119-T108499.99,DELTA,55,50,58,50,570,yes,31,1000
2025-05-21T15:01:35.051010,KXBTCD-25MAY2119-T108499.99,DELTA,55,50,58,50,571,yes,8,-4050
2025-05-21T15:01:35.051266,KXBTCD-25MAY2119-T108499.99,DELTA,55,50,58,50,572,yes,10,3240
2025-05-21T15:01:35.111858,KXBTCD-25MAY2119-T108499.99,DELTA,55,50,58,50,573,no,11,-2945
2025-05-21T15:01:35.112099,KXBTCD-25MAY2119-T108499.99,DELTA,55,50,58,50,574,no,12,2700
2025-05-21T15:01:35.112464,KXBTCD-25MAY2119-T108499.99,DELTA,55,50,58,50,575,yes,9,-20000
2025-05-21T15:01:35.171161,KXBTCD-25MAY2119-T108499.99,DELTA,55,50,58,50,576,yes,50,9
2025-05-21T15:01:35.231552,KXBTCD-25MAY2119-T108499.99,DELTA,55,50,58,50,577,no,12,-2000
2025-05-21T15:01:35.232308,KXBTCD-25MAY2119-T108499.99,DELTA,55,50,58,50,578,yes,11,20000
2025-05-21T15:01:35.271582,KXBTCD-25MAY2119-T108499.99,DELTA,55,50,58,50,579,no,13,2000
2025-05-21T15:01:35.890380,KXBTCD-25MAY2119-T108499.99,DELTA,55,150,58,50,580,yes,55,100
2025-05-21T15:01:35.952010,KXBTCD-25MAY2119-T108499.99,DELTA,55,100,58,50,581,yes,55,-50
2025-05-21T15:01:35.952306,KXBTCD-25MAY2119-T108499.99,DELTA,56,50,58,50,582,yes,56,50
2025-05-21T15:01:38.871292,KXBTCD-25MAY2119-T108499.99,DELTA,56,50,58,50,583,yes,10,-3240
2025-05-21T15:01:38.871520,KXBTCD-25MAY2119-T108499.99,DELTA,56,50,58,50,584,yes,12,2700
2025-05-21T15:01:38.929992,KXBTCD-25MAY2119-T108499.99,DELTA,56,50,58,50,585,no,12,-2700
2025-05-21T15:01:38.930165,KXBTCD-25MAY2119-T108499.99,DELTA,56,50,58,50,586,no,11,2945
2025-05-21T15:01:38.930247,KXBTCD-25MAY2119-T108499.99,DELTA,56,50,58,50,587,yes,11,-20000
2025-05-21T15:01:38.990409,KXBTCD-25MAY2119-T108499.99,DELTA,56,50,58,50,588,no,13,-2000
2025-05-21T15:01:39.030475,KXBTCD-25MAY2119-T108499.99,DELTA,56,50,58,50,589,no,12,2000
2025-05-21T15:01:41.290975,KXBTCD-25MAY2119-T108499.99,DELTA,56,50,58,50,590,yes,12,-2700
2025-05-21T15:01:41.292811,KXBTCD-25MAY2119-T108499.99,DELTA,56,50,58,50,591,yes,4,8100
2025-05-21T15:01:41.356621,KXBTCD-25MAY2119-T108499.99,DELTA,56,50,58,50,592,yes,5,20000
2025-05-21T15:01:41.357331,KXBTCD-25MAY2119-T108499.99,DELTA,56,50,58,50,593,no,11,-2945
2025-05-21T15:01:41.357701,KXBTCD-25MAY2119-T108499.99,DELTA,56,50,58,50,594,no,13,2492
2025-05-21T15:01:41.411759,KXBTCD-25MAY2119-T108499.99,DELTA,56,50,58,50,595,no,12,-2000
2025-05-21T15:01:41.452033,KXBTCD-25MAY2119-T108499.99,DELTA,56,50,58,50,596,no,14,2000
2025-05-21T15:01:42.552392,KXBTCD-25MAY2119-T108499.99,DELTA,56,50,58,50,597,yes,4,-8100
2025-05-21T15:01:42.553042,KXBTCD-25MAY2119-T108499.99,DELTA,56,50,58,50,598,yes,6,5400
2025-05-21T15:01:42.592933,KXBTCD-25MAY2119-T108499.99,DELTA,56,50,58,50,599,no,13,-2492
2025-05-21T15:01:42.593457,KXBTCD-25MAY2119-T108499.99,DELTA,56,50,58,50,600,no,11,2945
2025-05-21T15:01:42.611561,KXBTCD-25MAY2119-T108499.99,DELTA,56,50,58,50,601,yes,5,-20000
2025-05-21T15:01:42.656118,KXBTCD-25MAY2119-T108499.99,DELTA,56,50,58,50,602,yes,7,20000
2025-05-21T15:01:42.657076,KXBTCD-25MAY2119-T108499.99,DELTA,56,50,58,50,603,no,14,-2000
2025-05-21T15:01:42.693592,KXBTCD-25MAY2119-T108499.99,DELTA,56,50,58,50,604,no,12,2000
2025-05-21T15:01:43.785470,KXBTCD-25MAY2119-T108499.99,DELTA,56,50,58,50,605,yes,6,-5400
2025-05-21T15:01:43.786269,KXBTCD-25MAY2119-T108499.99,DELTA,56,50,58,50,606,yes,8,4050
2025-05-21T15:01:43.812959,KXBTCD-25MAY2119-T108499.99,DELTA,56,50,58,50,607,no,11,-2945
2025-05-21T15:01:43.813777,KXBTCD-25MAY2119-T108499.99,DELTA,56,50,58,50,608,no,13,2492
2025-05-21T15:01:43.831984,KXBTCD-25MAY2119-T108499.99,DELTA,56,50,58,50,609,yes,7,-20000
2025-05-21T15:01:43.897872,KXBTCD-25MAY2119-T108499.99,DELTA,56,50,58,50,610,no,12,-2000
2025-05-21T15:01:43.899161,KXBTCD-25MAY2119-T108499.99,DELTA,56,50,58,50,611,yes,9,20000
2025-05-21T15:01:43.911318,KXBTCD-25MAY2119-T108499.99,DELTA,56,50,58,50,612,no,14,2000
2025-05-21T15:01:44.608277,KXBTCD-25MAY2119-T108499.99,DELTA,56,50,58,50,613,no,38,-100
2025-05-21T15:01:44.609308,KXBTCD-25MAY2119-T108499.99,DELTA,56,50,58,50,614,no,39,-1000
2025-05-21T15:01:44.651574,KXBTCD-25MAY2119-T108499.99,DELTA,56,50,58,50,615,no,14,1000
2025-05-21T15:01:44.691974,KXBTCD-25MAY2119-T108499.99,DELTA,56,50,58,50,616,no,35,9
2025-05-21T15:01:45.010771,KXBTCD-25MAY2119-T108499.99,DELTA,56,50,58,50,617,yes,8,-4050
2025-05-21T15:01:45.011017,KXBTCD-25MAY2119-T108499.99,DELTA,56,50,58,50,618,yes,10,3240
2025-05-21T15:01:45.091033,KXBTCD-25MAY2119-T108499.99,DELTA,56,50,58,50,619,yes,9,-20000
2025-05-21T15:01:45.091151,KXBTCD-25MAY2119-T108499.99,DELTA,56,50,58,50,620,no,13,-2492
2025-05-21T15:01:45.091234,KXBTCD-25MAY2119-T108499.99,DELTA,56,50,58,50,621,no,11,2945
2025-05-21T15:01:45.155746,KXBTCD-25MAY2119-T108499.99,DELTA,56,50,58,50,622,yes,11,20000
2025-05-21T15:01:45.191249,KXBTCD-25MAY2119-T108499.99,DELTA,56,50,58,50,623,no,14,-2000
2025-05-21T15:01:45.209921,KXBTCD-25MAY2119-T108499.99,DELTA,56,50,58,50,624,no,14,-1000
2025-05-21T15:01:45.291871,KXBTCD-25MAY2119-T108499.99,DELTA,56,50,58,50,625,no,12,2000
2025-05-21T15:01:45.293048,KXBTCD-25MAY2119-T108499.99,DELTA,56,50,58,50,626,no,12,1000
2025-05-21T15:01:45.410728,KXBTCD-25MAY2119-T108499.99,DELTA,56,50,58,50,627,no,37,100
2025-05-21T15:01:45.471873,KXBTCD-25MAY2119-T108499.99,DELTA,56,50,58,50,628,no,12,-1000
2025-05-21T15:01:45.510309,KXBTCD-25MAY2119-T108499.99,DELTA,56,50,58,50,629,no,38,1000
2025-05-21T15:01:45.530149,KXBTCD-25MAY2119-T108499.99,DELTA,56,50,58,50,630,no,35,-9
2025-05-21T15:01:45.530339,KXBTCD-25MAY2119-T108499.99,DELTA,56,50,58,50,631,no,38,9
2025-05-21T15:01:46.351989,KXBTCD-25MAY2119-T108499.99,DELTA,56,50,58,50,632,yes,10,-3240
2025-05-21T15:01:46.352297,KXBTCD-25MAY2119-T108499.99,DELTA,56,50,58,50,633,yes,12,2700
2025-05-21T15:01:46.410090,KXBTCD-25MAY2119-T108499.99,DELTA,56,50,58,50,634,no,11,-2945
2025-05-21T15:01:46.410285,KXBTCD-25MAY2119-T108499.99,DELTA,56,50,58,50,635,no,13,2492
2025-05-21T15:01:46.410686,KXBTCD-25MAY2119-T108499.99,DELTA,56,50,58,50,636,yes,11,-20000
2025-05-21T15:01:46.451427,KXBTCD-25MAY2119-T108499.99,DELTA,56,50,58,50,637,no,38,-9
2025-05-21T15:01:46.470741,KXBTCD-25MAY2119-T108499.99,DELTA,56,50,58,50,638,no,12,-2000
2025-05-21T15:01:46.531392,KXBTCD-25MAY2119-T108499.99,DELTA,56,50,58,50,639,no,14,2000
2025-05-21T15:01:46.631331,KXBTCD-25MAY2119-T108499.99,DELTA,56,50,58,50,640,yes,55,-100
2025-05-21T15:01:47.891227,KXBTCD-25MAY2119-T108499.99,DELTA,56,50,58,50,641,yes,55,100
2025-05-21T15:01:48.411811,KXBTCD-25MAY2119-T108499.99,DELTA,56,50,58,50,642,yes,55,-100
2025-05-21T15:01:49.291236,KXBTCD-25MAY2119-T108499.99,DELTA,56,50,58,50,643,yes,55,100
2025-05-21T15:01:49.513056,KXBTCD-25MAY2119-T108499.99,DELTA,56,50,58,50,644,yes,55,-100
2025-05-21T15:01:50.811953,KXBTCD-25MAY2119-T108499.99,DELTA,56,50,58,50,645,yes,55,100
2025-05-21T15:01:50.953880,KXBTCD-25MAY2119-T108499.99,DELTA,56,50,58,50,646,yes,12,-2700
2025-05-21T15:01:50.955017,KXBTCD-25MAY2119-T108499.99,DELTA,56,50,58,50,647,yes,4,8100
2025-05-21T15:01:51.049467,KXBTCD-25MAY2119-T108499.99,DELTA,56,50,58,50,648,no,13,-2492
2025-05-21T15:01:51.049755,KXBTCD-25MAY2119-T108499.99,DELTA,56,50,58,50,649,no,11,2945
2025-05-21T15:01:51.050045,KXBTCD-25MAY2119-T108499.99,DELTA,56,50,58,50,650,yes,5,20000
2025-05-21T15:01:51.073239,KXBTCD-25MAY2119-T108499.99,DELTA,56,50,58,50,651,no,14,-2000
2025-05-21T15:01:51.131740,KXBTCD-25MAY2119-T108499.99,DELTA,56,50,58,50,652,no,12,2000
2025-05-21T15:01:51.391779,KXBTCD-25MAY2119-T108499.99,DELTA,56,50,58,50,653,yes,55,-100
2025-05-21T15:01:51.451937,KXBTCD-25MAY2119-T108499.99,DELTA,50,9,58,50,654,yes,56,-50
2025-05-21T15:01:51.452814,KXBTCD-25MAY2119-T108499.99,DELTA,50,9,58,50,655,yes,32,50
2025-05-21T15:01:51.517302,KXBTCD-25MAY2119-T108499.99,DELTA,50,9,58,50,656,yes,31,-1000
2025-05-21T15:01:51.551634,KXBTCD-25MAY2119-T108499.99,DELTA,50,9,58,50,657,yes,33,1000
2025-05-21T15:01:51.611153,KXBTCD-25MAY2119-T108499.99,DELTA,50,9,58,50,658,yes,32,-50
2025-05-21T15:01:51.612020,KXBTCD-25MAY2119-T108499.99,DELTA,50,9,58,50,659,yes,34,50
2025-05-21T15:01:51.671608,KXBTCD-25MAY2119-T108499.99,DELTA,50,9,58,50,660,yes,33,-1000
2025-05-21T15:01:51.711624,KXBTCD-25MAY2119-T108499.99,DELTA,50,9,58,50,661,yes,35,1000
2025-05-21T15:01:51.712579,KXBTCD-25MAY2119-T108499.99,DELTA,49,24,58,50,662,yes,50,-9
2025-05-21T15:01:51.731267,KXBTCD-25MAY2119-T108499.99,DELTA,49,24,58,50,663,yes,35,9
2025-05-21T15:01:51.732241,KXBTCD-25MAY2119-T108499.99,DELTA,49,24,58,50,664,yes,34,-50
2025-05-21T15:01:51.733027,KXBTCD-25MAY2119-T108499.99,DELTA,49,24,58,50,665,yes,32,50
2025-05-21T15:01:51.774943,KXBTCD-25MAY2119-T108499.99,DELTA,49,24,58,50,666,yes,32,-50
2025-05-21T15:01:51.775713,KXBTCD-25MAY2119-T108499.99,DELTA,49,24,58,50,667,yes,36,50
2025-05-21T15:01:51.792016,KXBTCD-25MAY2119-T108499.99,DELTA,49,24,58,50,668,yes,35,-1000
2025-05-21T15:01:51.832219,KXBTCD-25MAY2119-T108499.99,DELTA,49,24,58,50,669,yes,37,1000
2025-05-21T15:01:51.871498,KXBTCD-25MAY2119-T108499.99,DELTA,49,24,58,50,670,yes,36,-50
2025-05-21T15:01:51.872389,KXBTCD-25MAY2119-T108499.99,DELTA,49,24,58,50,671,yes,32,50
2025-05-21T15:01:51.951752,KXBTCD-25MAY2119-T108499.99,DELTA,49,24,58,50,672,yes,32,-50
2025-05-21T15:01:51.952065,KXBTCD-25MAY2119-T108499.99,DELTA,49,24,58,50,673,yes,38,50
2025-05-21T15:01:51.952409,KXBTCD-25MAY2119-T108499.99,DELTA,49,24,58,50,674,yes,37,-1000
2025-05-21T15:01:51.991375,KXBTCD-25MAY2119-T108499.99,DELTA,49,24,58,50,675,yes,33,1000
2025-05-21T15:01:52.011007,KXBTCD-25MAY2119-T108499.99,DELTA,49,24,58,50,676,yes,38,-50
2025-05-21T15:01:52.011250,KXBTCD-25MAY2119-T108499.99,DELTA,49,24,58,50,677,yes,32,50
2025-05-21T15:01:52.030957,KXBTCD-25MAY2119-T108499.99,DELTA,49,24,58,50,678,yes,33,-1000
2025-05-21T15:01:52.051705,KXBTCD-25MAY2119-T108499.99,DELTA,49,24,58,50,679,yes,32,-50
2025-05-21T15:01:52.051925,KXBTCD-25MAY2119-T108499.99,DELTA,49,24,58,50,680,yes,39,50
2025-05-21T15:01:52.071424,KXBTCD-25MAY2119-T108499.99,DELTA,49,24,58,50,681,yes,33,1000
2025-05-21T15:01:52.092784,KXBTCD-25MAY2119-T108499.99,DELTA,49,24,58,50,682,yes,39,-50
2025-05-21T15:01:52.092981,KXBTCD-25MAY2119-T108499.99,DELTA,49,24,58,50,683,yes,32,50
2025-05-21T15:01:52.131034,KXBTCD-25MAY2119-T108499.99,DELTA,49,24,58,50,684,yes,33,-1000
2025-05-21T15:01:52.131660,KXBTCD-25MAY2119-T108499.99,DELTA,49,24,58,50,685,yes,32,-50
2025-05-21T15:01:52.131880,KXBTCD-25MAY2119-T108499.99,DELTA,49,24,58,50,686,yes,40,50
2025-05-21T15:01:52.172191,KXBTCD-25MAY2119-T108499.99,DELTA,49,24,58,50,687,yes,33,1000
2025-05-21T15:01:52.191478,KXBTCD-25MAY2119-T108499.99,DELTA,49,24,58,50,688,yes,40,-50
2025-05-21T15:01:52.191729,KXBTCD-25MAY2119-T108499.99,DELTA,49,24,58,50,689,yes,32,50
2025-05-21T15:01:52.210847,KXBTCD-25MAY2119-T108499.99,DELTA,49,24,58,50,690,yes,33,-1000
2025-05-21T15:01:52.251220,KXBTCD-25MAY2119-T108499.99,DELTA,49,24,58,50,691,yes,32,-50
2025-05-21T15:01:52.251436,KXBTCD-25MAY2119-T108499.99,DELTA,49,24,58,50,692,yes,34,50
2025-05-21T15:01:52.251528,KXBTCD-25MAY2119-T108499.99,DELTA,49,24,58,50,693,yes,33,1000
2025-05-21T15:01:52.292310,KXBTCD-25MAY2119-T108499.99,DELTA,55,100,58,50,694,yes,55,100
2025-05-21T15:01:52.311877,KXBTCD-25MAY2119-T108499.99,DELTA,55,100,58,50,695,yes,33,-1000
2025-05-21T15:01:52.351127,KXBTCD-25MAY2119-T108499.99,DELTA,55,100,58,50,696,yes,34,-50
2025-05-21T15:01:52.351315,KXBTCD-25MAY2119-T108499.99,DELTA,56,50,58,50,697,yes,56,50
2025-05-21T15:01:52.351447,KXBTCD-25MAY2119-T108499.99,DELTA,56,50,58,50,698,yes,35,1000
2025-05-21T15:01:52.416118,KXBTCD-25MAY2119-T108499.99,DELTA,56,50,58,50,699,yes,35,-1000
2025-05-21T15:01:52.456647,KXBTCD-25MAY2119-T108499.99,DELTA,56,50,58,50,700,yes,31,1000
2025-05-21T15:01:52.491246,KXBTCD-25MAY2119-T108499.99,DELTA,56,50,58,50,701,yes,55,-100
2025-05-21T15:01:52.530996,KXBTCD-25MAY2119-T108499.99,DELTA,56,50,58,50,702,yes,50,9
2025-05-21T15:01:52.531270,KXBTCD-25MAY2119-T108499.99,DELTA,56,50,58,50,703,yes,35,-9
2025-05-21T15:01:52.551204,KXBTCD-25MAY2119-T108499.99,DELTA,50,9,58,50,704,yes,56,-50
2025-05-21T15:01:52.551403,KXBTCD-25MAY2119-T108499.99,DELTA,50,9,58,50,705,yes,32,50
2025-05-21T15:01:52.591796,KXBTCD-25MAY2119-T108499.99,DELTA,50,9,58,50,706,yes,32,-50
2025-05-21T15:01:52.592022,KXBTCD-25MAY2119-T108499.99,DELTA,57,50,58,50,707,yes,57,50
2025-05-21T15:01:52.611367,KXBTCD-25MAY2119-T108499.99,DELTA,57,50,58,50,708,yes,31,-1000
2025-05-21T15:01:52.653367,KXBTCD-25MAY2119-T108499.99,DELTA,57,50,58,50,709,yes,31,1000
2025-05-21T15:01:53.612850,KXBTCD-25MAY2119-T108499.99,DELTA,57,50,58,50,710,yes,4,-8100
2025-05-21T15:01:53.613663,KXBTCD-25MAY2119-T108499.99,DELTA,57,50,58,50,711,yes,6,5400
2025-05-21T15:01:53.631529,KXBTCD-25MAY2119-T108499.99,DELTA,57,50,58,50,712,yes,55,100
2025-05-21T15:01:53.670844,KXBTCD-25MAY2119-T108499.99,DELTA,57,50,58,50,713,no,11,-2945
2025-05-21T15:01:53.671023,KXBTCD-25MAY2119-T108499.99,DELTA,57,50,58,50,714,no,13,2492
2025-05-21T15:01:53.671113,KXBTCD-25MAY2119-T108499.99,DELTA,57,50,58,50,715,yes,5,-20000
2025-05-21T15:01:53.710493,KXBTCD-25MAY2119-T108499.99,DELTA,57,50,58,50,716,yes,7,20000
2025-05-21T15:01:53.730712,KXBTCD-25MAY2119-T108499.99,DELTA,57,50,58,50,717,no,12,-2000
2025-05-21T15:01:53.771705,KXBTCD-25MAY2119-T108499.99,DELTA,57,50,58,50,718,no,14,2000
2025-05-21T15:01:54.391449,KXBTCD-25MAY2119-T108499.99,DELTA,57,50,58,50,719,yes,55,-100
2025-05-21T15:01:54.871816,KXBTCD-25MAY2119-T108499.99,DELTA,57,50,58,50,720,yes,6,-5400
2025-05-21T15:01:54.872767,KXBTCD-25MAY2119-T108499.99,DELTA,57,50,58,50,721,yes,8,4050
2025-05-21T15:01:54.930352,KXBTCD-25MAY2119-T108499.99,DELTA,57,50,58,50,722,no,13,-2492
2025-05-21T15:01:54.930676,KXBTCD-25MAY2119-T108499.99,DELTA,57,50,58,50,723,no,11,2945
2025-05-21T15:01:54.930844,KXBTCD-25MAY2119-T108499.99,DELTA,57,50,58,50,724,yes,7,-20000
2025-05-21T15:01:54.970728,KXBTCD-25MAY2119-T108499.99,DELTA,57,50,58,50,725,yes,9,20000
2025-05-21T15:01:55.011919,KXBTCD-25MAY2119-T108499.99,DELTA,57,50,58,50,726,no,14,-2000
2025-05-21T15:01:55.071498,KXBTCD-25MAY2119-T108499.99,DELTA,57,50,58,50,727,no,12,2000
2025-05-21T15:01:55.190939,KXBTCD-25MAY2119-T108499.99,DELTA,57,50,58,50,728,yes,55,100
2025-05-21T15:01:56.291422,KXBTCD-25MAY2119-T108499.99,DELTA,57,50,58,50,729,yes,8,-4050
2025-05-21T15:01:56.292491,KXBTCD-25MAY2119-T108499.99,DELTA,57,50,58,50,730,yes,10,3240
2025-05-21T15:01:56.371754,KXBTCD-25MAY2119-T108499.99,DELTA,57,50,58,50,731,no,11,-2945
2025-05-21T15:01:56.372726,KXBTCD-25MAY2119-T108499.99,DELTA,57,50,58,50,732,no,13,2492
2025-05-21T15:01:56.471700,KXBTCD-25MAY2119-T108499.99,DELTA,57,50,58,50,733,yes,9,-20000
2025-05-21T15:01:56.473347,KXBTCD-25MAY2119-T108499.99,DELTA,57,50,58,50,734,no,12,-2000
2025-05-21T15:01:56.577364,KXBTCD-25MAY2119-T108499.99,DELTA,57,50,58,50,735,no,14,2000
2025-05-21T15:01:56.578188,KXBTCD-25MAY2119-T108499.99,DELTA,57,50,58,50,736,yes,11,20000
2025-05-21T15:01:58.199930,KXBTCD-25MAY2119-T108499.99,DELTA,57,50,58,50,737,yes,10,-3240
2025-05-21T15:01:58.200184,KXBTCD-25MAY2119-T108499.99,DELTA,57,50,58,50,738,yes,12,2700
2025-05-21T15:01:58.290264,KXBTCD-25MAY2119-T108499.99,DELTA,57,50,58,50,739,yes,11,-20000
2025-05-21T15:01:58.290851,KXBTCD-25MAY2119-T108499.99,DELTA,57,50,58,50,740,no,13,-2492
2025-05-21T15:01:58.291006,KXBTCD-25MAY2119-T108499.99,DELTA,57,50,58,50,741,no,14,2314
2025-05-21T15:01:58.470302,KXBTCD-25MAY2119-T108499.99,DELTA,57,50,58,50,742,no,14,-2000
2025-05-21T15:01:58.691366,KXBTCD-25MAY2119-T108499.99,DELTA,57,50,58,50,743,no,15,2000
2025-05-21T15:01:59.590169,KXBTCD-25MAY2119-T108499.99,DELTA,57,50,58,50,744,yes,55,-100
2025-05-21T15:02:00.155112,KXBTCD-25MAY2119-T108499.99,DELTA,57,50,58,50,745,yes,12,-2700
2025-05-21T15:02:00.155315,KXBTCD-25MAY2119-T108499.99,DELTA,57,50,58,50,746,yes,4,8100
2025-05-21T15:02:00.212037,KXBTCD-25MAY2119-T108499.99,DELTA,57,50,58,50,747,no,14,-2314
2025-05-21T15:02:00.212309,KXBTCD-25MAY2119-T108499.99,DELTA,57,50,58,50,748,no,11,2945
2025-05-21T15:02:00.212435,KXBTCD-25MAY2119-T108499.99,DELTA,57,50,58,50,749,yes,5,20000
2025-05-21T15:02:00.271194,KXBTCD-25MAY2119-T108499.99,DELTA,57,50,58,50,750,no,15,-2000
2025-05-21T15:02:00.311063,KXBTCD-25MAY2119-T108499.99,DELTA,57,50,58,50,751,no,12,2000
2025-05-21T15:02:00.391265,KXBTCD-25MAY2119-T108499.99,DELTA,57,50,58,50,752,yes,56,100
2025-05-21T15:02:07.512933,KXBTCD-25MAY2119-T108499.99,DELTA,57,50,58,50,753,yes,4,-8100
2025-05-21T15:02:07.514540,KXBTCD-25MAY2119-T108499.99,DELTA,57,50,58,50,754,yes,6,5400
2025-05-21T15:02:07.572018,KXBTCD-25MAY2119-T108499.99,DELTA,57,50,58,50,755,no,11,-2945
2025-05-21T15:02:07.572985,KXBTCD-25MAY2119-T108499.99,DELTA,57,50,58,50,756,no,13,2492
2025-05-21T15:02:07.573755,KXBTCD-25MAY2119-T108499.99,DELTA,57,50,58,50,757,yes,5,-20000
2025-05-21T15:02:07.631706,KXBTCD-25MAY2119-T108499.99,DELTA,57,50,58,50,758,yes,7,20000
2025-05-21T15:02:07.632542,KXBTCD-25MAY2119-T108499.99,DELTA,57,50,58,50,759,no,12,-2000
2025-05-21T15:02:07.672074,KXBTCD-25MAY2119-T108499.99,DELTA,57,50,58,50,760,no,14,2000
2025-05-21T15:02:08.667871,KXBTCD-25MAY2119-T108499.99,DELTA,57,50,58,50,761,yes,6,-5400
2025-05-21T15:02:08.668134,KXBTCD-25MAY2119-T108499.99,DELTA,57,50,58,50,762,yes,8,4050
2025-05-21T15:02:08.710748,KXBTCD-25MAY2119-T108499.99,DELTA,57,50,58,50,763,no,13,-2492
2025-05-21T15:02:08.710936,KXBTCD-25MAY2119-T108499.99,DELTA,57,50,58,50,764,no,14,2314
2025-05-21T15:02:08.711026,KXBTCD-25MAY2119-T108499.99,DELTA,57,50,58,50,765,yes,7,-20000
2025-05-21T15:02:08.752346,KXBTCD-25MAY2119-T108499.99,DELTA,57,50,58,50,766,yes,9,20000
2025-05-21T15:02:08.770799,KXBTCD-25MAY2119-T108499.99,DELTA,57,50,58,50,767,no,14,-2000
2025-05-21T15:02:08.810259,KXBTCD-25MAY2119-T108499.99,DELTA,57,50,58,50,768,no,15,2000
2025-05-21T15:02:09.911988,KXBTCD-25MAY2119-T108499.99,DELTA,57,50,58,50,769,yes,8,-4050
2025-05-21T15:02:09.913099,KXBTCD-25MAY2119-T108499.99,DELTA,57,50,58,50,770,yes,10,3240
2025-05-21T15:02:09.972182,KXBTCD-25MAY2119-T108499.99,DELTA,57,50,58,50,771,no,14,-2314
2025-05-21T15:02:09.972789,KXBTCD-25MAY2119-T108499.99,DELTA,57,50,58,50,772,no,15,2160
2025-05-21T15:02:09.973253,KXBTCD-25MAY2119-T108499.99,DELTA,57,50,58,50,773,yes,9,-20000
2025-05-21T15:02:10.030322,KXBTCD-25MAY2119-T108499.99,DELTA,57,50,58,50,774,yes,11,20000
2025-05-21T15:02:10.030468,KXBTCD-25MAY2119-T108499.99,DELTA,57,50,58,50,775,no,15,-2000
2025-05-21T15:02:10.090545,KXBTCD-25MAY2119-T108499.99,DELTA,57,50,58,50,776,no,16,2000
2025-05-21T15:02:11.211071,KXBTCD-25MAY2119-T108499.99,DELTA,57,50,58,50,777,yes,10,-3240
2025-05-21T15:02:11.211529,KXBTCD-25MAY2119-T108499.99,DELTA,57,50,58,50,778,yes,12,2700
2025-05-21T15:02:11.250076,KXBTCD-25MAY2119-T108499.99,DELTA,57,50,58,50,779,no,15,-2160
2025-05-21T15:02:11.250243,KXBTCD-25MAY2119-T108499.99,DELTA,57,50,58,50,780,no,11,2945
2025-05-21T15:02:11.269020,KXBTCD-25MAY2119-T108499.99,DELTA,57,50,58,50,781,yes,11,-20000
2025-05-21T15:02:11.309223,KXBTCD-25MAY2119-T108499.99,DELTA,57,50,58,50,782,no,16,-2000
2025-05-21T15:02:11.351547,KXBTCD-25MAY2119-T108499.99,DELTA,57,50,58,50,783,no,12,2000
2025-05-21T15:02:12.591986,KXBTCD-25MAY2119-T108499.99,DELTA,57,50,58,50,784,yes,12,-2700
2025-05-21T15:02:12.592719,KXBTCD-25MAY2119-T108499.99,DELTA,57,50,58,50,785,yes,4,8100
2025-05-21T15:02:12.652215,KXBTCD-25MAY2119-T108499.99,DELTA,57,50,58,50,786,no,11,-2945
2025-05-21T15:02:12.652898,KXBTCD-25MAY2119-T108499.99,DELTA,57,50,58,50,787,no,13,2492
2025-05-21T15:02:12.653377,KXBTCD-25MAY2119-T108499.99,DELTA,57,50,58,50,788,yes,5,20000
2025-05-21T15:02:12.712037,KXBTCD-25MAY2119-T108499.99,DELTA,57,50,58,50,789,no,12,-2000
2025-05-21T15:02:12.770501,KXBTCD-25MAY2119-T108499.99,DELTA,57,50,58,50,790,no,14,2000
2025-05-21T15:02:16.390875,KXBTCD-25MAY2119-T108499.99,DELTA,57,50,58,50,791,yes,4,-8100
2025-05-21T15:02:16.391535,KXBTCD-25MAY2119-T108499.99,DELTA,57,50,58,50,792,yes,6,5400
2025-05-21T15:02:16.450566,KXBTCD-25MAY2119-T108499.99,DELTA,57,50,58,50,793,no,13,-2492
2025-05-21T15:02:16.451280,KXBTCD-25MAY2119-T108499.99,DELTA,57,50,58,50,794,no,15,2160
2025-05-21T15:02:16.451788,KXBTCD-25MAY2119-T108499.99,DELTA,57,50,58,50,795,yes,5,-20000
2025-05-21T15:02:16.491668,KXBTCD-25MAY2119-T108499.99,DELTA,57,50,58,50,796,yes,7,20000
2025-05-21T15:02:16.511337,KXBTCD-25MAY2119-T108499.99,DELTA,57,50,58,50,797,no,14,-2000
2025-05-21T15:02:16.557386,KXBTCD-25MAY2119-T108499.99,DELTA,57,50,58,50,798,no,16,2000
2025-05-21T15:02:18.410538,KXBTCD-25MAY2119-T108499.99,DELTA,57,50,58,50,799,yes,56,-100
2025-05-21T15:02:18.431060,KXBTCD-25MAY2119-T108499.99,DELTA,57,50,58,50,800,no,37,-100
2025-05-21T15:02:18.491444,KXBTCD-25MAY2119-T108499.99,DELTA,57,50,58,50,801,no,38,-1000
2025-05-21T15:02:18.551172,KXBTCD-25MAY2119-T108499.99,DELTA,57,50,58,50,802,no,16,1000
2025-05-21T15:02:18.831426,KXBTCD-25MAY2119-T108499.99,DELTA,57,50,58,50,803,yes,6,-5400
2025-05-21T15:02:18.832110,KXBTCD-25MAY2119-T108499.99,DELTA,57,50,58,50,804,yes,8,4050
2025-05-21T15:02:18.890995,KXBTCD-25MAY2119-T108499.99,DELTA,57,50,58,50,805,yes,7,-20000
2025-05-21T15:02:18.911011,KXBTCD-25MAY2119-T108499.99,DELTA,57,50,58,50,806,no,15,-2160
2025-05-21T15:02:18.911790,KXBTCD-25MAY2119-T108499.99,DELTA,57,50,58,50,807,no,11,2945
2025-05-21T15:02:18.951410,KXBTCD-25MAY2119-T108499.99,DELTA,57,50,58,50,808,yes,9,20000
2025-05-21T15:02:18.970525,KXBTCD-25MAY2119-T108499.99,DELTA,57,50,58,50,809,no,16,-2000
2025-05-21T15:02:18.991886,KXBTCD-25MAY2119-T108499.99,DELTA,57,50,58,50,810,no,16,-1000
2025-05-21T15:02:19.030445,KXBTCD-25MAY2119-T108499.99,DELTA,57,50,58,50,811,no,12,1000
2025-05-21T15:02:19.030940,KXBTCD-25MAY2119-T108499.99,DELTA,57,50,58,50,812,no,12,2000
2025-05-21T15:02:19.889586,KXBTCD-25MAY2119-T108499.99,DELTA,57,50,58,50,813,yes,55,100
2025-05-21T15:02:19.890681,KXBTCD-25MAY2119-T108499.99,DELTA,57,50,58,50,814,no,37,100
2025-05-21T15:02:19.891297,KXBTCD-25MAY2119-T108499.99,DELTA,57,50,58,50,815,no,12,-1000
2025-05-21T15:02:19.910852,KXBTCD-25MAY2119-T108499.99,DELTA,57,50,58,1050,816,no,42,1000
2025-05-21T15:02:19.970657,KXBTCD-25MAY2119-T108499.99,DELTA,57,50,58,1050,817,no,38,9
2025-05-21T15:02:20.071282,KXBTCD-25MAY2119-T108499.99,DELTA,57,50,58,1050,818,yes,8,-4050
2025-05-21T15:02:20.071509,KXBTCD-25MAY2119-T108499.99,DELTA,57,50,58,1050,819,yes,10,3240
2025-05-21T15:02:20.110795,KXBTCD-25MAY2119-T108499.99,DELTA,55,100,58,1050,820,yes,57,-50
2025-05-21T15:02:20.111168,KXBTCD-25MAY2119-T108499.99,DELTA,55,150,58,1050,821,yes,55,50
2025-05-21T15:02:20.130866,KXBTCD-25MAY2119-T108499.99,DELTA,55,150,58,1050,822,no,11,-2945
2025-05-21T15:02:20.131241,KXBTCD-25MAY2119-T108499.99,DELTA,55,150,58,1050,823,no,13,2492
2025-05-21T15:02:20.150967,KXBTCD-25MAY2119-T108499.99,DELTA,55,150,58,1050,824,yes,9,-20000
2025-05-21T15:02:20.172009,KXBTCD-25MAY2119-T108499.99,DELTA,55,150,58,1000,825,no,42,-50
2025-05-21T15:02:20.172855,KXBTCD-25MAY2119-T108499.99,DELTA,55,150,57,50,826,no,43,50
2025-05-21T15:02:20.191398,KXBTCD-25MAY2119-T108499.99,DELTA,55,150,57,50,827,no,12,-2000
2025-05-21T15:02:20.192337,KXBTCD-25MAY2119-T108499.99,DELTA,55,150,57,50,828,yes,11,20000
2025-05-21T15:02:20.230767,KXBTCD-25MAY2119-T108499.99,DELTA,55,150,57,50,829,no,42,-1000
2025-05-21T15:02:20.250872,KXBTCD-25MAY2119-T108499.99,DELTA,55,150,57,50,830,no,14,2000
2025-05-21T15:02:20.272116,KXBTCD-25MAY2119-T108499.99,DELTA,55,150,57,50,831,no,38,1000
2025-05-21T15:02:20.393815,KXBTCD-25MAY2119-T108499.99,DELTA,55,150,57,50,832,no,37,-100
2025-05-21T15:02:20.410879,KXBTCD-25MAY2119-T108499.99,DELTA,55,50,57,50,833,yes,55,-100
2025-05-21T15:02:20.470906,KXBTCD-25MAY2119-T108499.99,DELTA,55,50,57,50,834,no,38,-1000
2025-05-21T15:02:20.510739,KXBTCD-25MAY2119-T108499.99,DELTA,55,50,57,50,835,no,14,1000
2025-05-21T15:02:21.219927,KXBTCD-25MAY2119-T108499.99,DELTA,50,9,57,50,836,yes,55,-50
2025-05-21T15:02:21.220934,KXBTCD-25MAY2119-T108499.99,DELTA,50,9,57,50,837,yes,32,50
2025-05-21T15:02:21.221352,KXBTCD-25MAY2119-T108499.99,DELTA,50,9,57,50,838,no,14,-1000
2025-05-21T15:02:21.280785,KXBTCD-25MAY2119-T108499.99,DELTA,50,9,57,1050,839,no,43,1000
2025-05-21T15:02:21.305113,KXBTCD-25MAY2119-T108499.99,DELTA,50,9,57,1050,840,yes,31,-1000
2025-05-21T15:02:21.316972,KXBTCD-25MAY2119-T108499.99,DELTA,50,9,57,1050,841,yes,10,-3240
2025-05-21T15:02:21.317845,KXBTCD-25MAY2119-T108499.99,DELTA,50,9,57,1050,842,yes,12,2700
2025-05-21T15:02:21.340956,KXBTCD-25MAY2119-T108499.99,DELTA,50,9,57,1050,843,yes,33,1000
2025-05-21T15:02:21.358454,KXBTCD-25MAY2119-T108499.99,DELTA,49,24,57,1050,844,yes,50,-9
2025-05-21T15:02:21.359214,KXBTCD-25MAY2119-T108499.99,DELTA,49,24,57,1050,845,no,35,9
2025-05-21T15:02:21.359820,KXBTCD-25MAY2119-T108499.99,DELTA,49,24,57,1050,846,no,13,-2492
2025-05-21T15:02:21.360364,KXBTCD-25MAY2119-T108499.99,DELTA,49,24,57,1050,847,no,15,2160
2025-05-21T15:02:21.360833,KXBTCD-25MAY2119-T108499.99,DELTA,49,24,57,1050,848,yes,33,9
2025-05-21T15:02:21.361281,KXBTCD-25MAY2119-T108499.99,DELTA,49,24,57,1050,849,no,38,-9
2025-05-21T15:02:21.383229,KXBTCD-25MAY2119-T108499.99,DELTA,49,24,57,1050,850,yes,11,-20000
2025-05-21T15:02:21.422323,KXBTCD-25MAY2119-T108499.99,DELTA,49,24,57,1050,851,yes,32,-50
2025-05-21T15:02:21.423102,KXBTCD-25MAY2119-T108499.99,DELTA,49,24,57,1050,852,yes,34,50
2025-05-21T15:02:21.423797,KXBTCD-25MAY2119-T108499.99,DELTA,49,24,57,1050,853,no,14,-2000
2025-05-21T15:02:21.457564,KXBTCD-25MAY2119-T108499.99,DELTA,49,24,57,1050,854,no,16,2000
2025-05-21T15:02:21.496841,KXBTCD-25MAY2119-T108499.99,DELTA,49,24,57,1050,855,yes,33,-1000
2025-05-21T15:02:21.518962,KXBTCD-25MAY2119-T108499.99,DELTA,49,24,57,1050,856,no,39,100
2025-05-21T15:02:21.519572,KXBTCD-25MAY2119-T108499.99,DELTA,53,100,57,1050,857,yes,53,100
2025-05-21T15:02:21.546469,KXBTCD-25MAY2119-T108499.99,DELTA,53,100,57,1050,858,yes,34,-50
2025-05-21T15:02:21.547180,KXBTCD-25MAY2119-T108499.99,DELTA,53,100,57,1050,859,yes,32,50
2025-05-21T15:02:21.547865,KXBTCD-25MAY2119-T108499.99,DELTA,53,100,57,1050,860,yes,35,1000
2025-05-21T15:02:21.676401,KXBTCD-25MAY2119-T108499.99,DELTA,53,100,57,1050,861,yes,32,-50
2025-05-21T15:02:21.677061,KXBTCD-25MAY2119-T108499.99,DELTA,54,50,57,1050,862,yes,54,50
2025-05-21T15:02:21.808766,KXBTCD-25MAY2119-T108499.99,DELTA,54,50,57,1050,863,yes,35,-1000
2025-05-21T15:02:21.810055,KXBTCD-25MAY2119-T108499.99,DELTA,54,50,57,1050,864,yes,33,1000
2025-05-21T15:02:21.811288,KXBTCD-25MAY2119-T108499.99,DELTA,54,50,57,50,865,no,43,-1000
2025-05-21T15:02:21.812436,KXBTCD-25MAY2119-T108499.99,DELTA,54,50,56,1000,866,no,44,1000
2025-05-21T15:02:21.812859,KXBTCD-25MAY2119-T108499.99,DELTA,54,50,56,1000,867,yes,33,-1000
2025-05-21T15:02:21.813462,KXBTCD-25MAY2119-T108499.99,DELTA,54,50,57,50,868,no,44,-1000
2025-05-21T15:02:21.814205,KXBTCD-25MAY2119-T108499.99,DELTA,54,50,57,50,869,yes,31,1000
2025-05-21T15:02:21.850206,KXBTCD-25MAY2119-T108499.99,DELTA,54,50,57,1050,870,no,43,1000
2025-05-21T15:02:22.510662,KXBTCD-25MAY2119-T108499.99,DELTA,54,50,57,1050,871,yes,12,-2700
2025-05-21T15:02:22.510997,KXBTCD-25MAY2119-T108499.99,DELTA,54,50,57,1050,872,yes,4,8100
2025-05-21T15:02:22.550897,KXBTCD-25MAY2119-T108499.99,DELTA,54,50,57,1050,873,no,15,-2160
2025-05-21T15:02:22.551049,KXBTCD-25MAY2119-T108499.99,DELTA,54,50,57,1050,874,no,11,2945
2025-05-21T15:02:22.571452,KXBTCD-25MAY2119-T108499.99,DELTA,54,50,57,1050,875,yes,5,20000
2025-05-21T15:02:22.610300,KXBTCD-25MAY2119-T108499.99,DELTA,54,50,57,1050,876,no,16,-2000
2025-05-21T15:02:22.631243,KXBTCD-25MAY2119-T108499.99,DELTA,54,50,57,1050,877,yes,33,-9
2025-05-21T15:02:22.631714,KXBTCD-25MAY2119-T108499.99,DELTA,54,50,57,1050,878,no,35,-9
2025-05-21T15:02:22.631985,KXBTCD-25MAY2119-T108499.99,DELTA,54,50,57,1050,879,yes,50,9
2025-05-21T15:02:22.651698,KXBTCD-25MAY2119-T108499.99,DELTA,54,50,57,1050,880,no,12,2000
2025-05-21T15:02:22.670853,KXBTCD-25MAY2119-T108499.99,DELTA,54,50,57,1050,881,no,39,-100
2025-05-21T15:02:23.572133,KXBTCD-25MAY2119-T108499.99,DELTA,54,50,57,1050,882,no,39,100
2025-05-21T15:02:23.654057,KXBTCD-25MAY2119-T108499.99,DELTA,54,50,57,1050,883,yes,4,-8100
2025-05-21T15:02:23.654375,KXBTCD-25MAY2119-T108499.99,DELTA,54,50,57,1050,884,yes,6,5400
2025-05-21T15:02:23.696279,KXBTCD-25MAY2119-T108499.99,DELTA,54,50,57,1050,885,no,11,-2945
2025-05-21T15:02:23.696480,KXBTCD-25MAY2119-T108499.99,DELTA,54,50,57,1050,886,no,13,2492
2025-05-21T15:02:23.712077,KXBTCD-25MAY2119-T108499.99,DELTA,54,50,57,1050,887,yes,5,-20000
2025-05-21T15:02:23.750978,KXBTCD-25MAY2119-T108499.99,DELTA,54,50,57,1050,888,no,12,-2000
2025-05-21T15:02:23.772802,KXBTCD-25MAY2119-T108499.99,DELTA,54,50,57,1050,889,yes,7,20000
2025-05-21T15:02:23.812290,KXBTCD-25MAY2119-T108499.99,DELTA,54,50,57,1050,890,no,14,2000
2025-05-21T15:02:25.391387,KXBTCD-25MAY2119-T108499.99,DELTA,54,50,57,1030,891,no,43,-20
2025-05-21T15:02:25.452096,KXBTCD-25MAY2119-T108499.99,DELTA,53,100,57,1030,892,yes,54,-50
2025-05-21T15:02:25.471502,KXBTCD-25MAY2119-T108499.99,DELTA,53,100,57,1000,893,no,43,-30
2025-05-21T15:02:25.532083,KXBTCD-25MAY2119-T108499.99,DELTA,53,100,61,100,894,no,43,-1000
2025-05-21T15:02:25.571504,KXBTCD-25MAY2119-T108499.99,DELTA,53,100,60,1000,895,no,40,1000
2025-05-21T15:02:25.650840,KXBTCD-25MAY2119-T108499.99,DELTA,53,100,59,50,896,no,41,50
2025-05-21T15:02:25.671185,KXBTCD-25MAY2119-T108499.99,DELTA,54,50,59,50,897,yes,54,50
2025-05-21T15:02:25.691982,KXBTCD-25MAY2119-T108499.99,DELTA,54,50,60,1000,898,no,41,-50
2025-05-21T15:02:25.712369,KXBTCD-25MAY2119-T108499.99,DELTA,54,50,61,100,899,no,40,-1000
2025-05-21T15:02:25.713262,KXBTCD-25MAY2119-T108499.99,DELTA,53,100,61,100,900,yes,54,-50
2025-05-21T15:02:25.751527,KXBTCD-25MAY2119-T108499.99,DELTA,53,100,60,1000,901,no,40,1000
2025-05-21T15:02:26.850012,KXBTCD-25MAY2119-T108499.99,DELTA,53,100,59,50,902,no,41,50
2025-05-21T15:02:26.851159,KXBTCD-25MAY2119-T108499.99,DELTA,54,50,59,50,903,yes,54,50
2025-05-21T15:02:26.871685,KXBTCD-25MAY2119-T108499.99,DELTA,54,50,59,50,904,no,40,-1000
2025-05-21T15:02:26.911936,KXBTCD-25MAY2119-T108499.99,DELTA,54,50,58,1000,905,no,42,1000
2025-05-21T15:02:26.971965,KXBTCD-25MAY2119-T108499.99,DELTA,54,50,58,1000,906,no,41,-50
2025-05-21T15:02:26.972980,KXBTCD-25MAY2119-T108499.99,DELTA,54,50,57,50,907,no,43,50
2025-05-21T15:02:27.050410,KXBTCD-25MAY2119-T108499.99,DELTA,54,50,57,50,908,no,42,-1000
2025-05-21T15:02:27.092790,KXBTCD-25MAY2119-T108499.99,DELTA,54,50,57,1050,909,no,43,1000
2025-05-21T15:02:27.112078,KXBTCD-25MAY2119-T108499.99,DELTA,54,50,57,1000,910,no,43,-50
2025-05-21T15:02:27.112969,KXBTCD-25MAY2119-T108499.99,DELTA,54,50,57,1000,911,no,40,50
2025-05-21T15:02:27.171878,KXBTCD-25MAY2119-T108499.99,DELTA,54,50,60,50,912,no,43,-1000
2025-05-21T15:02:27.172769,KXBTCD-25MAY2119-T108499.99,DELTA,54,50,61,100,913,no,40,-50
2025-05-21T15:02:27.173320,KXBTCD-25MAY2119-T108499.99,DELTA,54,50,57,50,914,no,43,50
2025-05-21T15:02:27.212031,KXBTCD-25MAY2119-T108499.99,DELTA,54,50,57,50,915,no,41,1000
2025-05-21T15:02:27.231945,KXBTCD-25MAY2119-T108499.99,DELTA,54,50,59,1000,916,no,43,-50
2025-05-21T15:02:27.232745,KXBTCD-25MAY2119-T108499.99,DELTA,54,50,59,1000,917,no,40,50
2025-05-21T15:02:27.250851,KXBTCD-25MAY2119-T108499.99,DELTA,54,50,60,50,918,no,41,-1000
2025-05-21T15:02:27.271440,KXBTCD-25MAY2119-T108499.99,DELTA,54,50,61,100,919,no,40,-50
2025-05-21T15:02:27.272082,KXBTCD-25MAY2119-T108499.99,DELTA,54,50,57,50,920,no,43,50
2025-05-21T15:02:27.291887,KXBTCD-25MAY2119-T108499.99,DELTA,54,50,57,50,921,no,41,1000
2025-05-21T15:02:27.330692,KXBTCD-25MAY2119-T108499.99,DELTA,54,50,57,50,922,no,41,-1000
2025-05-21T15:02:27.350824,KXBTCD-25MAY2119-T108499.99,DELTA,54,50,61,100,923,no,43,-50
2025-05-21T15:02:27.351479,KXBTCD-25MAY2119-T108499.99,DELTA,54,50,60,50,924,no,40,50
2025-05-21T15:02:27.371169,KXBTCD-25MAY2119-T108499.99,DELTA,54,50,57,1000,925,no,43,1000
2025-05-21T15:02:27.395158,KXBTCD-25MAY2119-T108499.99,DELTA,54,50,57,1000,926,yes,6,-5400
2025-05-21T15:02:27.396018,KXBTCD-25MAY2119-T108499.99,DELTA,54,50,57,1000,927,yes,8,4050
2025-05-21T15:02:27.396728,KXBTCD-25MAY2119-T108499.99,DELTA,54,50,57,1000,928,no,40,-50
2025-05-21T15:02:27.397207,KXBTCD-25MAY2119-T108499.99,DELTA,54,50,57,1050,929,no,43,50
2025-05-21T15:02:27.431489,KXBTCD-25MAY2119-T108499.99,DELTA,54,50,57,50,930,no,43,-1000
2025-05-21T15:02:27.451391,KXBTCD-25MAY2119-T108499.99,DELTA,54,50,57,50,931,no,13,-2492
2025-05-21T15:02:27.452186,KXBTCD-25MAY2119-T108499.99,DELTA,54,50,57,50,932,no,15,2160
2025-05-21T15:02:27.453009,KXBTCD-25MAY2119-T108499.99,DELTA,54,50,57,50,933,yes,7,-20000
2025-05-21T15:02:27.471929,KXBTCD-25MAY2119-T108499.99,DELTA,54,50,57,1050,934,no,43,1000
2025-05-21T15:02:27.491024,KXBTCD-25MAY2119-T108499.99,DELTA,54,50,57,1000,935,no,43,-50
2025-05-21T15:02:27.491335,KXBTCD-25MAY2119-T108499.99,DELTA,54,50,57,1000,936,no,40,50
2025-05-21T15:02:27.491483,KXBTCD-25MAY2119-T108499.99,DELTA,54,50,57,1000,937,yes,9,20000
2025-05-21T15:02:27.510711,KXBTCD-25MAY2119-T108499.99,DELTA,54,50,57,1000,938,no,14,-2000
2025-05-21T15:02:27.550890,KXBTCD-25MAY2119-T108499.99,DELTA,54,50,57,1000,939,no,16,2000
2025-05-21T15:02:27.551060,KXBTCD-25MAY2119-T108499.99,DELTA,54,50,60,50,940,no,43,-1000
2025-05-21T15:02:27.551145,KXBTCD-25MAY2119-T108499.99,DELTA,54,50,61,100,941,no,40,-50
2025-05-21T15:02:27.551219,KXBTCD-25MAY2119-T108499.99,DELTA,54,50,57,50,942,no,43,50
2025-05-21T15:02:27.589935,KXBTCD-25MAY2119-T108499.99,DELTA,54,50,57,50,943,no,41,1000
2025-05-21T15:02:27.613750,KXBTCD-25MAY2119-T108499.99,DELTA,54,50,59,1000,944,no,43,-50
2025-05-21T15:02:27.613910,KXBTCD-25MAY2119-T108499.99,DELTA,54,50,59,1000,945,no,40,50
2025-05-21T15:02:27.651079,KXBTCD-25MAY2119-T108499.99,DELTA,54,50,60,50,946,no,41,-1000
2025-05-21T15:02:27.670666,KXBTCD-25MAY2119-T108499.99,DELTA,54,50,61,100,947,no,40,-50
2025-05-21T15:02:27.671164,KXBTCD-25MAY2119-T108499.99,DELTA,54,50,58,50,948,no,42,50
2025-05-21T15:02:27.690942,KXBTCD-25MAY2119-T108499.99,DELTA,54,50,58,50,949,no,41,1000
2025-05-21T15:02:27.732525,KXBTCD-25MAY2119-T108499.99,DELTA,54,50,59,1000,950,no,42,-50
2025-05-21T15:02:27.733363,KXBTCD-25MAY2119-T108499.99,DELTA,54,50,59,1000,951,no,40,50
2025-05-21T15:02:27.733872,KXBTCD-25MAY2119-T108499.99,DELTA,54,50,60,50,952,no,41,-1000
2025-05-21T15:02:27.771638,KXBTCD-25MAY2119-T108499.99,DELTA,54,50,61,100,953,no,40,-50
2025-05-21T15:02:27.772363,KXBTCD-25MAY2119-T108499.99,DELTA,54,50,57,50,954,no,43,50
2025-05-21T15:02:27.772869,KXBTCD-25MAY2119-T108499.99,DELTA,54,50,57,1050,955,no,43,1000
2025-05-21T15:02:27.811186,KXBTCD-25MAY2119-T108499.99,DELTA,54,50,57,50,956,no,43,-1000
2025-05-21T15:02:27.873408,KXBTCD-25MAY2119-T108499.99,DELTA,54,50,57,1050,957,no,43,1000
2025-05-21T15:02:29.662792,KXBTCD-25MAY2119-T108499.99,DELTA,54,17,57,1050,958,yes,54,-33
2025-05-21T15:02:29.670273,KXBTCD-25MAY2119-T108499.99,DELTA,54,17,57,1000,959,no,43,-50
2025-05-21T15:02:29.670946,KXBTCD-25MAY2119-T108499.99,DELTA,53,100,57,1000,960,yes,54,-17
2025-05-21T15:02:29.730896,KXBTCD-25MAY2119-T108499.99,DELTA,53,100,61,100,961,no,43,-1000
2025-05-21T15:02:29.791260,KXBTCD-25MAY2119-T108499.99,DELTA,53,100,61,100,962,yes,8,-4050
2025-05-21T15:02:29.792058,KXBTCD-25MAY2119-T108499.99,DELTA,53,100,61,100,963,yes,10,3240
2025-05-21T15:02:29.792624,KXBTCD-25MAY2119-T108499.99,DELTA,53,100,60,1000,964,no,40,1000
2025-05-21T15:02:29.851458,KXBTCD-25MAY2119-T108499.99,DELTA,53,100,60,1000,965,no,15,-2160
2025-05-21T15:02:29.852302,KXBTCD-25MAY2119-T108499.99,DELTA,53,100,60,1000,966,no,11,2945
2025-05-21T15:02:29.871284,KXBTCD-25MAY2119-T108499.99,DELTA,53,100,60,1000,967,yes,9,-20000
2025-05-21T15:02:29.871909,KXBTCD-25MAY2119-T108499.99,DELTA,54,50,60,1000,968,yes,54,50
2025-05-21T15:02:29.872395,KXBTCD-25MAY2119-T108499.99,DELTA,54,50,59,50,969,no,41,50
2025-05-21T15:02:29.911338,KXBTCD-25MAY2119-T108499.99,DELTA,54,50,60,1000,970,no,41,-50
2025-05-21T15:02:29.912241,KXBTCD-25MAY2119-T108499.99,DELTA,54,50,60,1000,971,no,16,-2000
2025-05-21T15:02:29.912968,KXBTCD-25MAY2119-T108499.99,DELTA,53,100,60,1000,972,yes,54,-50
2025-05-21T15:02:29.913601,KXBTCD-25MAY2119-T108499.99,DELTA,53,100,60,1000,973,yes,11,20000
2025-05-21T15:02:29.952061,KXBTCD-25MAY2119-T108499.99,DELTA,53,100,60,1000,974,no,12,2000
2025-05-21T15:02:29.952989,KXBTCD-25MAY2119-T108499.99,DELTA,53,100,61,100,975,no,40,-1000
2025-05-21T15:02:29.990060,KXBTCD-25MAY2119-T108499.99,DELTA,53,100,60,1000,976,no,40,1000
2025-05-21T15:02:30.951476,KXBTCD-25MAY2119-T108499.99,DELTA,53,100,59,50,977,no,41,50
2025-05-21T15:02:30.953075,KXBTCD-25MAY2119-T108499.99,DELTA,54,50,59,50,978,yes,54,50
2025-05-21T15:02:30.991737,KXBTCD-25MAY2119-T108499.99,DELTA,54,50,59,50,979,yes,10,-3240
2025-05-21T15:02:30.992785,KXBTCD-25MAY2119-T108499.99,DELTA,54,50,59,50,980,yes,12,2700
2025-05-21T15:02:30.993526,KXBTCD-25MAY2119-T108499.99,DELTA,53,100,59,50,981,yes,54,-50
2025-05-21T15:02:31.010953,KXBTCD-25MAY2119-T108499.99,DELTA,53,100,60,1000,982,no,41,-50
2025-05-21T15:02:31.011718,KXBTCD-25MAY2119-T108499.99,DELTA,53,100,61,100,983,no,40,-1000
2025-05-21T15:02:31.050416,KXBTCD-25MAY2119-T108499.99,DELTA,53,100,61,100,984,yes,11,-20000
2025-05-21T15:02:31.051048,KXBTCD-25MAY2119-T108499.99,DELTA,53,100,61,100,985,no,11,-2945
2025-05-21T15:02:31.051514,KXBTCD-25MAY2119-T108499.99,DELTA,53,100,61,100,986,no,13,2492
2025-05-21T15:02:31.071575,KXBTCD-25MAY2119-T108499.99,DELTA,53,100,58,1000,987,no,42,1000
2025-05-21T15:02:31.072366,KXBTCD-25MAY2119-T108499.99,DELTA,53,100,58,1000,988,yes,50,-9
2025-05-21T15:02:31.110862,KXBTCD-25MAY2119-T108499.99,DELTA,53,100,61,100,989,no,42,-1000
2025-05-21T15:02:31.151743,KXBTCD-25MAY2119-T108499.99,DELTA,53,100,61,100,990,yes,32,9
2025-05-21T15:02:31.152625,KXBTCD-25MAY2119-T108499.99,DELTA,53,100,61,100,991,no,12,-2000
2025-05-21T15:02:31.153280,KXBTCD-25MAY2119-T108499.99,DELTA,53,100,60,1000,992,no,40,1000
2025-05-21T15:02:31.193244,KXBTCD-25MAY2119-T108499.99,DELTA,53,100,60,1000,993,no,14,2000
2025-05-21T15:02:31.471917,KXBTCD-25MAY2119-T108499.99,DELTA,53,100,60,1000,994,no,39,-100
2025-05-21T15:02:31.531908,KXBTCD-25MAY2119-T108499.99,DELTA,53,100,66,24,995,no,40,-1000
2025-05-21T15:02:31.571572,KXBTCD-25MAY2119-T108499.99,DELTA,53,100,66,24,996,no,14,1000
2025-05-21T15:02:32.030777,KXBTCD-25MAY2119-T108499.99,DELTA,54,50,66,24,997,yes,54,50
2025-05-21T15:02:32.104639,KXBTCD-25MAY2119-T108499.99,DELTA,54,50,66,24,998,no,19,50
2025-05-21T15:02:32.151666,KXBTCD-25MAY2119-T108499.99,DELTA,54,50,66,24,999,yes,32,-9
2025-05-21T15:02:32.152533,KXBTCD-25MAY2119-T108499.99,DELTA,54,50,66,24,1000,no,19,9
2025-05-21T15:02:32.171794,KXBTCD-25MAY2119-T108499.99,DELTA,55,9,66,24,1001,yes,55,9
2025-05-21T15:02:32.172334,KXBTCD-25MAY2119-T108499.99,DELTA,55,9,66,24,1002,yes,50,9
2025-05-21T15:02:32.172764,KXBTCD-25MAY2119-T108499.99,DELTA,55,9,66,24,1003,no,19,9
2025-05-21T15:02:32.173152,KXBTCD-25MAY2119-T108499.99,DELTA,55,9,66,24,1004,yes,12,-2700
2025-05-21T15:02:32.173530,KXBTCD-25MAY2119-T108499.99,DELTA,55,9,66,24,1005,yes,4,8100
2025-05-21T15:02:32.191902,KXBTCD-25MAY2119-T108499.99,DELTA,55,9,66,24,1006,no,14,-1000
2025-05-21T15:02:32.230756,KXBTCD-25MAY2119-T108499.99,DELTA,55,9,66,24,1007,no,13,-2492
2025-05-21T15:02:32.231459,KXBTCD-25MAY2119-T108499.99,DELTA,55,9,66,24,1008,no,15,2160
2025-05-21T15:02:32.231982,KXBTCD-25MAY2119-T108499.99,DELTA,55,9,66,24,1009,no,20,1000
2025-05-21T15:02:32.232511,KXBTCD-25MAY2119-T108499.99,DELTA,55,9,66,24,1010,yes,5,20000
2025-05-21T15:02:32.290940,KXBTCD-25MAY2119-T108499.99,DELTA,55,9,66,24,1011,no,19,-50
2025-05-21T15:02:32.291269,KXBTCD-25MAY2119-T108499.99,DELTA,55,9,66,24,1012,no,21,50
2025-05-21T15:02:32.310490,KXBTCD-25MAY2119-T108499.99,DELTA,55,9,66,24,1013,no,14,-2000
2025-05-21T15:02:32.351474,KXBTCD-25MAY2119-T108499.99,DELTA,55,9,66,24,1014,no,16,2000
2025-05-21T15:02:32.391837,KXBTCD-25MAY2119-T108499.99,DELTA,55,9,66,24,1015,no,20,-1000
2025-05-21T15:02:32.451270,KXBTCD-25MAY2119-T108499.99,DELTA,55,9,66,24,1016,no,22,1000
2025-05-21T15:02:32.451978,KXBTCD-25MAY2119-T108499.99,DELTA,55,9,66,24,1017,no,21,-50
2025-05-21T15:02:32.452506,KXBTCD-25MAY2119-T108499.99,DELTA,55,9,66,24,1018,no,19,50
2025-05-21T15:02:32.453034,KXBTCD-25MAY2119-T108499.99,DELTA,55,9,60,100,1019,no,40,100
2025-05-21T15:02:32.511308,KXBTCD-25MAY2119-T108499.99,DELTA,55,9,60,100,1020,no,22,-1000
2025-05-21T15:02:32.552027,KXBTCD-25MAY2119-T108499.99,DELTA,55,9,59,1000,1021,no,41,1000
2025-05-21T15:02:32.571686,KXBTCD-25MAY2119-T108499.99,DELTA,55,9,59,1000,1022,no,19,-9
2025-05-21T15:02:32.571824,KXBTCD-25MAY2119-T108499.99,DELTA,55,9,59,1000,1023,no,23,9
2025-05-21T15:02:32.571919,KXBTCD-25MAY2119-T108499.99,DELTA,55,9,59,1000,1024,no,19,-50
2025-05-21T15:02:32.572004,KXBTCD-25MAY2119-T108499.99,DELTA,55,9,59,1050,1025,no,41,50
2025-05-21T15:02:32.631134,KXBTCD-25MAY2119-T108499.99,DELTA,55,9,59,1000,1026,no,41,-50
2025-05-21T15:02:32.631308,KXBTCD-25MAY2119-T108499.99,DELTA,55,9,58,50,1027,no,42,50
2025-05-21T15:02:32.631438,KXBTCD-25MAY2119-T108499.99,DELTA,55,9,58,50,1028,no,41,-1000
2025-05-21T15:02:32.670986,KXBTCD-25MAY2119-T108499.99,DELTA,55,9,58,1050,1029,no,42,1000
2025-05-21T15:02:32.692271,KXBTCD-25MAY2119-T108499.99,DELTA,55,9,58,1000,1030,no,42,-50
2025-05-21T15:02:32.693025,KXBTCD-25MAY2119-T108499.99,DELTA,55,9,58,1000,1031,no,41,50
2025-05-21T15:02:32.734615,KXBTCD-25MAY2119-T108499.99,DELTA,55,9,59,50,1032,no,42,-1000
2025-05-21T15:02:32.735500,KXBTCD-25MAY2119-T108499.99,DELTA,55,9,60,100,1033,no,41,-50
2025-05-21T15:02:32.735996,KXBTCD-25MAY2119-T108499.99,DELTA,55,9,57,50,1034,no,43,50
2025-05-21T15:02:32.771360,KXBTCD-25MAY2119-T108499.99,DELTA,55,9,57,50,1035,no,42,1000
2025-05-21T15:02:32.812030,KXBTCD-25MAY2119-T108499.99,DELTA,55,9,58,1000,1036,no,43,-50
2025-05-21T15:02:32.812770,KXBTCD-25MAY2119-T108499.99,DELTA,55,9,58,1000,1037,no,41,50
2025-05-21T15:02:32.813350,KXBTCD-25MAY2119-T108499.99,DELTA,55,9,59,50,1038,no,42,-1000
2025-05-21T15:02:32.851636,KXBTCD-25MAY2119-T108499.99,DELTA,55,9,57,1000,1039,no,43,1000
2025-05-21T15:02:32.893109,KXBTCD-25MAY2119-T108499.99,DELTA,55,9,59,50,1040,no,43,-1000
2025-05-21T15:02:32.911255,KXBTCD-25MAY2119-T108499.99,DELTA,55,9,60,100,1041,no,41,-50
2025-05-21T15:02:32.912145,KXBTCD-25MAY2119-T108499.99,DELTA,55,9,57,50,1042,no,43,50
2025-05-21T15:02:32.930106,KXBTCD-25MAY2119-T108499.99,DELTA,55,9,57,50,1043,no,42,1000
2025-05-21T15:02:32.930677,KXBTCD-25MAY2119-T108499.99,DELTA,55,9,57,50,1044,no,19,-9
2025-05-21T15:02:32.931343,KXBTCD-25MAY2119-T108499.99,DELTA,55,9,57,50,1045,no,35,9
2025-05-21T15:02:32.951174,KXBTCD-25MAY2119-T108499.99,DELTA,55,9,58,1000,1046,no,43,-50
2025-05-21T15:02:32.951989,KXBTCD-25MAY2119-T108499.99,DELTA,55,9,58,1000,1047,no,41,50
2025-05-21T15:02:32.971361,KXBTCD-25MAY2119-T108499.99,DELTA,55,9,59,50,1048,no,42,-1000
2025-05-21T15:02:33.011802,KXBTCD-25MAY2119-T108499.99,DELTA,55,9,57,1000,1049,no,43,1000
2025-05-21T15:02:33.012425,KXBTCD-25MAY2119-T108499.99,DELTA,55,9,57,1000,1050,no,41,-50
2025-05-21T15:02:33.012915,KXBTCD-25MAY2119-T108499.99,DELTA,55,9,57,1050,1051,no,43,50
2025-05-21T15:02:33.052006,KXBTCD-25MAY2119-T108499.99,DELTA,55,9,57,50,1052,no,43,-1000
2025-05-21T15:02:33.090476,KXBTCD-25MAY2119-T108499.99,DELTA,55,9,57,1050,1053,no,43,1000
2025-05-21T15:02:33.134678,KXBTCD-25MAY2119-T108499.99,DELTA,55,9,57,1000,1054,no,43,-50
2025-05-21T15:02:33.135624,KXBTCD-25MAY2119-T108499.99,DELTA,55,9,57,1000,1055,no,41,50
2025-05-21T15:02:33.192253,KXBTCD-25MAY2119-T108499.99,DELTA,55,9,59,50,1056,no,43,-1000
2025-05-21T15:02:33.211485,KXBTCD-25MAY2119-T108499.99,DELTA,55,9,60,100,1057,no,41,-50
2025-05-21T15:02:33.212326,KXBTCD-25MAY2119-T108499.99,DELTA,55,9,57,50,1058,no,43,50
2025-05-21T15:02:33.251426,KXBTCD-25MAY2119-T108499.99,DELTA,55,9,57,50,1059,no,42,1000
2025-05-21T15:02:33.251759,KXBTCD-25MAY2119-T108499.99,DELTA,55,9,58,1000,1060,no,43,-50
2025-05-21T15:02:33.252151,KXBTCD-25MAY2119-T108499.99,DELTA,55,9,58,1000,1061,no,41,50
2025-05-21T15:02:33.274803,KXBTCD-25MAY2119-T108499.99,DELTA,55,9,59,50,1062,no,42,-1000
2025-05-21T15:02:33.308932,KXBTCD-25MAY2119-T108499.99,DELTA,55,9,60,100,1063,no,41,-50
2025-05-21T15:02:33.309432,KXBTCD-25MAY2119-T108499.99,DELTA,55,9,57,50,1064,no,43,50
2025-05-21T15:02:33.329186,KXBTCD-25MAY2119-T108499.99,DELTA,55,9,57,50,1065,no,42,1000
2025-05-21T15:02:33.369857,KXBTCD-25MAY2119-T108499.99,DELTA,55,9,57,50,1066,no,42,-1000
2025-05-21T15:02:33.370041,KXBTCD-25MAY2119-T108499.99,DELTA,55,9,60,100,1067,no,43,-50
2025-05-21T15:02:33.370122,KXBTCD-25MAY2119-T108499.99,DELTA,55,9,59,50,1068,no,41,50
2025-05-21T15:02:33.408978,KXBTCD-25MAY2119-T108499.99,DELTA,55,9,57,1000,1069,no,43,1000
2025-05-21T15:02:33.429378,KXBTCD-25MAY2119-T108499.99,DELTA,55,9,57,1000,1070,no,23,-9
2025-05-21T15:02:33.429976,KXBTCD-25MAY2119-T108499.99,DELTA,54,50,57,1000,1071,yes,55,-9
2025-05-21T15:02:33.449374,KXBTCD-25MAY2119-T108499.99,DELTA,54,50,59,50,1072,no,43,-1000
2025-05-21T15:02:33.470073,KXBTCD-25MAY2119-T108499.99,DELTA,54,50,60,100,1073,no,41,-50
2025-05-21T15:02:33.470192,KXBTCD-25MAY2119-T108499.99,DELTA,54,50,57,50,1074,no,43,50
2025-05-21T15:02:33.490182,KXBTCD-25MAY2119-T108499.99,DELTA,54,50,57,50,1075,no,42,1000
2025-05-21T15:02:33.530000,KXBTCD-25MAY2119-T108499.99,DELTA,54,50,57,50,1076,no,42,-1000
2025-05-21T15:02:33.571114,KXBTCD-25MAY2119-T108499.99,DELTA,54,50,57,1050,1077,no,43,1000
2025-05-21T15:02:33.592138,KXBTCD-25MAY2119-T108499.99,DELTA,54,50,57,1000,1078,no,43,-50
2025-05-21T15:02:33.592898,KXBTCD-25MAY2119-T108499.99,DELTA,54,50,57,1000,1079,no,41,50
2025-05-21T15:02:33.651118,KXBTCD-25MAY2119-T108499.99,DELTA,54,50,59,50,1080,no,43,-1000
2025-05-21T15:02:33.670597,KXBTCD-25MAY2119-T108499.99,DELTA,54,50,59,50,1081,no,35,-9
2025-05-21T15:02:33.690672,KXBTCD-25MAY2119-T108499.99,DELTA,54,50,60,100,1082,no,41,-50
2025-05-21T15:02:33.690871,KXBTCD-25MAY2119-T108499.99,DELTA,54,50,57,50,1083,no,43,50
2025-05-21T15:02:33.710771,KXBTCD-25MAY2119-T108499.99,DELTA,54,50,57,50,1084,no,42,1000
2025-05-21T15:02:33.752962,KXBTCD-25MAY2119-T108499.99,DELTA,54,50,58,1000,1085,no,43,-50
2025-05-21T15:02:33.753101,KXBTCD-25MAY2119-T108499.99,DELTA,54,50,58,1000,1086,no,41,50
2025-05-21T15:02:33.811813,KXBTCD-25MAY2119-T108499.99,DELTA,54,50,58,1000,1087,no,41,-50
2025-05-21T15:02:33.812303,KXBTCD-25MAY2119-T108499.99,DELTA,54,50,57,50,1088,no,43,50
2025-05-21T15:02:33.853038,KXBTCD-25MAY2119-T108499.99,DELTA,54,50,57,50,1089,no,42,-1000
2025-05-21T15:02:33.890463,KXBTCD-25MAY2119-T108499.99,DELTA,54,50,57,1050,1090,no,43,1000
2025-05-21T15:02:33.949496,KXBTCD-25MAY2119-T108499.99,DELTA,54,50,57,1000,1091,no,43,-50
2025-05-21T15:02:33.950426,KXBTCD-25MAY2119-T108499.99,DELTA,54,50,57,1000,1092,no,41,50
2025-05-21T15:02:33.971383,KXBTCD-25MAY2119-T108499.99,DELTA,54,50,59,50,1093,no,43,-1000
2025-05-21T15:02:33.972269,KXBTCD-25MAY2119-T108499.99,DELTA,54,50,60,100,1094,no,41,-50
2025-05-21T15:02:33.973001,KXBTCD-25MAY2119-T108499.99,DELTA,54,50,57,50,1095,no,43,50
2025-05-21T15:02:34.010603,KXBTCD-25MAY2119-T108499.99,DELTA,54,50,57,50,1096,no,42,1000
2025-05-21T15:02:34.031123,KXBTCD-25MAY2119-T108499.99,DELTA,54,50,58,1000,1097,no,43,-50
2025-05-21T15:02:34.031361,KXBTCD-25MAY2119-T108499.99,DELTA,54,50,58,1000,1098,no,41,50
2025-05-21T15:02:34.070625,KXBTCD-25MAY2119-T108499.99,DELTA,54,50,59,50,1099,no,42,-1000
2025-05-21T15:02:34.091206,KXBTCD-25MAY2119-T108499.99,DELTA,54,50,60,100,1100,no,41,-50
2025-05-21T15:02:34.091312,KXBTCD-25MAY2119-T108499.99,DELTA,54,50,57,50,1101,no,43,50
2025-05-21T15:02:34.110908,KXBTCD-25MAY2119-T108499.99,DELTA,54,50,57,50,1102,no,42,1000
2025-05-21T15:02:34.130676,KXBTCD-25MAY2119-T108499.99,DELTA,54,50,58,1000,1103,no,43,-50
2025-05-21T15:02:34.130895,KXBTCD-25MAY2119-T108499.99,DELTA,54,50,58,1000,1104,no,41,50
2025-05-21T15:02:34.151763,KXBTCD-25MAY2119-T108499.99,DELTA,54,50,59,50,1105,no,42,-1000
2025-05-21T15:02:34.170247,KXBTCD-25MAY2119-T108499.99,DELTA,54,50,60,100,1106,no,41,-50
2025-05-21T15:02:34.170722,KXBTCD-25MAY2119-T108499.99,DELTA,54,50,57,50,1107,no,43,50
2025-05-21T15:02:34.190926,KXBTCD-25MAY2119-T108499.99,DELTA,54,50,57,50,1108,no,42,1000
2025-05-21T15:02:34.231372,KXBTCD-25MAY2119-T108499.99,DELTA,54,50,58,1000,1109,no,43,-50
2025-05-21T15:02:34.232165,KXBTCD-25MAY2119-T108499.99,DELTA,54,50,58,1000,1110,no,41,50
2025-05-21T15:02:34.251270,KXBTCD-25MAY2119-T108499.99,DELTA,54,50,59,50,1111,no,42,-1000
2025-05-21T15:02:34.291194,KXBTCD-25MAY2119-T108499.99,DELTA,54,50,57,1000,1112,no,43,1000
2025-05-21T15:02:34.310926,KXBTCD-25MAY2119-T108499.99,DELTA,54,50,57,1000,1113,no,41,-50
