timestamp,market_ticker,type,yes_bid_price_cents,yes_bid_qty,yes_ask_price_cents,yes_ask_qty_on_no_side,sequence_num,delta_side,delta_price_cents,delta_quantity
2025-05-21T18:01:30.922553,KXBTCD-25MAY2122-T109749.99,SNAPSHOT,64,24,69,1000,1,,,
2025-05-21T18:01:34.856739,KXBTCD-25MAY2122-T109749.99,DELTA,64,24,69,1000,2,yes,41,-1000
2025-05-21T18:01:34.976513,KXBTCD-25MAY2122-T109749.99,DELTA,64,24,69,1000,3,yes,63,1000
2025-05-21T18:01:35.216105,KXBTCD-25MAY2122-T109749.99,DELTA,64,24,69,1000,4,yes,63,-100
2025-05-21T18:01:35.216389,KXBTCD-25MAY2122-T109749.99,DELTA,64,24,69,1000,5,no,30,-100
2025-05-21T18:01:35.376110,KXBTCD-25MAY2122-T109749.99,DELTA,64,24,69,1000,6,yes,63,-1000
2025-05-21T18:01:35.376428,KXBTCD-25MAY2122-T109749.99,DELTA,64,24,81,24,7,no,31,-1000
2025-05-21T18:01:35.495763,KXBTCD-25MAY2122-T109749.99,DELTA,64,24,81,24,8,yes,41,1000
2025-05-21T18:01:36.397214,KXBTCD-25MAY2122-T109749.99,DELTA,64,124,81,24,9,yes,64,100
2025-05-21T18:01:36.416337,KXBTCD-25MAY2122-T109749.99,DELTA,64,124,72,100,10,no,28,100
2025-05-21T18:01:36.557246,KXBTCD-25MAY2122-T109749.99,DELTA,64,124,72,100,11,no,6,9
2025-05-21T18:01:36.557756,KXBTCD-25MAY2122-T109749.99,DELTA,64,124,71,1000,12,no,29,1000
2025-05-21T18:01:40.256997,KXBTCD-25MAY2122-T109749.99,DELTA,64,124,71,1000,13,no,28,-100
2025-05-21T18:01:40.388526,KXBTCD-25MAY2122-T109749.99,DELTA,64,124,81,24,14,no,29,-1000
2025-05-21T18:01:40.389601,KXBTCD-25MAY2122-T109749.99,DELTA,64,124,81,24,15,no,6,-9
2025-05-21T18:01:41.457395,KXBTCD-25MAY2122-T109749.99,DELTA,64,124,81,24,16,yes,62,24
2025-05-21T18:01:41.476854,KXBTCD-25MAY2122-T109749.99,DELTA,64,100,81,24,17,yes,64,-24
2025-05-21T18:01:41.477851,KXBTCD-25MAY2122-T109749.99,DELTA,64,100,80,24,18,no,20,24
2025-05-21T18:01:41.478634,KXBTCD-25MAY2122-T109749.99,DELTA,64,100,80,24,19,no,19,-24
2025-05-21T18:01:41.577160,KXBTCD-25MAY2122-T109749.99,DELTA,64,100,80,24,20,no,6,9
2025-05-21T18:01:41.717623,KXBTCD-25MAY2122-T109749.99,DELTA,62,24,80,24,21,yes,64,-100
2025-05-21T18:01:41.935844,KXBTCD-25MAY2122-T109749.99,DELTA,62,24,70,100,22,no,30,100
2025-05-21T18:01:41.995434,KXBTCD-25MAY2122-T109749.99,DELTA,62,24,69,1000,23,no,31,1000
2025-05-21T18:01:42.556097,KXBTCD-25MAY2122-T109749.99,DELTA,62,124,69,1000,24,yes,62,100
2025-05-21T18:01:42.678184,KXBTCD-25MAY2122-T109749.99,DELTA,62,124,69,1000,25,no,6,-9
2025-05-21T18:01:43.276698,KXBTCD-25MAY2122-T109749.99,DELTA,62,124,69,1000,26,no,5,-3000
2025-05-21T18:01:43.356570,KXBTCD-25MAY2122-T109749.99,DELTA,62,124,69,1000,27,no,13,3000
2025-05-21T18:01:44.036930,KXBTCD-25MAY2122-T109749.99,DELTA,62,124,69,1000,28,no,30,-100
2025-05-21T18:01:44.097868,KXBTCD-25MAY2122-T109749.99,DELTA,62,124,80,24,29,no,31,-1000
2025-05-21T18:01:45.557156,KXBTCD-25MAY2122-T109749.99,DELTA,62,124,69,100,30,no,31,100
2025-05-21T18:01:45.617957,KXBTCD-25MAY2122-T109749.99,DELTA,62,124,68,1000,31,no,32,1000
2025-05-21T18:01:45.695714,KXBTCD-25MAY2122-T109749.99,DELTA,62,124,68,1000,32,no,21,9
2025-05-21T18:01:46.484208,KXBTCD-25MAY2122-T109749.99,DELTA,62,124,68,1000,33,yes,14,-8000
2025-05-21T18:01:46.485001,KXBTCD-25MAY2122-T109749.99,DELTA,62,124,68,1000,34,yes,3,8000
2025-05-21T18:01:46.485503,KXBTCD-25MAY2122-T109749.99,DELTA,62,124,68,1000,35,no,21,-9
2025-05-21T18:01:46.576728,KXBTCD-25MAY2122-T109749.99,DELTA,62,124,68,1000,36,yes,15,-2160
2025-05-21T18:01:46.577278,KXBTCD-25MAY2122-T109749.99,DELTA,62,124,68,1000,37,yes,4,8100
2025-05-21T18:01:46.636766,KXBTCD-25MAY2122-T109749.99,DELTA,62,124,68,1000,38,yes,5,20000
2025-05-21T18:01:49.396416,KXBTCD-25MAY2122-T109749.99,DELTA,62,124,68,1000,39,yes,61,24
2025-05-21T18:01:49.396741,KXBTCD-25MAY2122-T109749.99,DELTA,62,100,68,1000,40,yes,62,-24
2025-05-21T18:01:49.415819,KXBTCD-25MAY2122-T109749.99,DELTA,62,100,68,1000,41,no,20,-24
2025-05-21T18:01:49.416052,KXBTCD-25MAY2122-T109749.99,DELTA,62,100,68,1000,42,no,22,24
2025-05-21T18:01:49.756671,KXBTCD-25MAY2122-T109749.99,DELTA,62,100,68,999,43,no,32,-1
2025-05-21T18:01:50.036601,KXBTCD-25MAY2122-T109749.99,DELTA,62,100,68,999,44,no,31,-100
2025-05-21T18:01:50.036706,KXBTCD-25MAY2122-T109749.99,DELTA,61,24,68,999,45,yes,62,-100
2025-05-21T18:01:50.116994,KXBTCD-25MAY2122-T109749.99,DELTA,61,24,78,24,46,no,32,-999
2025-05-21T18:01:50.538250,KXBTCD-25MAY2122-T109749.99,DELTA,61,24,78,24,47,yes,43,-3000
2025-05-21T18:01:50.576433,KXBTCD-25MAY2122-T109749.99,DELTA,61,24,78,24,48,yes,35,3000
2025-05-21T18:01:50.696782,KXBTCD-25MAY2122-T109749.99,DELTA,61,24,78,24,49,yes,44,-9
2025-05-21T18:01:50.697609,KXBTCD-25MAY2122-T109749.99,DELTA,61,24,78,24,50,yes,42,9
2025-05-21T18:01:50.698296,KXBTCD-25MAY2122-T109749.99,DELTA,61,24,78,24,51,yes,42,9
2025-05-21T18:01:50.698891,KXBTCD-25MAY2122-T109749.99,DELTA,61,24,78,24,52,no,14,9
2025-05-21T18:01:50.699424,KXBTCD-25MAY2122-T109749.99,DELTA,61,24,78,24,53,no,14,9
2025-05-21T18:01:50.895716,KXBTCD-25MAY2122-T109749.99,DELTA,42,18,78,24,54,yes,61,-24
2025-05-21T18:01:50.895992,KXBTCD-25MAY2122-T109749.99,DELTA,59,24,78,24,55,yes,59,24
2025-05-21T18:01:50.916996,KXBTCD-25MAY2122-T109749.99,DELTA,59,24,76,24,56,no,24,24
2025-05-21T18:01:50.917182,KXBTCD-25MAY2122-T109749.99,DELTA,59,24,76,24,57,no,22,-24
2025-05-21T18:01:51.216692,KXBTCD-25MAY2122-T109749.99,DELTA,59,24,67,100,58,no,33,100
2025-05-21T18:01:51.217193,KXBTCD-25MAY2122-T109749.99,DELTA,59,124,67,100,59,yes,59,100
2025-05-21T18:01:51.318459,KXBTCD-25MAY2122-T109749.99,DELTA,59,124,66,1000,60,no,34,1000
2025-05-21T18:01:51.336741,KXBTCD-25MAY2122-T109749.99,DELTA,59,124,66,1000,61,yes,42,-9
2025-05-21T18:01:51.338458,KXBTCD-25MAY2122-T109749.99,DELTA,59,124,66,1000,62,no,14,-9
2025-05-21T18:01:51.455821,KXBTCD-25MAY2122-T109749.99,DELTA,59,124,66,1000,63,no,14,-9
2025-05-21T18:01:51.535316,KXBTCD-25MAY2122-T109749.99,DELTA,59,124,66,1000,64,no,33,-100
2025-05-21T18:01:51.596638,KXBTCD-25MAY2122-T109749.99,DELTA,59,124,76,24,65,no,34,-1000
2025-05-21T18:01:52.596330,KXBTCD-25MAY2122-T109749.99,DELTA,59,124,67,100,66,no,33,100
2025-05-21T18:01:52.675986,KXBTCD-25MAY2122-T109749.99,DELTA,59,124,66,1000,67,no,34,1000
2025-05-21T18:01:52.716111,KXBTCD-25MAY2122-T109749.99,DELTA,59,124,66,1000,68,no,25,9
2025-05-21T18:01:53.138335,KXBTCD-25MAY2122-T109749.99,DELTA,59,124,66,1000,69,yes,4,-8100
2025-05-21T18:01:53.138838,KXBTCD-25MAY2122-T109749.99,DELTA,59,124,66,1000,70,yes,6,5400
2025-05-21T18:01:53.176129,KXBTCD-25MAY2122-T109749.99,DELTA,59,124,66,1000,71,yes,5,-20000
2025-05-21T18:01:53.217344,KXBTCD-25MAY2122-T109749.99,DELTA,59,124,66,1000,72,yes,7,20000
2025-05-21T18:01:53.956222,KXBTCD-25MAY2122-T109749.99,DELTA,59,124,66,1000,73,no,33,-100
2025-05-21T18:01:54.016548,KXBTCD-25MAY2122-T109749.99,DELTA,59,124,75,9,74,no,34,-1000
2025-05-21T18:01:54.079481,KXBTCD-25MAY2122-T109749.99,DELTA,59,124,76,24,75,no,25,-9
2025-05-21T18:01:54.977310,KXBTCD-25MAY2122-T109749.99,DELTA,59,124,66,100,76,no,34,100
2025-05-21T18:01:55.037382,KXBTCD-25MAY2122-T109749.99,DELTA,59,124,65,1000,77,no,35,1000
2025-05-21T18:01:55.096540,KXBTCD-25MAY2122-T109749.99,DELTA,59,124,65,1000,78,yes,57,24
2025-05-21T18:01:55.115867,KXBTCD-25MAY2122-T109749.99,DELTA,59,124,65,1000,79,no,25,24
2025-05-21T18:01:55.116246,KXBTCD-25MAY2122-T109749.99,DELTA,59,100,65,1000,80,yes,59,-24
2025-05-21T18:01:55.116504,KXBTCD-25MAY2122-T109749.99,DELTA,59,100,65,1000,81,no,25,9
2025-05-21T18:01:55.116704,KXBTCD-25MAY2122-T109749.99,DELTA,59,100,65,1000,82,no,24,-24
2025-05-21T18:01:55.736187,KXBTCD-25MAY2122-T109749.99,DELTA,59,100,65,1000,83,yes,6,-5400
2025-05-21T18:01:55.736988,KXBTCD-25MAY2122-T109749.99,DELTA,59,100,65,1000,84,yes,8,4050
2025-05-21T18:01:55.795643,KXBTCD-25MAY2122-T109749.99,DELTA,59,100,65,1000,85,yes,7,-20000
2025-05-21T18:01:55.854801,KXBTCD-25MAY2122-T109749.99,DELTA,59,100,65,1000,86,no,25,-9
2025-05-21T18:01:55.855183,KXBTCD-25MAY2122-T109749.99,DELTA,59,100,65,1000,87,yes,9,20000
2025-05-21T18:01:57.018809,KXBTCD-25MAY2122-T109749.99,DELTA,59,100,65,1000,88,yes,8,-4050
2025-05-21T18:01:57.020015,KXBTCD-25MAY2122-T109749.99,DELTA,59,100,65,1000,89,yes,10,3240
2025-05-21T18:01:57.096910,KXBTCD-25MAY2122-T109749.99,DELTA,59,100,65,1000,90,yes,9,-20000
2025-05-21T18:01:57.135853,KXBTCD-25MAY2122-T109749.99,DELTA,59,100,65,1000,91,yes,11,20000
2025-05-21T18:01:57.816400,KXBTCD-25MAY2122-T109749.99,DELTA,57,24,65,1000,92,yes,59,-100
2025-05-21T18:01:58.035007,KXBTCD-25MAY2122-T109749.99,DELTA,57,24,65,1000,93,no,34,-100
2025-05-21T18:01:58.077696,KXBTCD-25MAY2122-T109749.99,DELTA,57,24,65,1000,94,yes,10,-3240
2025-05-21T18:01:58.077960,KXBTCD-25MAY2122-T109749.99,DELTA,57,24,65,1000,95,yes,12,2700
2025-05-21T18:01:58.095510,KXBTCD-25MAY2122-T109749.99,DELTA,57,24,75,24,96,no,35,-1000
2025-05-21T18:01:58.197326,KXBTCD-25MAY2122-T109749.99,DELTA,57,24,75,24,97,yes,11,-20000
2025-05-21T18:01:58.636579,KXBTCD-25MAY2122-T109749.99,DELTA,57,124,75,24,98,yes,57,100
2025-05-21T18:01:58.757800,KXBTCD-25MAY2122-T109749.99,DELTA,57,124,75,24,99,no,14,9
2025-05-21T18:01:58.758994,KXBTCD-25MAY2122-T109749.99,DELTA,58,9,75,24,100,yes,58,9
2025-05-21T18:01:58.776409,KXBTCD-25MAY2122-T109749.99,DELTA,58,9,75,24,101,no,14,9
2025-05-21T18:01:59.284048,KXBTCD-25MAY2122-T109749.99,DELTA,58,9,75,24,102,yes,12,-2700
2025-05-21T18:01:59.284597,KXBTCD-25MAY2122-T109749.99,DELTA,58,9,75,24,103,yes,4,8100
2025-05-21T18:01:59.284925,KXBTCD-25MAY2122-T109749.99,DELTA,58,9,65,100,104,no,35,100
2025-05-21T18:01:59.285152,KXBTCD-25MAY2122-T109749.99,DELTA,58,9,65,100,105,yes,5,20000
2025-05-21T18:01:59.316253,KXBTCD-25MAY2122-T109749.99,DELTA,58,9,64,1000,106,no,36,1000
2025-05-21T18:02:00.256895,KXBTCD-25MAY2122-T109749.99,DELTA,58,9,64,1000,107,yes,4,-8100
2025-05-21T18:02:00.258032,KXBTCD-25MAY2122-T109749.99,DELTA,58,9,64,1000,108,yes,6,5400
2025-05-21T18:02:00.316139,KXBTCD-25MAY2122-T109749.99,DELTA,58,9,64,1000,109,yes,5,-20000
2025-05-21T18:02:00.375788,KXBTCD-25MAY2122-T109749.99,DELTA,58,9,64,1000,110,yes,7,20000
2025-05-21T18:02:00.376681,KXBTCD-25MAY2122-T109749.99,DELTA,58,9,64,1000,111,no,14,-9
2025-05-21T18:02:00.377276,KXBTCD-25MAY2122-T109749.99,DELTA,58,9,64,1000,112,no,14,-9
2025-05-21T18:02:00.399289,KXBTCD-25MAY2122-T109749.99,DELTA,57,124,64,1000,113,yes,58,-9
2025-05-21T18:02:02.515680,KXBTCD-25MAY2122-T109749.99,DELTA,57,24,64,1000,114,yes,57,-100
2025-05-21T18:02:02.896668,KXBTCD-25MAY2122-T109749.99,DELTA,57,24,64,1000,115,yes,56,24
2025-05-21T18:02:02.917565,KXBTCD-25MAY2122-T109749.99,DELTA,57,24,64,1000,116,no,27,24
2025-05-21T18:02:02.918607,KXBTCD-25MAY2122-T109749.99,DELTA,56,24,64,1000,117,yes,57,-24
2025-05-21T18:02:02.919752,KXBTCD-25MAY2122-T109749.99,DELTA,56,24,64,1000,118,no,25,-24
2025-05-21T18:02:03.177445,KXBTCD-25MAY2122-T109749.99,DELTA,56,24,64,1000,119,yes,40,-200
2025-05-21T18:02:03.178558,KXBTCD-25MAY2122-T109749.99,DELTA,56,24,64,1000,120,yes,30,200
2025-05-21T18:02:03.196683,KXBTCD-25MAY2122-T109749.99,DELTA,56,24,64,1000,121,no,35,-100
2025-05-21T18:02:03.236060,KXBTCD-25MAY2122-T109749.99,DELTA,56,24,64,1000,122,yes,41,-2000
2025-05-21T18:02:03.256407,KXBTCD-25MAY2122-T109749.99,DELTA,56,24,64,1000,123,yes,41,-1000
2025-05-21T18:02:03.257385,KXBTCD-25MAY2122-T109749.99,DELTA,56,24,73,24,124,no,36,-1000
2025-05-21T18:02:03.296379,KXBTCD-25MAY2122-T109749.99,DELTA,56,24,73,24,125,yes,31,1000
2025-05-21T18:02:03.297530,KXBTCD-25MAY2122-T109749.99,DELTA,56,24,73,24,126,yes,31,2000
2025-05-21T18:02:03.416104,KXBTCD-25MAY2122-T109749.99,DELTA,56,24,73,24,127,yes,36,9
2025-05-21T18:02:03.416839,KXBTCD-25MAY2122-T109749.99,DELTA,56,24,73,24,128,yes,42,-9
2025-05-21T18:02:03.577674,KXBTCD-25MAY2122-T109749.99,DELTA,56,24,73,24,129,no,14,9
2025-05-21T18:02:03.756488,KXBTCD-25MAY2122-T109749.99,DELTA,56,124,73,24,130,yes,56,100
2025-05-21T18:02:04.417640,KXBTCD-25MAY2122-T109749.99,DELTA,56,124,63,100,131,no,37,100
2025-05-21T18:02:04.477851,KXBTCD-25MAY2122-T109749.99,DELTA,56,124,62,1000,132,no,38,1000
2025-05-21T18:02:04.537112,KXBTCD-25MAY2122-T109749.99,DELTA,56,124,62,1000,133,no,14,-9
2025-05-21T18:02:04.538026,KXBTCD-25MAY2122-T109749.99,DELTA,56,124,62,1000,134,no,28,9
2025-05-21T18:02:04.677145,KXBTCD-25MAY2122-T109749.99,DELTA,56,100,62,1000,135,yes,56,-24
2025-05-21T18:02:04.678248,KXBTCD-25MAY2122-T109749.99,DELTA,56,100,62,1000,136,yes,54,24
2025-05-21T18:02:04.696582,KXBTCD-25MAY2122-T109749.99,DELTA,56,100,62,1000,137,no,28,24
2025-05-21T18:02:04.697592,KXBTCD-25MAY2122-T109749.99,DELTA,56,100,62,1000,138,no,27,-24
2025-05-21T18:02:06.196561,KXBTCD-25MAY2122-T109749.99,DELTA,56,100,62,1000,139,yes,6,-5400
2025-05-21T18:02:06.197448,KXBTCD-25MAY2122-T109749.99,DELTA,56,100,62,1000,140,yes,8,4050
2025-05-21T18:02:06.256612,KXBTCD-25MAY2122-T109749.99,DELTA,56,100,62,1000,141,yes,7,-20000
2025-05-21T18:02:06.296071,KXBTCD-25MAY2122-T109749.99,DELTA,56,100,62,1000,142,yes,9,20000
2025-05-21T18:02:06.296723,KXBTCD-25MAY2122-T109749.99,DELTA,56,100,62,1000,143,no,28,-9
2025-05-21T18:02:06.918300,KXBTCD-25MAY2122-T109749.99,DELTA,56,100,62,1000,144,yes,54,-24
2025-05-21T18:02:06.919621,KXBTCD-25MAY2122-T109749.99,DELTA,56,100,62,1000,145,yes,30,-200
2025-05-21T18:02:06.920319,KXBTCD-25MAY2122-T109749.99,DELTA,56,100,62,1000,146,yes,40,200
2025-05-21T18:02:06.920848,KXBTCD-25MAY2122-T109749.99,DELTA,56,100,62,1000,147,no,28,-24
2025-05-21T18:02:06.936935,KXBTCD-25MAY2122-T109749.99,DELTA,56,124,62,1000,148,yes,56,24
2025-05-21T18:02:06.956470,KXBTCD-25MAY2122-T109749.99,DELTA,56,124,62,1000,149,no,26,24
2025-05-21T18:02:06.996838,KXBTCD-25MAY2122-T109749.99,DELTA,56,124,62,1000,150,yes,31,-2000
2025-05-21T18:02:06.997965,KXBTCD-25MAY2122-T109749.99,DELTA,56,124,62,1000,151,yes,31,-1000
2025-05-21T18:02:07.057405,KXBTCD-25MAY2122-T109749.99,DELTA,56,124,62,1000,152,yes,41,2000
2025-05-21T18:02:07.058554,KXBTCD-25MAY2122-T109749.99,DELTA,56,124,62,1000,153,yes,41,1000
2025-05-21T18:02:07.077887,KXBTCD-25MAY2122-T109749.99,DELTA,56,124,62,1000,154,yes,36,-9
2025-05-21T18:02:07.078823,KXBTCD-25MAY2122-T109749.99,DELTA,56,124,62,1000,155,yes,41,9
2025-05-21T18:02:07.457088,KXBTCD-25MAY2122-T109749.99,DELTA,56,124,62,1000,156,no,37,-100
2025-05-21T18:02:07.476240,KXBTCD-25MAY2122-T109749.99,DELTA,56,24,62,1000,157,yes,56,-100
2025-05-21T18:02:07.536694,KXBTCD-25MAY2122-T109749.99,DELTA,56,24,74,24,158,no,38,-1000
2025-05-21T18:02:08.836754,KXBTCD-25MAY2122-T109749.99,DELTA,56,24,74,24,159,yes,8,-4050
2025-05-21T18:02:08.837444,KXBTCD-25MAY2122-T109749.99,DELTA,56,24,74,24,160,yes,10,3240
2025-05-21T18:02:08.895805,KXBTCD-25MAY2122-T109749.99,DELTA,56,24,74,24,161,yes,9,-20000
2025-05-21T18:02:08.916604,KXBTCD-25MAY2122-T109749.99,DELTA,57,100,74,24,162,yes,57,100
2025-05-21T18:02:08.916761,KXBTCD-25MAY2122-T109749.99,DELTA,57,100,65,100,163,no,35,100
2025-05-21T18:02:08.937132,KXBTCD-25MAY2122-T109749.99,DELTA,57,100,65,100,164,yes,11,20000
2025-05-21T18:02:08.956248,KXBTCD-25MAY2122-T109749.99,DELTA,57,100,65,100,165,yes,42,9
2025-05-21T18:02:08.956424,KXBTCD-25MAY2122-T109749.99,DELTA,57,100,65,100,166,yes,42,9
2025-05-21T18:02:08.976593,KXBTCD-25MAY2122-T109749.99,DELTA,57,100,65,100,167,no,14,9
2025-05-21T18:02:08.976742,KXBTCD-25MAY2122-T109749.99,DELTA,57,100,65,100,168,yes,41,-9
2025-05-21T18:02:08.976819,KXBTCD-25MAY2122-T109749.99,DELTA,57,100,64,1000,169,no,36,1000
2025-05-21T18:02:09.015768,KXBTCD-25MAY2122-T109749.99,DELTA,57,100,64,1000,170,no,14,9
2025-05-21T18:02:09.477433,KXBTCD-25MAY2122-T109749.99,DELTA,56,24,64,1000,171,yes,57,-100
2025-05-21T18:02:09.658688,KXBTCD-25MAY2122-T109749.99,DELTA,56,24,64,1000,172,no,14,-9
2025-05-21T18:02:09.659498,KXBTCD-25MAY2122-T109749.99,DELTA,56,24,64,1000,173,yes,42,-9
2025-05-21T18:02:09.716392,KXBTCD-25MAY2122-T109749.99,DELTA,56,24,64,1000,174,no,14,-9
2025-05-21T18:02:09.956871,KXBTCD-25MAY2122-T109749.99,DELTA,56,24,64,1000,175,yes,10,-3240
2025-05-21T18:02:09.957582,KXBTCD-25MAY2122-T109749.99,DELTA,56,24,64,1000,176,yes,12,2700
2025-05-21T18:02:10.017803,KXBTCD-25MAY2122-T109749.99,DELTA,56,24,64,1000,177,yes,11,-20000
2025-05-21T18:02:10.637091,KXBTCD-25MAY2122-T109749.99,DELTA,58,100,64,1000,178,yes,58,100
2025-05-21T18:02:11.096685,KXBTCD-25MAY2122-T109749.99,DELTA,58,100,64,1000,179,yes,12,-2700
2025-05-21T18:02:11.097123,KXBTCD-25MAY2122-T109749.99,DELTA,58,100,64,1000,180,yes,4,8100
2025-05-21T18:02:11.177172,KXBTCD-25MAY2122-T109749.99,DELTA,58,100,64,1000,181,yes,5,20000
2025-05-21T18:02:12.197284,KXBTCD-25MAY2122-T109749.99,DELTA,58,100,64,1000,182,yes,4,-8100
2025-05-21T18:02:12.198125,KXBTCD-25MAY2122-T109749.99,DELTA,58,100,64,1000,183,yes,6,5400
2025-05-21T18:02:12.257710,KXBTCD-25MAY2122-T109749.99,DELTA,58,100,64,1000,184,yes,5,-20000
2025-05-21T18:02:12.297108,KXBTCD-25MAY2122-T109749.99,DELTA,58,100,64,1000,185,yes,7,20000
2025-05-21T18:02:12.337884,KXBTCD-25MAY2122-T109749.99,DELTA,58,100,64,1000,186,yes,56,-24
2025-05-21T18:02:12.414150,KXBTCD-25MAY2122-T109749.99,DELTA,58,100,64,1000,187,no,26,-24
2025-05-21T18:02:12.414546,KXBTCD-25MAY2122-T109749.99,DELTA,58,124,64,1000,188,yes,58,24
2025-05-21T18:02:12.414920,KXBTCD-25MAY2122-T109749.99,DELTA,58,124,64,1000,189,no,25,24
2025-05-21T18:02:12.456465,KXBTCD-25MAY2122-T109749.99,DELTA,58,124,64,1000,190,yes,41,-1000
2025-05-21T18:02:12.516971,KXBTCD-25MAY2122-T109749.99,DELTA,58,1124,64,1000,191,yes,58,1000
2025-05-21T18:02:12.855801,KXBTCD-25MAY2122-T109749.99,DELTA,58,1124,64,1000,192,no,35,-100
2025-05-21T18:02:12.916857,KXBTCD-25MAY2122-T109749.99,DELTA,58,1124,75,24,193,no,36,-1000
2025-05-21T18:02:13.098421,KXBTCD-25MAY2122-T109749.99,DELTA,58,1024,75,24,194,yes,58,-100
2025-05-21T18:02:13.156215,KXBTCD-25MAY2122-T109749.99,DELTA,58,24,75,24,195,yes,58,-1000
2025-05-21T18:02:13.216560,KXBTCD-25MAY2122-T109749.99,DELTA,58,24,75,24,196,yes,41,1000
2025-05-21T18:02:13.217325,KXBTCD-25MAY2122-T109749.99,DELTA,58,24,75,24,197,yes,42,-9
2025-05-21T18:02:13.237132,KXBTCD-25MAY2122-T109749.99,DELTA,58,24,75,24,198,no,14,9
2025-05-21T18:02:13.317409,KXBTCD-25MAY2122-T109749.99,DELTA,58,24,75,24,199,yes,6,-5400
2025-05-21T18:02:13.317768,KXBTCD-25MAY2122-T109749.99,DELTA,58,24,75,24,200,yes,8,4050
2025-05-21T18:02:13.377178,KXBTCD-25MAY2122-T109749.99,DELTA,58,24,75,24,201,yes,7,-20000
2025-05-21T18:02:13.441655,KXBTCD-25MAY2122-T109749.99,DELTA,58,24,75,24,202,yes,9,20000
2025-05-21T18:02:13.442483,KXBTCD-25MAY2122-T109749.99,DELTA,58,24,75,24,203,yes,42,9
2025-05-21T18:02:13.443063,KXBTCD-25MAY2122-T109749.99,DELTA,58,24,75,24,204,no,14,9
2025-05-21T18:02:13.857120,KXBTCD-25MAY2122-T109749.99,DELTA,58,24,67,100,205,no,33,100
2025-05-21T18:02:13.996279,KXBTCD-25MAY2122-T109749.99,DELTA,58,24,67,100,206,yes,42,9
2025-05-21T18:02:13.996870,KXBTCD-25MAY2122-T109749.99,DELTA,58,24,67,100,207,no,14,-9
2025-05-21T18:02:13.997103,KXBTCD-25MAY2122-T109749.99,DELTA,58,24,67,100,208,yes,42,-9
2025-05-21T18:02:14.016562,KXBTCD-25MAY2122-T109749.99,DELTA,58,24,67,100,209,no,26,9
2025-05-21T18:02:14.016887,KXBTCD-25MAY2122-T109749.99,DELTA,58,24,67,100,210,no,14,-9
2025-05-21T18:02:14.156425,KXBTCD-25MAY2122-T109749.99,DELTA,58,24,66,1000,211,no,34,1000
2025-05-21T18:02:14.456967,KXBTCD-25MAY2122-T109749.99,DELTA,59,100,66,1000,212,yes,59,100
2025-05-21T18:02:16.337177,KXBTCD-25MAY2122-T109749.99,DELTA,59,100,66,1000,213,yes,41,-1000
2025-05-21T18:02:16.376978,KXBTCD-25MAY2122-T109749.99,DELTA,59,1100,66,1000,214,yes,59,1000
2025-05-21T18:02:16.456443,KXBTCD-25MAY2122-T109749.99,DELTA,59,1100,66,1000,215,no,26,-9
2025-05-21T18:02:16.836350,KXBTCD-25MAY2122-T109749.99,DELTA,59,1100,66,1000,216,yes,58,-24
2025-05-21T18:02:16.836637,KXBTCD-25MAY2122-T109749.99,DELTA,60,24,66,1000,217,yes,60,24
2025-05-21T18:02:16.836883,KXBTCD-25MAY2122-T109749.99,DELTA,60,24,66,1000,218,no,23,24
2025-05-21T18:02:16.837063,KXBTCD-25MAY2122-T109749.99,DELTA,60,24,66,1000,219,no,25,-24
2025-05-21T18:02:17.137195,KXBTCD-25MAY2122-T109749.99,DELTA,60,24,66,1000,220,yes,59,-100
2025-05-21T18:02:17.197085,KXBTCD-25MAY2122-T109749.99,DELTA,60,24,66,1000,221,yes,59,-1000
2025-05-21T18:02:17.238008,KXBTCD-25MAY2122-T109749.99,DELTA,60,24,66,1000,222,yes,41,1000
2025-05-21T18:02:17.276102,KXBTCD-25MAY2122-T109749.99,DELTA,60,24,66,1000,223,yes,42,-9
2025-05-21T18:02:17.857073,KXBTCD-25MAY2122-T109749.99,DELTA,60,24,66,1000,224,yes,8,-4050
2025-05-21T18:02:17.857379,KXBTCD-25MAY2122-T109749.99,DELTA,60,24,66,1000,225,yes,10,3240
2025-05-21T18:02:17.916019,KXBTCD-25MAY2122-T109749.99,DELTA,60,24,66,1000,226,yes,9,-20000
2025-05-21T18:02:17.936466,KXBTCD-25MAY2122-T109749.99,DELTA,60,24,66,1000,227,yes,59,100
2025-05-21T18:02:17.955857,KXBTCD-25MAY2122-T109749.99,DELTA,60,24,66,1000,228,yes,11,20000
2025-05-21T18:02:17.997403,KXBTCD-25MAY2122-T109749.99,DELTA,60,24,66,1000,229,yes,41,-1000
2025-05-21T18:02:18.075900,KXBTCD-25MAY2122-T109749.99,DELTA,60,24,66,1000,230,yes,42,9
2025-05-21T18:02:18.076173,KXBTCD-25MAY2122-T109749.99,DELTA,60,24,66,1000,231,yes,59,1000
2025-05-21T18:02:19.250511,KXBTCD-25MAY2122-T109749.99,DELTA,60,24,66,1000,232,yes,59,-1000
2025-05-21T18:02:19.698534,KXBTCD-25MAY2122-T109749.99,DELTA,60,24,66,1000,233,yes,41,1000
2025-05-21T18:02:19.817811,KXBTCD-25MAY2122-T109749.99,DELTA,60,24,66,1000,234,yes,41,-1000
2025-05-21T18:02:20.298511,KXBTCD-25MAY2122-T109749.99,DELTA,60,24,66,1000,235,yes,59,1000
2025-05-21T18:02:20.620561,KXBTCD-25MAY2122-T109749.99,DELTA,60,24,66,1000,236,yes,59,-1000
2025-05-21T18:02:20.698252,KXBTCD-25MAY2122-T109749.99,DELTA,60,24,66,1000,237,yes,42,-9
2025-05-21T18:02:20.698641,KXBTCD-25MAY2122-T109749.99,DELTA,60,24,66,1000,238,yes,58,24
2025-05-21T18:02:20.698829,KXBTCD-25MAY2122-T109749.99,DELTA,59,100,66,1000,239,yes,60,-24
2025-05-21T18:02:20.815560,KXBTCD-25MAY2122-T109749.99,DELTA,59,100,66,1000,240,no,23,-24
2025-05-21T18:02:20.897919,KXBTCD-25MAY2122-T109749.99,DELTA,59,100,66,1000,241,no,25,24
2025-05-21T18:02:20.898131,KXBTCD-25MAY2122-T109749.99,DELTA,59,100,66,1000,242,yes,41,1000
2025-05-21T18:02:21.198375,KXBTCD-25MAY2122-T109749.99,DELTA,59,100,66,1000,243,no,33,-100
2025-05-21T18:02:21.501967,KXBTCD-25MAY2122-T109749.99,DELTA,59,100,75,24,244,no,34,-1000
2025-05-21T18:02:21.503305,KXBTCD-25MAY2122-T109749.99,DELTA,59,100,75,24,245,yes,42,9
2025-05-21T18:02:22.277351,KXBTCD-25MAY2122-T109749.99,DELTA,59,100,75,24,246,yes,10,-3240
2025-05-21T18:02:22.278381,KXBTCD-25MAY2122-T109749.99,DELTA,59,100,75,24,247,yes,12,2700
2025-05-21T18:02:22.337277,KXBTCD-25MAY2122-T109749.99,DELTA,59,100,75,24,248,yes,11,-20000
2025-05-21T18:02:22.459774,KXBTCD-25MAY2122-T109749.99,DELTA,60,9,75,24,249,yes,60,9
2025-05-21T18:02:22.460797,KXBTCD-25MAY2122-T109749.99,DELTA,60,9,75,24,250,no,14,9
2025-05-21T18:02:22.461506,KXBTCD-25MAY2122-T109749.99,DELTA,60,9,75,24,251,no,14,9
2025-05-21T18:02:22.462133,KXBTCD-25MAY2122-T109749.99,DELTA,60,9,75,24,252,yes,59,-100
2025-05-21T18:02:22.715572,KXBTCD-25MAY2122-T109749.99,DELTA,60,9,66,100,253,no,34,100
2025-05-21T18:02:22.796109,KXBTCD-25MAY2122-T109749.99,DELTA,60,9,65,1000,254,no,35,1000
2025-05-21T18:02:22.856161,KXBTCD-25MAY2122-T109749.99,DELTA,60,9,65,1000,255,no,14,-9
2025-05-21T18:02:22.876921,KXBTCD-25MAY2122-T109749.99,DELTA,58,24,65,1000,256,yes,60,-9
2025-05-21T18:02:23.076654,KXBTCD-25MAY2122-T109749.99,DELTA,42,9,65,1000,257,yes,58,-24
2025-05-21T18:02:23.077704,KXBTCD-25MAY2122-T109749.99,DELTA,42,9,65,1000,258,no,25,-24
2025-05-21T18:02:23.078299,KXBTCD-25MAY2122-T109749.99,DELTA,56,24,65,1000,259,yes,56,24
2025-05-21T18:02:23.097044,KXBTCD-25MAY2122-T109749.99,DELTA,56,24,65,1000,260,no,26,24
2025-05-21T18:02:23.195942,KXBTCD-25MAY2122-T109749.99,DELTA,56,24,65,1000,261,no,14,-9
2025-05-21T18:02:23.356410,KXBTCD-25MAY2122-T109749.99,DELTA,58,100,65,1000,262,yes,58,100
2025-05-21T18:02:23.497885,KXBTCD-25MAY2122-T109749.99,DELTA,58,100,65,1000,263,yes,12,-2700
2025-05-21T18:02:23.498166,KXBTCD-25MAY2122-T109749.99,DELTA,58,100,65,1000,264,yes,4,8100
2025-05-21T18:02:23.556679,KXBTCD-25MAY2122-T109749.99,DELTA,58,100,65,1000,265,yes,5,20000
2025-05-21T18:02:23.879699,KXBTCD-25MAY2122-T109749.99,DELTA,58,100,65,1000,266,no,34,-100
2025-05-21T18:02:23.963217,KXBTCD-25MAY2122-T109749.99,DELTA,58,100,74,24,267,no,35,-1000
2025-05-21T18:02:24.337580,KXBTCD-25MAY2122-T109749.99,DELTA,56,24,74,24,268,yes,58,-100
2025-05-21T18:02:24.456980,KXBTCD-25MAY2122-T109749.99,DELTA,56,24,74,24,269,no,14,9
2025-05-21T18:02:24.457849,KXBTCD-25MAY2122-T109749.99,DELTA,56,24,74,24,270,yes,42,9
2025-05-21T18:02:24.636007,KXBTCD-25MAY2122-T109749.99,DELTA,56,24,74,24,271,yes,4,-8100
2025-05-21T18:02:24.636372,KXBTCD-25MAY2122-T109749.99,DELTA,56,24,74,24,272,yes,6,5400
2025-05-21T18:02:24.697479,KXBTCD-25MAY2122-T109749.99,DELTA,56,24,64,100,273,no,36,100
2025-05-21T18:02:24.717444,KXBTCD-25MAY2122-T109749.99,DELTA,56,24,64,100,274,yes,5,-20000
2025-05-21T18:02:24.757356,KXBTCD-25MAY2122-T109749.99,DELTA,56,24,64,100,275,yes,7,20000
2025-05-21T18:02:24.757670,KXBTCD-25MAY2122-T109749.99,DELTA,56,24,63,1000,276,no,37,1000
2025-05-21T18:02:24.836171,KXBTCD-25MAY2122-T109749.99,DELTA,56,24,63,1000,277,no,27,9
2025-05-21T18:02:25.296717,KXBTCD-25MAY2122-T109749.99,DELTA,56,124,63,1000,278,yes,56,100
2025-05-21T18:02:25.456394,KXBTCD-25MAY2122-T109749.99,DELTA,56,124,63,1000,279,yes,42,-9
2025-05-21T18:02:25.456726,KXBTCD-25MAY2122-T109749.99,DELTA,56,124,63,1000,280,no,14,-9
2025-05-21T18:02:25.596356,KXBTCD-25MAY2122-T109749.99,DELTA,56,124,63,1000,281,no,27,-9
2025-05-21T18:02:25.797119,KXBTCD-25MAY2122-T109749.99,DELTA,56,124,63,1000,282,yes,6,-5400
2025-05-21T18:02:25.797327,KXBTCD-25MAY2122-T109749.99,DELTA,56,124,63,1000,283,yes,8,4050
2025-05-21T18:02:25.896839,KXBTCD-25MAY2122-T109749.99,DELTA,56,124,63,1000,284,yes,7,-20000
2025-05-21T18:02:25.936459,KXBTCD-25MAY2122-T109749.99,DELTA,56,124,63,1000,285,yes,9,20000
2025-05-21T18:02:26.518893,KXBTCD-25MAY2122-T109749.99,DELTA,56,24,63,1000,286,yes,56,-100
2025-05-21T18:02:26.836366,KXBTCD-25MAY2122-T109749.99,DELTA,56,24,63,1000,287,yes,8,-4050
2025-05-21T18:02:26.837691,KXBTCD-25MAY2122-T109749.99,DELTA,56,24,63,1000,288,yes,10,3240
2025-05-21T18:02:26.897832,KXBTCD-25MAY2122-T109749.99,DELTA,56,24,63,1000,289,yes,9,-20000
2025-05-21T18:02:26.936432,KXBTCD-25MAY2122-T109749.99,DELTA,56,24,63,1000,290,yes,11,20000
2025-05-21T18:02:27.818301,KXBTCD-25MAY2122-T109749.99,DELTA,57,100,63,1000,291,yes,57,100
2025-05-21T18:02:29.677016,KXBTCD-25MAY2122-T109749.99,DELTA,57,100,63,1000,292,yes,41,-1000
2025-05-21T18:02:29.717287,KXBTCD-25MAY2122-T109749.99,DELTA,57,1100,63,1000,293,yes,57,1000
2025-05-21T18:02:29.897434,KXBTCD-25MAY2122-T109749.99,DELTA,57,1100,63,1000,294,no,36,-100
2025-05-21T18:02:29.917390,KXBTCD-25MAY2122-T109749.99,DELTA,57,1000,63,1000,295,yes,57,-100
2025-05-21T18:02:29.957432,KXBTCD-25MAY2122-T109749.99,DELTA,57,1000,74,24,296,no,37,-1000
2025-05-21T18:02:29.977330,KXBTCD-25MAY2122-T109749.99,DELTA,56,24,74,24,297,yes,57,-1000
2025-05-21T18:02:30.037562,KXBTCD-25MAY2122-T109749.99,DELTA,56,24,74,24,298,yes,41,1000
2025-05-21T18:02:31.131781,KXBTCD-25MAY2122-T109749.99,DELTA,56,24,66,100,299,no,34,100
2025-05-21T18:02:31.132872,KXBTCD-25MAY2122-T109749.99,DELTA,58,100,66,100,300,yes,58,100
2025-05-21T18:02:31.213368,KXBTCD-25MAY2122-T109749.99,DELTA,58,100,65,1000,301,no,35,1000
2025-05-21T18:02:31.214187,KXBTCD-25MAY2122-T109749.99,DELTA,58,100,65,1000,302,yes,41,-1000
2025-05-21T18:02:31.278518,KXBTCD-25MAY2122-T109749.99,DELTA,58,1100,65,1000,303,yes,58,1000
2025-05-21T18:02:31.279742,KXBTCD-25MAY2122-T109749.99,DELTA,58,1100,65,1000,304,no,27,9
2025-05-21T18:02:31.280422,KXBTCD-25MAY2122-T109749.99,DELTA,58,1100,65,1000,305,yes,42,9
2025-05-21T18:02:31.281065,KXBTCD-25MAY2122-T109749.99,DELTA,58,1100,65,1009,306,no,35,9
2025-05-21T18:02:32.236862,KXBTCD-25MAY2122-T109749.99,DELTA,58,1124,65,1009,307,yes,58,24
2025-05-21T18:02:32.238215,KXBTCD-25MAY2122-T109749.99,DELTA,58,1124,65,1009,308,no,25,24
2025-05-21T18:02:32.256498,KXBTCD-25MAY2122-T109749.99,DELTA,58,1124,65,1009,309,yes,56,-24
2025-05-21T18:02:32.257316,KXBTCD-25MAY2122-T109749.99,DELTA,58,1124,65,1009,310,no,26,-24
2025-05-21T18:02:32.377755,KXBTCD-25MAY2122-T109749.99,DELTA,58,1124,65,1009,311,yes,42,-9
2025-05-21T18:02:32.379051,KXBTCD-25MAY2122-T109749.99,DELTA,58,1124,65,1009,312,yes,42,-9
2025-05-21T18:02:32.379770,KXBTCD-25MAY2122-T109749.99,DELTA,58,1124,65,1009,313,no,27,-9
2025-05-21T18:02:32.396288,KXBTCD-25MAY2122-T109749.99,DELTA,58,1124,65,1000,314,no,35,-9
2025-05-21T18:02:32.777530,KXBTCD-25MAY2122-T109749.99,DELTA,58,1124,65,1000,315,yes,10,-3240
2025-05-21T18:02:32.778131,KXBTCD-25MAY2122-T109749.99,DELTA,58,1124,65,1000,316,yes,12,2700
2025-05-21T18:02:32.842029,KXBTCD-25MAY2122-T109749.99,DELTA,58,1124,65,1000,317,no,1,32400
2025-05-21T18:02:32.843161,KXBTCD-25MAY2122-T109749.99,DELTA,58,1124,65,1000,318,yes,11,-20000
2025-05-21T18:02:32.917290,KXBTCD-25MAY2122-T109749.99,DELTA,58,1124,65,1000,319,no,2,2000
2025-05-21T18:02:32.918354,KXBTCD-25MAY2122-T109749.99,DELTA,58,1124,65,1000,320,no,2,20000
2025-05-21T18:02:33.156750,KXBTCD-25MAY2122-T109749.99,DELTA,58,1024,65,1000,321,yes,58,-100
2025-05-21T18:02:33.216169,KXBTCD-25MAY2122-T109749.99,DELTA,58,24,65,1000,322,yes,58,-1000
2025-05-21T18:02:33.257505,KXBTCD-25MAY2122-T109749.99,DELTA,58,24,65,1000,323,yes,41,1000
2025-05-21T18:02:34.517676,KXBTCD-25MAY2122-T109749.99,DELTA,59,100,65,1000,324,yes,59,100
2025-05-21T18:02:34.577395,KXBTCD-25MAY2122-T109749.99,DELTA,59,100,65,1000,325,yes,41,-1000
2025-05-21T18:02:34.622226,KXBTCD-25MAY2122-T109749.99,DELTA,59,1100,65,1000,326,yes,59,1000
2025-05-21T18:02:34.657160,KXBTCD-25MAY2122-T109749.99,DELTA,59,1100,65,1000,327,yes,42,9
2025-05-21T18:02:35.276835,KXBTCD-25MAY2122-T109749.99,DELTA,59,1100,65,1000,328,yes,12,-2700
2025-05-21T18:02:35.277968,KXBTCD-25MAY2122-T109749.99,DELTA,59,1100,65,1000,329,yes,4,8100
2025-05-21T18:02:35.318576,KXBTCD-25MAY2122-T109749.99,DELTA,59,1100,65,1000,330,no,1,-32400
2025-05-21T18:02:35.319295,KXBTCD-25MAY2122-T109749.99,DELTA,59,1100,65,1000,331,no,3,10800
2025-05-21T18:02:35.339651,KXBTCD-25MAY2122-T109749.99,DELTA,59,1100,65,1000,332,yes,5,20000
2025-05-21T18:02:35.340670,KXBTCD-25MAY2122-T109749.99,DELTA,60,24,65,1000,333,yes,60,24
2025-05-21T18:02:35.356811,KXBTCD-25MAY2122-T109749.99,DELTA,60,24,65,1000,334,no,23,24
2025-05-21T18:02:35.357608,KXBTCD-25MAY2122-T109749.99,DELTA,60,24,65,1000,335,yes,58,-24
2025-05-21T18:02:35.358185,KXBTCD-25MAY2122-T109749.99,DELTA,60,24,65,1000,336,no,25,-24
2025-05-21T18:02:35.377178,KXBTCD-25MAY2122-T109749.99,DELTA,60,24,65,1000,337,no,2,-20000
2025-05-21T18:02:35.377664,KXBTCD-25MAY2122-T109749.99,DELTA,60,24,65,1000,338,no,2,-2000
2025-05-21T18:02:35.377874,KXBTCD-25MAY2122-T109749.99,DELTA,60,24,65,1000,339,yes,42,-9
2025-05-21T18:02:35.437000,KXBTCD-25MAY2122-T109749.99,DELTA,60,24,65,1000,340,no,4,2000
2025-05-21T18:02:35.437315,KXBTCD-25MAY2122-T109749.99,DELTA,60,24,65,1000,341,no,4,20000
2025-05-21T18:02:35.657608,KXBTCD-25MAY2122-T109749.99,DELTA,60,24,65,1000,342,no,34,-100
2025-05-21T18:02:35.676331,KXBTCD-25MAY2122-T109749.99,DELTA,60,24,65,1000,343,yes,59,-100
2025-05-21T18:02:35.717438,KXBTCD-25MAY2122-T109749.99,DELTA,60,24,77,24,344,no,35,-1000
2025-05-21T18:02:35.737125,KXBTCD-25MAY2122-T109749.99,DELTA,60,24,77,24,345,yes,59,-1000
2025-05-21T18:02:35.757570,KXBTCD-25MAY2122-T109749.99,DELTA,60,24,77,24,346,no,4,1000
2025-05-21T18:02:35.776485,KXBTCD-25MAY2122-T109749.99,DELTA,60,24,77,24,347,yes,41,1000
2025-05-21T18:02:35.836509,KXBTCD-25MAY2122-T109749.99,DELTA,60,33,77,24,348,yes,60,9
2025-05-21T18:02:35.836683,KXBTCD-25MAY2122-T109749.99,DELTA,60,33,77,24,349,no,14,9
2025-05-21T18:02:36.380805,KXBTCD-25MAY2122-T109749.99,DELTA,60,33,77,24,350,yes,58,24
2025-05-21T18:02:36.381243,KXBTCD-25MAY2122-T109749.99,DELTA,60,9,77,24,351,yes,60,-24
2025-05-21T18:02:36.381433,KXBTCD-25MAY2122-T109749.99,DELTA,60,9,86,9,352,no,23,-24
2025-05-21T18:02:36.381619,KXBTCD-25MAY2122-T109749.99,DELTA,60,9,75,24,353,no,25,24
2025-05-21T18:02:36.477609,KXBTCD-25MAY2122-T109749.99,DELTA,60,9,75,24,354,yes,4,-8100
2025-05-21T18:02:36.478651,KXBTCD-25MAY2122-T109749.99,DELTA,60,9,75,24,355,yes,6,5400
2025-05-21T18:02:36.498076,KXBTCD-25MAY2122-T109749.99,DELTA,58,24,75,24,356,yes,60,-9
2025-05-21T18:02:36.498918,KXBTCD-25MAY2122-T109749.99,DELTA,59,9,75,24,357,yes,59,9
2025-05-21T18:02:36.499620,KXBTCD-25MAY2122-T109749.99,DELTA,59,9,75,24,358,yes,42,9
2025-05-21T18:02:36.500202,KXBTCD-25MAY2122-T109749.99,DELTA,59,9,75,24,359,no,14,9
2025-05-21T18:02:36.518067,KXBTCD-25MAY2122-T109749.99,DELTA,59,9,75,24,360,no,3,-10800
2025-05-21T18:02:36.518959,KXBTCD-25MAY2122-T109749.99,DELTA,59,9,75,24,361,no,4,8100
2025-05-21T18:02:36.537741,KXBTCD-25MAY2122-T109749.99,DELTA,59,9,75,24,362,yes,5,-20000
2025-05-21T18:02:36.578520,KXBTCD-25MAY2122-T109749.99,DELTA,59,9,75,24,363,no,4,-20000
2025-05-21T18:02:36.579338,KXBTCD-25MAY2122-T109749.99,DELTA,59,9,75,24,364,yes,7,20000
2025-05-21T18:02:36.599961,KXBTCD-25MAY2122-T109749.99,DELTA,59,9,75,24,365,no,4,-2000
2025-05-21T18:02:36.600917,KXBTCD-25MAY2122-T109749.99,DELTA,59,9,75,24,366,no,4,-1000
2025-05-21T18:02:36.636729,KXBTCD-25MAY2122-T109749.99,DELTA,59,9,75,24,367,no,5,2000
2025-05-21T18:02:36.637646,KXBTCD-25MAY2122-T109749.99,DELTA,59,9,75,24,368,no,5,20000
2025-05-21T18:02:36.638276,KXBTCD-25MAY2122-T109749.99,DELTA,59,9,75,24,369,no,5,1000
2025-05-21T18:02:36.876577,KXBTCD-25MAY2122-T109749.99,DELTA,59,9,67,100,370,no,33,100
2025-05-21T18:02:36.877437,KXBTCD-25MAY2122-T109749.99,DELTA,59,109,67,100,371,yes,59,100
2025-05-21T18:02:36.957614,KXBTCD-25MAY2122-T109749.99,DELTA,59,109,67,100,372,no,5,-1000
2025-05-21T18:02:37.059745,KXBTCD-25MAY2122-T109749.99,DELTA,59,100,67,100,373,yes,59,-9
2025-05-21T18:02:37.060853,KXBTCD-25MAY2122-T109749.99,DELTA,59,100,66,1000,374,no,34,1000
2025-05-21T18:02:37.061624,KXBTCD-25MAY2122-T109749.99,DELTA,59,100,66,1000,375,no,14,-9
2025-05-21T18:02:37.677371,KXBTCD-25MAY2122-T109749.99,DELTA,59,100,66,1000,376,yes,6,-5400
2025-05-21T18:02:37.677543,KXBTCD-25MAY2122-T109749.99,DELTA,59,100,66,1000,377,yes,8,4050
2025-05-21T18:02:37.737236,KXBTCD-25MAY2122-T109749.99,DELTA,59,100,66,1000,378,no,4,-8100
2025-05-21T18:02:37.737427,KXBTCD-25MAY2122-T109749.99,DELTA,59,100,66,1000,379,no,5,6480
2025-05-21T18:02:37.737528,KXBTCD-25MAY2122-T109749.99,DELTA,59,100,66,1000,380,yes,7,-20000
2025-05-21T18:02:37.796990,KXBTCD-25MAY2122-T109749.99,DELTA,59,100,66,1000,381,yes,9,20000
2025-05-21T18:02:37.797544,KXBTCD-25MAY2122-T109749.99,DELTA,59,100,66,1000,382,no,14,-9
2025-05-21T18:02:37.829478,KXBTCD-25MAY2122-T109749.99,DELTA,59,100,66,1000,383,no,5,-20000
2025-05-21T18:02:37.830138,KXBTCD-25MAY2122-T109749.99,DELTA,59,100,66,1000,384,no,5,-2000
2025-05-21T18:02:37.876934,KXBTCD-25MAY2122-T109749.99,DELTA,59,100,66,1000,385,no,6,2000
2025-05-21T18:02:37.877879,KXBTCD-25MAY2122-T109749.99,DELTA,59,100,66,1000,386,no,6,20000
2025-05-21T18:02:38.914708,KXBTCD-25MAY2122-T109749.99,DELTA,59,100,66,1000,387,yes,8,-4050
2025-05-21T18:02:38.915715,KXBTCD-25MAY2122-T109749.99,DELTA,59,100,66,1000,388,yes,10,3240
2025-05-21T18:02:38.917172,KXBTCD-25MAY2122-T109749.99,DELTA,59,100,66,1000,389,no,5,-6480
2025-05-21T18:02:38.917844,KXBTCD-25MAY2122-T109749.99,DELTA,59,100,66,1000,390,no,7,4628
2025-05-21T18:02:38.957508,KXBTCD-25MAY2122-T109749.99,DELTA,59,100,66,1000,391,yes,9,-20000
2025-05-21T18:02:38.996128,KXBTCD-25MAY2122-T109749.99,DELTA,59,100,66,1000,392,yes,11,20000
2025-05-21T18:02:39.037372,KXBTCD-25MAY2122-T109749.99,DELTA,59,100,66,1000,393,no,6,-20000
2025-05-21T18:02:39.057484,KXBTCD-25MAY2122-T109749.99,DELTA,59,100,66,1000,394,no,6,-2000
2025-05-21T18:02:39.097119,KXBTCD-25MAY2122-T109749.99,DELTA,59,100,66,1000,395,no,8,20000
2025-05-21T18:02:39.097907,KXBTCD-25MAY2122-T109749.99,DELTA,59,100,66,1000,396,no,8,2000
2025-05-21T18:02:39.117632,KXBTCD-25MAY2122-T109749.99,DELTA,59,100,66,1000,397,no,33,-100
2025-05-21T18:02:39.197190,KXBTCD-25MAY2122-T109749.99,DELTA,59,100,75,24,398,no,34,-1000
2025-05-21T18:02:39.239677,KXBTCD-25MAY2122-T109749.99,DELTA,59,100,75,24,399,no,8,1000
2025-05-21T18:02:39.598226,KXBTCD-25MAY2122-T109749.99,DELTA,58,24,75,24,400,yes,59,-100
2025-05-21T18:02:39.717442,KXBTCD-25MAY2122-T109749.99,DELTA,58,24,75,24,401,yes,42,9
2025-05-21T18:02:39.736195,KXBTCD-25MAY2122-T109749.99,DELTA,58,24,75,24,402,no,14,9
2025-05-21T18:02:39.838100,KXBTCD-25MAY2122-T109749.99,DELTA,58,24,75,24,403,no,14,9
2025-05-21T18:02:40.017725,KXBTCD-25MAY2122-T109749.99,DELTA,58,24,75,24,404,yes,10,-3240
2025-05-21T18:02:40.018835,KXBTCD-25MAY2122-T109749.99,DELTA,58,24,75,24,405,yes,12,2700
2025-05-21T18:02:40.058429,KXBTCD-25MAY2122-T109749.99,DELTA,58,24,75,24,406,no,7,-4628
2025-05-21T18:02:40.059614,KXBTCD-25MAY2122-T109749.99,DELTA,58,24,75,24,407,no,4,8100
2025-05-21T18:02:40.077042,KXBTCD-25MAY2122-T109749.99,DELTA,58,24,75,24,408,yes,11,-20000
2025-05-21T18:02:40.117431,KXBTCD-25MAY2122-T109749.99,DELTA,58,24,75,24,409,no,8,-20000
2025-05-21T18:02:40.118434,KXBTCD-25MAY2122-T109749.99,DELTA,58,24,75,24,410,no,8,-2000
2025-05-21T18:02:40.137059,KXBTCD-25MAY2122-T109749.99,DELTA,58,24,75,24,411,no,8,-1000
2025-05-21T18:02:40.176248,KXBTCD-25MAY2122-T109749.99,DELTA,58,24,75,24,412,no,5,20000
2025-05-21T18:02:40.177259,KXBTCD-25MAY2122-T109749.99,DELTA,58,24,75,24,413,no,5,1000
2025-05-21T18:02:40.178042,KXBTCD-25MAY2122-T109749.99,DELTA,58,24,75,24,414,no,5,2000
2025-05-21T18:02:40.237473,KXBTCD-25MAY2122-T109749.99,DELTA,58,24,66,100,415,no,34,100
2025-05-21T18:02:40.300112,KXBTCD-25MAY2122-T109749.99,DELTA,58,24,66,100,416,no,5,-1000
2025-05-21T18:02:40.336121,KXBTCD-25MAY2122-T109749.99,DELTA,58,24,65,1000,417,no,35,1000
2025-05-21T18:02:40.801423,KXBTCD-25MAY2122-T109749.99,DELTA,42,18,65,1000,418,yes,58,-24
2025-05-21T18:02:40.801851,KXBTCD-25MAY2122-T109749.99,DELTA,42,9,65,1000,419,yes,42,-9
2025-05-21T18:02:40.802012,KXBTCD-25MAY2122-T109749.99,DELTA,41,3000,65,1000,420,yes,42,-9
2025-05-21T18:02:40.802111,KXBTCD-25MAY2122-T109749.99,DELTA,41,2871,65,1000,421,yes,41,-129
2025-05-21T18:02:40.815434,KXBTCD-25MAY2122-T109749.99,DELTA,58,100,65,1000,422,yes,58,100
2025-05-21T18:02:40.896656,KXBTCD-25MAY2122-T109749.99,DELTA,58,100,65,1000,423,yes,52,24
2025-05-21T18:02:40.917302,KXBTCD-25MAY2122-T109749.99,DELTA,58,100,65,1000,424,no,25,-24
2025-05-21T18:02:40.917469,KXBTCD-25MAY2122-T109749.99,DELTA,58,100,65,1000,425,no,29,24
2025-05-21T18:02:40.917612,KXBTCD-25MAY2122-T109749.99,DELTA,58,100,65,1000,426,no,14,-9
2025-05-21T18:02:40.936007,KXBTCD-25MAY2122-T109749.99,DELTA,58,100,65,1000,427,no,14,-9
2025-05-21T18:02:40.936237,KXBTCD-25MAY2122-T109749.99,DELTA,58,100,64,9,428,no,36,9
2025-05-21T18:02:40.986023,KXBTCD-25MAY2122-T109749.99,DELTA,58,100,64,9,429,yes,41,-1000
2025-05-21T18:02:41.059571,KXBTCD-25MAY2122-T109749.99,DELTA,58,1100,64,9,430,yes,58,1000
2025-05-21T18:02:41.097893,KXBTCD-25MAY2122-T109749.99,DELTA,58,1000,64,9,431,yes,58,-100
2025-05-21T18:02:41.238338,KXBTCD-25MAY2122-T109749.99,DELTA,52,24,64,9,432,yes,58,-1000
2025-05-21T18:02:41.277026,KXBTCD-25MAY2122-T109749.99,DELTA,52,24,64,9,433,yes,41,1000
2025-05-21T18:02:41.356210,KXBTCD-25MAY2122-T109749.99,DELTA,52,24,64,9,434,yes,42,9
2025-05-21T18:02:41.556675,KXBTCD-25MAY2122-T109749.99,DELTA,52,24,64,9,435,no,34,-100
2025-05-21T18:02:41.617565,KXBTCD-25MAY2122-T109749.99,DELTA,52,24,64,9,436,no,35,-1000
2025-05-21T18:02:41.657362,KXBTCD-25MAY2122-T109749.99,DELTA,52,24,64,18,437,no,36,9
2025-05-21T18:02:41.658412,KXBTCD-25MAY2122-T109749.99,DELTA,52,24,64,18,438,no,5,1000
2025-05-21T18:02:41.817730,KXBTCD-25MAY2122-T109749.99,DELTA,52,24,64,9,439,no,36,-9
2025-05-21T18:02:41.818829,KXBTCD-25MAY2122-T109749.99,DELTA,52,24,64,9,440,no,14,9
2025-05-21T18:02:41.957128,KXBTCD-25MAY2122-T109749.99,DELTA,60,100,64,9,441,yes,60,100
2025-05-21T18:02:42.457491,KXBTCD-25MAY2122-T109749.99,DELTA,60,98,64,9,442,yes,60,-2
2025-05-21T18:02:42.556871,KXBTCD-25MAY2122-T109749.99,DELTA,60,98,64,9,443,no,32,100
2025-05-21T18:02:42.576618,KXBTCD-25MAY2122-T109749.99,DELTA,60,98,68,100,444,no,36,-9
2025-05-21T18:02:42.576839,KXBTCD-25MAY2122-T109749.99,DELTA,60,98,68,100,445,no,14,9
2025-05-21T18:02:42.597712,KXBTCD-25MAY2122-T109749.99,DELTA,60,98,68,100,446,no,14,9
2025-05-21T18:02:42.597879,KXBTCD-25MAY2122-T109749.99,DELTA,60,98,68,100,447,yes,42,-9
2025-05-21T18:02:42.597963,KXBTCD-25MAY2122-T109749.99,DELTA,61,9,68,100,448,yes,61,9
2025-05-21T18:02:42.635726,KXBTCD-25MAY2122-T109749.99,DELTA,61,9,68,100,449,no,5,-1000
2025-05-21T18:02:42.697725,KXBTCD-25MAY2122-T109749.99,DELTA,61,9,67,1000,450,no,33,1000
2025-05-21T18:02:45.977099,KXBTCD-25MAY2122-T109749.99,DELTA,61,9,67,1000,451,yes,41,-1000
2025-05-21T18:02:46.017299,KXBTCD-25MAY2122-T109749.99,DELTA,61,9,67,1000,452,yes,60,1000
2025-05-21T18:02:46.076105,KXBTCD-25MAY2122-T109749.99,DELTA,61,9,67,1000,453,yes,12,-2700
2025-05-21T18:02:46.076454,KXBTCD-25MAY2122-T109749.99,DELTA,61,9,67,1000,454,yes,4,8100
2025-05-21T18:02:46.096759,KXBTCD-25MAY2122-T109749.99,DELTA,61,9,67,1000,455,no,14,-9
2025-05-21T18:02:46.097228,KXBTCD-25MAY2122-T109749.99,DELTA,60,1098,67,1000,456,yes,61,-9
2025-05-21T18:02:46.121874,KXBTCD-25MAY2122-T109749.99,DELTA,60,1098,67,1000,457,no,14,-9
2025-05-21T18:02:46.122427,KXBTCD-25MAY2122-T109749.99,DELTA,60,1098,66,9,458,no,34,9
2025-05-21T18:02:46.122818,KXBTCD-25MAY2122-T109749.99,DELTA,60,1098,66,9,459,no,14,-9
2025-05-21T18:02:46.123133,KXBTCD-25MAY2122-T109749.99,DELTA,60,1098,66,18,460,no,34,9
2025-05-21T18:02:46.198130,KXBTCD-25MAY2122-T109749.99,DELTA,60,1098,66,18,461,yes,5,20000
2025-05-21T18:02:46.199052,KXBTCD-25MAY2122-T109749.99,DELTA,60,1098,66,18,462,no,4,-8100
2025-05-21T18:02:46.199753,KXBTCD-25MAY2122-T109749.99,DELTA,60,1098,66,18,463,no,6,5400
2025-05-21T18:02:46.257661,KXBTCD-25MAY2122-T109749.99,DELTA,60,1098,66,18,464,no,5,-20000
2025-05-21T18:02:46.258688,KXBTCD-25MAY2122-T109749.99,DELTA,60,1098,66,18,465,no,5,-2000
2025-05-21T18:02:46.296667,KXBTCD-25MAY2122-T109749.99,DELTA,60,1098,66,18,466,no,7,2000
2025-05-21T18:02:46.297577,KXBTCD-25MAY2122-T109749.99,DELTA,60,1098,66,18,467,no,7,20000
2025-05-21T18:02:46.376884,KXBTCD-25MAY2122-T109749.99,DELTA,60,98,66,18,468,yes,60,-1000
2025-05-21T18:02:46.444677,KXBTCD-25MAY2122-T109749.99,DELTA,60,98,66,18,469,yes,41,1000
2025-05-21T18:02:46.976738,KXBTCD-25MAY2122-T109749.99,DELTA,60,98,66,18,470,yes,41,-1000
2025-05-21T18:02:47.016784,KXBTCD-25MAY2122-T109749.99,DELTA,60,1098,66,18,471,yes,60,1000
2025-05-21T18:02:48.743184,KXBTCD-25MAY2122-T109749.99,DELTA,60,1098,66,18,472,yes,4,-8100
2025-05-21T18:02:48.744347,KXBTCD-25MAY2122-T109749.99,DELTA,60,1098,66,18,473,yes,6,5400
2025-05-21T18:02:48.745178,KXBTCD-25MAY2122-T109749.99,DELTA,60,1098,66,18,474,no,6,-5400
2025-05-21T18:02:48.745932,KXBTCD-25MAY2122-T109749.99,DELTA,60,1098,66,18,475,no,4,8100
2025-05-21T18:02:48.746635,KXBTCD-25MAY2122-T109749.99,DELTA,60,1098,66,18,476,yes,5,-20000
2025-05-21T18:02:48.797919,KXBTCD-25MAY2122-T109749.99,DELTA,60,1098,66,18,477,yes,7,20000
2025-05-21T18:02:48.798916,KXBTCD-25MAY2122-T109749.99,DELTA,60,1098,66,18,478,no,7,-20000
2025-05-21T18:02:48.799663,KXBTCD-25MAY2122-T109749.99,DELTA,60,1098,66,18,479,no,7,-2000
2025-05-21T18:02:48.858075,KXBTCD-25MAY2122-T109749.99,DELTA,60,1098,66,18,480,no,5,20000
2025-05-21T18:02:48.858866,KXBTCD-25MAY2122-T109749.99,DELTA,60,1098,66,18,481,no,5,2000
2025-05-21T18:02:49.719851,KXBTCD-25MAY2122-T109749.99,DELTA,60,1098,66,18,482,yes,52,-24
2025-05-21T18:02:49.721154,KXBTCD-25MAY2122-T109749.99,DELTA,60,1098,66,18,483,yes,54,24
2025-05-21T18:02:49.721994,KXBTCD-25MAY2122-T109749.99,DELTA,60,1098,66,18,484,no,29,-24
2025-05-21T18:02:49.737083,KXBTCD-25MAY2122-T109749.99,DELTA,60,1098,66,18,485,no,27,24
2025-05-21T18:02:49.758023,KXBTCD-25MAY2122-T109749.99,DELTA,60,98,66,18,486,yes,60,-1000
2025-05-21T18:02:49.758707,KXBTCD-25MAY2122-T109749.99,DELTA,60,98,66,18,487,yes,3,-8000
2025-05-21T18:02:49.817640,KXBTCD-25MAY2122-T109749.99,DELTA,60,98,66,18,488,yes,4,8000
2025-05-21T18:02:49.818369,KXBTCD-25MAY2122-T109749.99,DELTA,60,98,66,18,489,yes,6,-5400
2025-05-21T18:02:49.819213,KXBTCD-25MAY2122-T109749.99,DELTA,60,98,66,18,490,yes,8,4050
2025-05-21T18:02:49.819820,KXBTCD-25MAY2122-T109749.99,DELTA,61,1000,66,18,491,yes,61,1000
2025-05-21T18:02:49.857475,KXBTCD-25MAY2122-T109749.99,DELTA,61,1000,66,18,492,yes,4,-8000
2025-05-21T18:02:49.876852,KXBTCD-25MAY2122-T109749.99,DELTA,61,1000,66,18,493,no,4,-8100
2025-05-21T18:02:49.877354,KXBTCD-25MAY2122-T109749.99,DELTA,61,1000,66,18,494,no,5,6480
2025-05-21T18:02:49.897601,KXBTCD-25MAY2122-T109749.99,DELTA,61,1000,66,18,495,yes,7,-20000
2025-05-21T18:02:49.898008,KXBTCD-25MAY2122-T109749.99,DELTA,61,1000,66,18,496,yes,5,8000
2025-05-21T18:02:49.939535,KXBTCD-25MAY2122-T109749.99,DELTA,61,1000,66,18,497,yes,9,20000
2025-05-21T18:02:49.940200,KXBTCD-25MAY2122-T109749.99,DELTA,61,1000,66,18,498,no,5,-20000
2025-05-21T18:02:49.957420,KXBTCD-25MAY2122-T109749.99,DELTA,61,1000,66,18,499,no,5,-2000
2025-05-21T18:02:49.996194,KXBTCD-25MAY2122-T109749.99,DELTA,61,1000,66,18,500,no,6,20000
2025-05-21T18:02:49.996785,KXBTCD-25MAY2122-T109749.99,DELTA,61,1000,66,18,501,no,6,2000
2025-05-21T18:02:50.076903,KXBTCD-25MAY2122-T109749.99,DELTA,61,1000,66,18,502,yes,60,-98
2025-05-21T18:02:50.159522,KXBTCD-25MAY2122-T109749.99,DELTA,54,24,66,18,503,yes,61,-1000
2025-05-21T18:02:50.160331,KXBTCD-25MAY2122-T109749.99,DELTA,54,24,66,18,504,no,33,-1000
2025-05-21T18:02:50.217782,KXBTCD-25MAY2122-T109749.99,DELTA,54,24,66,18,505,no,32,1000
2025-05-21T18:02:50.218601,KXBTCD-25MAY2122-T109749.99,DELTA,54,24,66,18,506,yes,41,1000
2025-05-21T18:02:50.278197,KXBTCD-25MAY2122-T109749.99,DELTA,54,24,66,9,507,no,34,-9
2025-05-21T18:02:50.279095,KXBTCD-25MAY2122-T109749.99,DELTA,54,24,66,9,508,no,33,9
2025-05-21T18:02:50.279728,KXBTCD-25MAY2122-T109749.99,DELTA,54,24,66,9,509,yes,42,9
2025-05-21T18:02:50.338024,KXBTCD-25MAY2122-T109749.99,DELTA,54,24,66,9,510,no,32,-100
2025-05-21T18:02:50.438524,KXBTCD-25MAY2122-T109749.99,DELTA,54,24,66,9,511,no,32,-1000
2025-05-21T18:02:50.477427,KXBTCD-25MAY2122-T109749.99,DELTA,54,24,66,9,512,no,6,1000
2025-05-21T18:02:50.597624,KXBTCD-25MAY2122-T109749.99,DELTA,54,24,66,9,513,no,14,9
2025-05-21T18:02:50.598803,KXBTCD-25MAY2122-T109749.99,DELTA,54,24,67,9,514,no,34,-9
2025-05-21T18:02:50.599531,KXBTCD-25MAY2122-T109749.99,DELTA,54,24,67,9,515,no,14,9
2025-05-21T18:02:50.697623,KXBTCD-25MAY2122-T109749.99,DELTA,54,24,73,24,516,no,33,-9
2025-05-21T18:02:50.698688,KXBTCD-25MAY2122-T109749.99,DELTA,54,24,73,24,517,no,14,9
2025-05-21T18:02:50.757065,KXBTCD-25MAY2122-T109749.99,DELTA,54,24,73,24,518,no,6,-1000
2025-05-21T18:02:50.796316,KXBTCD-25MAY2122-T109749.99,DELTA,54,24,73,24,519,no,15,1000
2025-05-21T18:02:51.037337,KXBTCD-25MAY2122-T109749.99,DELTA,54,24,73,24,520,yes,8,-4050
2025-05-21T18:02:51.038380,KXBTCD-25MAY2122-T109749.99,DELTA,54,24,73,24,521,yes,10,3240
2025-05-21T18:02:51.097424,KXBTCD-25MAY2122-T109749.99,DELTA,54,24,73,24,522,no,5,-6480
2025-05-21T18:02:51.098500,KXBTCD-25MAY2122-T109749.99,DELTA,54,24,73,24,523,no,1,32400
2025-05-21T18:02:51.099214,KXBTCD-25MAY2122-T109749.99,DELTA,54,24,73,24,524,yes,9,-20000
2025-05-21T18:02:51.143795,KXBTCD-25MAY2122-T109749.99,DELTA,54,24,73,24,525,yes,11,20000
2025-05-21T18:02:51.157528,KXBTCD-25MAY2122-T109749.99,DELTA,54,24,73,24,526,no,14,-9
2025-05-21T18:02:51.158557,KXBTCD-25MAY2122-T109749.99,DELTA,54,24,73,24,527,no,16,9
2025-05-21T18:02:51.159464,KXBTCD-25MAY2122-T109749.99,DELTA,54,24,73,24,528,no,6,-20000
2025-05-21T18:02:51.176623,KXBTCD-25MAY2122-T109749.99,DELTA,54,24,73,24,529,no,6,-2000
2025-05-21T18:02:51.217497,KXBTCD-25MAY2122-T109749.99,DELTA,62,100,73,24,530,yes,62,100
2025-05-21T18:02:51.218345,KXBTCD-25MAY2122-T109749.99,DELTA,62,100,73,24,531,no,2,2000
2025-05-21T18:02:51.218910,KXBTCD-25MAY2122-T109749.99,DELTA,62,100,73,24,532,no,2,20000
2025-05-21T18:02:51.239136,KXBTCD-25MAY2122-T109749.99,DELTA,62,100,73,24,533,no,15,-1000
2025-05-21T18:02:51.298342,KXBTCD-25MAY2122-T109749.99,DELTA,62,100,73,24,534,yes,41,-1000
2025-05-21T18:02:51.299371,KXBTCD-25MAY2122-T109749.99,DELTA,62,100,73,24,535,no,2,1000
2025-05-21T18:02:51.436668,KXBTCD-25MAY2122-T109749.99,DELTA,62,1100,73,24,536,yes,62,1000
2025-05-21T18:02:51.537237,KXBTCD-25MAY2122-T109749.99,DELTA,62,1100,73,24,537,yes,42,-9
2025-05-21T18:02:51.538112,KXBTCD-25MAY2122-T109749.99,DELTA,63,9,73,24,538,yes,63,9
2025-05-21T18:02:51.557534,KXBTCD-25MAY2122-T109749.99,DELTA,63,9,73,24,539,no,16,-9
2025-05-21T18:02:51.558193,KXBTCD-25MAY2122-T109749.99,DELTA,63,9,73,24,540,no,14,9
2025-05-21T18:02:51.618607,KXBTCD-25MAY2122-T109749.99,DELTA,63,9,73,24,541,no,2,-1000
2025-05-21T18:02:51.658424,KXBTCD-25MAY2122-T109749.99,DELTA,63,9,73,24,542,no,15,1000
2025-05-21T18:02:51.797630,KXBTCD-25MAY2122-T109749.99,DELTA,63,9,70,100,543,no,30,100
2025-05-21T18:02:51.877454,KXBTCD-25MAY2122-T109749.99,DELTA,63,9,70,100,544,no,15,-1000
2025-05-21T18:02:51.916588,KXBTCD-25MAY2122-T109749.99,DELTA,63,9,69,1000,545,no,31,1000
2025-05-21T18:02:51.998311,KXBTCD-25MAY2122-T109749.99,DELTA,62,1100,69,1000,546,yes,63,-9
2025-05-21T18:02:52.017219,KXBTCD-25MAY2122-T109749.99,DELTA,62,1100,69,1000,547,no,14,-9
2025-05-21T18:02:52.018111,KXBTCD-25MAY2122-T109749.99,DELTA,62,1100,69,1009,548,no,31,9
2025-05-21T18:02:52.116728,KXBTCD-25MAY2122-T109749.99,DELTA,62,1100,69,1009,549,no,14,-9
2025-05-21T18:02:52.237309,KXBTCD-25MAY2122-T109749.99,DELTA,62,1100,69,1009,550,yes,10,-3240
2025-05-21T18:02:52.238209,KXBTCD-25MAY2122-T109749.99,DELTA,62,1100,69,1009,551,yes,12,2700
2025-05-21T18:02:52.298419,KXBTCD-25MAY2122-T109749.99,DELTA,62,1100,69,1009,552,no,1,-32400
2025-05-21T18:02:52.299417,KXBTCD-25MAY2122-T109749.99,DELTA,62,1100,69,1009,553,no,2,16200
2025-05-21T18:02:52.300161,KXBTCD-25MAY2122-T109749.99,DELTA,62,1100,69,1009,554,yes,11,-20000
2025-05-21T18:02:52.419041,KXBTCD-25MAY2122-T109749.99,DELTA,62,1100,69,1000,555,no,31,-9
2025-05-21T18:02:52.420119,KXBTCD-25MAY2122-T109749.99,DELTA,62,1100,68,9,556,no,32,9
2025-05-21T18:02:52.421045,KXBTCD-25MAY2122-T109749.99,DELTA,62,1100,68,9,557,no,2,-20000
2025-05-21T18:02:52.421751,KXBTCD-25MAY2122-T109749.99,DELTA,62,1100,68,9,558,no,2,-2000
2025-05-21T18:02:52.456836,KXBTCD-25MAY2122-T109749.99,DELTA,62,1100,68,9,559,no,3,2000
2025-05-21T18:02:52.457789,KXBTCD-25MAY2122-T109749.99,DELTA,62,1100,68,9,560,no,3,20000
2025-05-21T18:02:53.097642,KXBTCD-25MAY2122-T109749.99,DELTA,62,1100,68,9,561,yes,56,24
2025-05-21T18:02:53.098535,KXBTCD-25MAY2122-T109749.99,DELTA,62,1100,68,9,562,yes,54,-24
2025-05-21T18:02:53.117003,KXBTCD-25MAY2122-T109749.99,DELTA,62,1100,68,9,563,no,25,24
2025-05-21T18:02:53.118162,KXBTCD-25MAY2122-T109749.99,DELTA,62,1100,68,9,564,no,27,-24
2025-05-21T18:02:53.118807,KXBTCD-25MAY2122-T109749.99,DELTA,62,100,68,9,565,yes,62,-1000
2025-05-21T18:02:53.137162,KXBTCD-25MAY2122-T109749.99,DELTA,62,100,68,9,566,yes,5,-8000
2025-05-21T18:02:53.182230,KXBTCD-25MAY2122-T109749.99,DELTA,62,100,68,9,567,yes,6,8000
2025-05-21T18:02:53.182552,KXBTCD-25MAY2122-T109749.99,DELTA,63,1000,68,9,568,yes,63,1000
2025-05-21T18:02:53.258396,KXBTCD-25MAY2122-T109749.99,DELTA,63,1000,68,9,569,yes,6,-8000
2025-05-21T18:02:53.259211,KXBTCD-25MAY2122-T109749.99,DELTA,63,1000,68,9,570,no,31,-1000
2025-05-21T18:02:53.277541,KXBTCD-25MAY2122-T109749.99,DELTA,63,1000,68,9,571,no,14,-9
2025-05-21T18:02:53.278349,KXBTCD-25MAY2122-T109749.99,DELTA,63,1000,68,18,572,no,32,9
2025-05-21T18:02:53.314988,KXBTCD-25MAY2122-T109749.99,DELTA,63,1000,68,18,573,yes,35,-3000
2025-05-21T18:02:53.337103,KXBTCD-25MAY2122-T109749.99,DELTA,63,1000,68,18,574,no,30,1000
2025-05-21T18:02:53.337818,KXBTCD-25MAY2122-T109749.99,DELTA,63,1000,68,18,575,yes,8,8000
2025-05-21T18:02:53.397710,KXBTCD-25MAY2122-T109749.99,DELTA,63,1000,68,18,576,yes,12,-2700
2025-05-21T18:02:53.398657,KXBTCD-25MAY2122-T109749.99,DELTA,63,1000,68,18,577,yes,4,8100
2025-05-21T18:02:53.416976,KXBTCD-25MAY2122-T109749.99,DELTA,63,1000,68,18,578,yes,44,3000
2025-05-21T18:02:53.437192,KXBTCD-25MAY2122-T109749.99,DELTA,63,1000,68,18,579,no,2,-16200
2025-05-21T18:02:53.437511,KXBTCD-25MAY2122-T109749.99,DELTA,63,1000,68,18,580,no,1,32400
2025-05-21T18:02:53.476068,KXBTCD-25MAY2122-T109749.99,DELTA,63,1000,68,18,581,yes,5,20000
2025-05-21T18:02:53.517677,KXBTCD-25MAY2122-T109749.99,DELTA,63,1000,68,18,582,no,3,-20000
2025-05-21T18:02:53.518464,KXBTCD-25MAY2122-T109749.99,DELTA,63,1000,68,18,583,no,3,-2000
2025-05-21T18:02:53.557620,KXBTCD-25MAY2122-T109749.99,DELTA,63,1000,68,18,584,yes,58,24
2025-05-21T18:02:53.558356,KXBTCD-25MAY2122-T109749.99,DELTA,63,1000,68,18,585,no,2,20000
2025-05-21T18:02:53.558819,KXBTCD-25MAY2122-T109749.99,DELTA,63,1000,68,18,586,no,23,24
2025-05-21T18:02:53.559311,KXBTCD-25MAY2122-T109749.99,DELTA,63,1000,68,18,587,yes,56,-24
2025-05-21T18:02:53.576568,KXBTCD-25MAY2122-T109749.99,DELTA,63,1000,68,18,588,no,2,2000
2025-05-21T18:02:53.577234,KXBTCD-25MAY2122-T109749.99,DELTA,63,1000,68,18,589,no,25,-24
2025-05-21T18:02:53.616769,KXBTCD-25MAY2122-T109749.99,DELTA,63,1000,68,9,590,no,32,-9
2025-05-21T18:02:53.617799,KXBTCD-25MAY2122-T109749.99,DELTA,63,1000,68,9,591,no,31,9
2025-05-21T18:02:53.716347,KXBTCD-25MAY2122-T109749.99,DELTA,63,1000,68,9,592,yes,62,-100
2025-05-21T18:02:53.797495,KXBTCD-25MAY2122-T109749.99,DELTA,58,24,68,9,593,yes,63,-1000
2025-05-21T18:02:53.837119,KXBTCD-25MAY2122-T109749.99,DELTA,58,24,68,9,594,yes,41,1000
2025-05-21T18:02:54.056739,KXBTCD-25MAY2122-T109749.99,DELTA,58,24,68,9,595,no,30,-100
2025-05-21T18:02:54.117637,KXBTCD-25MAY2122-T109749.99,DELTA,58,24,68,9,596,no,30,-1000
2025-05-21T18:02:54.158541,KXBTCD-25MAY2122-T109749.99,DELTA,58,24,68,9,597,no,2,1000
2025-05-21T18:02:54.178139,KXBTCD-25MAY2122-T109749.99,DELTA,58,24,68,9,598,yes,45,9
2025-05-21T18:02:54.178959,KXBTCD-25MAY2122-T109749.99,DELTA,58,24,69,9,599,no,32,-9
2025-05-21T18:02:54.179211,KXBTCD-25MAY2122-T109749.99,DELTA,58,24,69,18,600,no,31,9
2025-05-21T18:02:54.376453,KXBTCD-25MAY2122-T109749.99,DELTA,58,24,69,18,601,yes,8,-8000
2025-05-21T18:02:54.456520,KXBTCD-25MAY2122-T109749.99,DELTA,58,24,69,18,602,yes,9,8000
2025-05-21T18:02:54.557124,KXBTCD-25MAY2122-T109749.99,DELTA,58,24,69,9,603,no,31,-9
2025-05-21T18:02:54.557904,KXBTCD-25MAY2122-T109749.99,DELTA,58,24,69,9,604,no,14,9
2025-05-21T18:02:54.838571,KXBTCD-25MAY2122-T109749.99,DELTA,64,100,69,9,605,yes,64,100
2025-05-21T18:02:54.897437,KXBTCD-25MAY2122-T109749.99,DELTA,64,100,69,9,606,yes,41,-1000
2025-05-21T18:02:54.957671,KXBTCD-25MAY2122-T109749.99,DELTA,65,1000,69,9,607,yes,65,1000
2025-05-21T18:02:54.977514,KXBTCD-25MAY2122-T109749.99,DELTA,65,1000,69,9,608,no,14,9
2025-05-21T18:02:54.978366,KXBTCD-25MAY2122-T109749.99,DELTA,65,1000,77,24,609,no,31,-9
2025-05-21T18:02:54.979107,KXBTCD-25MAY2122-T109749.99,DELTA,65,1000,77,24,610,no,14,9
2025-05-21T18:02:55.038083,KXBTCD-25MAY2122-T109749.99,DELTA,65,1000,77,24,611,no,2,-1000
2025-05-21T18:02:55.077648,KXBTCD-25MAY2122-T109749.99,DELTA,65,1000,77,24,612,no,15,1000
2025-05-21T18:02:55.697298,KXBTCD-25MAY2122-T109749.99,DELTA,65,1000,72,100,613,no,28,100
2025-05-21T18:02:55.757661,KXBTCD-25MAY2122-T109749.99,DELTA,65,1000,72,100,614,no,15,-1000
2025-05-21T18:02:55.816675,KXBTCD-25MAY2122-T109749.99,DELTA,65,1000,71,1000,615,no,29,1000
2025-05-21T18:02:55.856724,KXBTCD-25MAY2122-T109749.99,DELTA,65,1000,71,1000,616,no,14,-9
2025-05-21T18:02:55.856891,KXBTCD-25MAY2122-T109749.99,DELTA,65,1000,71,1000,617,no,16,9
2025-05-21T18:02:55.856988,KXBTCD-25MAY2122-T109749.99,DELTA,65,1000,71,1000,618,yes,45,-9
2025-05-21T18:02:55.877082,KXBTCD-25MAY2122-T109749.99,DELTA,65,1000,71,1000,619,no,14,-9
2025-05-21T18:02:55.877221,KXBTCD-25MAY2122-T109749.99,DELTA,65,1000,71,1009,620,no,29,9
2025-05-21T18:02:55.877312,KXBTCD-25MAY2122-T109749.99,DELTA,65,1000,71,1009,621,no,24,9
2025-05-21T18:02:55.877398,KXBTCD-25MAY2122-T109749.99,DELTA,65,1000,71,1009,622,no,14,-9
2025-05-21T18:02:55.877479,KXBTCD-25MAY2122-T109749.99,DELTA,65,1000,71,1018,623,no,29,9
2025-05-21T18:02:56.257596,KXBTCD-25MAY2122-T109749.99,DELTA,64,100,71,1018,624,yes,65,-1000
2025-05-21T18:02:56.317245,KXBTCD-25MAY2122-T109749.99,DELTA,64,100,71,1018,625,yes,41,1000
2025-05-21T18:02:56.377331,KXBTCD-25MAY2122-T109749.99,DELTA,64,100,71,1009,626,no,29,-9
2025-05-21T18:02:56.377996,KXBTCD-25MAY2122-T109749.99,DELTA,64,100,70,9,627,no,30,9
2025-05-21T18:02:56.578679,KXBTCD-25MAY2122-T109749.99,DELTA,64,100,70,9,628,yes,58,-24
2025-05-21T18:02:56.579233,KXBTCD-25MAY2122-T109749.99,DELTA,64,100,70,9,629,yes,56,24
2025-05-21T18:02:56.597493,KXBTCD-25MAY2122-T109749.99,DELTA,64,100,70,9,630,no,23,-24
2025-05-21T18:02:56.597825,KXBTCD-25MAY2122-T109749.99,DELTA,64,100,70,9,631,no,25,24
2025-05-21T18:02:56.717715,KXBTCD-25MAY2122-T109749.99,DELTA,64,100,70,9,632,no,16,-9
2025-05-21T18:02:56.718652,KXBTCD-25MAY2122-T109749.99,DELTA,64,100,70,9,633,no,29,-9
2025-05-21T18:02:56.719177,KXBTCD-25MAY2122-T109749.99,DELTA,64,100,70,18,634,no,30,9
2025-05-21T18:02:56.719617,KXBTCD-25MAY2122-T109749.99,DELTA,64,100,70,18,635,no,24,-9
2025-05-21T18:02:56.977966,KXBTCD-25MAY2122-T109749.99,DELTA,64,100,70,18,636,no,28,-100
2025-05-21T18:02:57.037722,KXBTCD-25MAY2122-T109749.99,DELTA,64,100,70,18,637,no,29,-1000
2025-05-21T18:02:57.097104,KXBTCD-25MAY2122-T109749.99,DELTA,64,100,70,18,638,no,2,1000
2025-05-21T18:02:57.198258,KXBTCD-25MAY2122-T109749.99,DELTA,64,100,70,18,639,yes,41,-1000
2025-05-21T18:02:57.236997,KXBTCD-25MAY2122-T109749.99,DELTA,56,24,70,18,640,yes,64,-100
2025-05-21T18:02:57.237305,KXBTCD-25MAY2122-T109749.99,DELTA,64,1000,70,18,641,yes,64,1000
2025-05-21T18:02:57.316855,KXBTCD-25MAY2122-T109749.99,DELTA,56,24,70,18,642,yes,64,-1000
2025-05-21T18:02:57.337988,KXBTCD-25MAY2122-T109749.99,DELTA,44,3000,70,18,643,yes,56,-24
2025-05-21T18:02:57.338971,KXBTCD-25MAY2122-T109749.99,DELTA,58,24,70,18,644,yes,58,24
2025-05-21T18:02:57.357559,KXBTCD-25MAY2122-T109749.99,DELTA,58,24,70,18,645,no,25,-24
2025-05-21T18:02:57.358491,KXBTCD-25MAY2122-T109749.99,DELTA,58,24,70,18,646,no,23,24
2025-05-21T18:02:57.377039,KXBTCD-25MAY2122-T109749.99,DELTA,65,9,70,18,647,yes,65,9
2025-05-21T18:02:57.378144,KXBTCD-25MAY2122-T109749.99,DELTA,65,9,70,9,648,no,30,-9
2025-05-21T18:02:57.378739,KXBTCD-25MAY2122-T109749.99,DELTA,65,9,70,9,649,no,14,9
2025-05-21T18:02:57.458233,KXBTCD-25MAY2122-T109749.99,DELTA,65,9,70,9,650,yes,41,1000
2025-05-21T18:02:58.236568,KXBTCD-25MAY2122-T109749.99,DELTA,65,9,70,9,651,no,28,100
2025-05-21T18:02:58.237220,KXBTCD-25MAY2122-T109749.99,DELTA,65,9,70,9,652,yes,64,100
2025-05-21T18:02:58.296608,KXBTCD-25MAY2122-T109749.99,DELTA,65,9,70,9,653,yes,41,-1000
2025-05-21T18:02:58.316445,KXBTCD-25MAY2122-T109749.99,DELTA,65,9,70,9,654,no,2,-1000
2025-05-21T18:02:58.376467,KXBTCD-25MAY2122-T109749.99,DELTA,65,9,72,100,655,no,30,-9
2025-05-21T18:02:58.377540,KXBTCD-25MAY2122-T109749.99,DELTA,65,9,71,9,656,no,29,9
2025-05-21T18:02:58.378122,KXBTCD-25MAY2122-T109749.99,DELTA,64,100,71,9,657,yes,65,-9
2025-05-21T18:02:58.378575,KXBTCD-25MAY2122-T109749.99,DELTA,64,100,71,9,658,no,24,9
2025-05-21T18:02:58.378947,KXBTCD-25MAY2122-T109749.99,DELTA,64,100,71,9,659,no,14,9
2025-05-21T18:02:58.379315,KXBTCD-25MAY2122-T109749.99,DELTA,64,100,71,9,660,no,14,-9
2025-05-21T18:02:58.379691,KXBTCD-25MAY2122-T109749.99,DELTA,64,100,71,18,661,no,29,9
2025-05-21T18:02:58.395912,KXBTCD-25MAY2122-T109749.99,DELTA,65,1000,71,18,662,yes,65,1000
2025-05-21T18:02:58.416270,KXBTCD-25MAY2122-T109749.99,DELTA,65,1000,71,18,663,no,28,1000
2025-05-21T18:02:59.056646,KXBTCD-25MAY2122-T109749.99,DELTA,65,1000,71,18,664,no,28,-1000
2025-05-21T18:02:59.098034,KXBTCD-25MAY2122-T109749.99,DELTA,65,1000,71,1018,665,no,29,1000
2025-05-21T18:02:59.099072,KXBTCD-25MAY2122-T109749.99,DELTA,65,1000,71,1018,666,yes,4,-8100
2025-05-21T18:02:59.099822,KXBTCD-25MAY2122-T109749.99,DELTA,65,1000,71,1018,667,yes,10,3240
2025-05-21T18:02:59.137257,KXBTCD-25MAY2122-T109749.99,DELTA,65,1000,71,1018,668,no,1,-32400
2025-05-21T18:02:59.158026,KXBTCD-25MAY2122-T109749.99,DELTA,65,1000,71,1018,669,yes,5,-20000
2025-05-21T18:02:59.196704,KXBTCD-25MAY2122-T109749.99,DELTA,65,1000,71,1018,670,yes,11,20000
2025-05-21T18:02:59.197043,KXBTCD-25MAY2122-T109749.99,DELTA,65,1000,71,1018,671,no,2,-20000
2025-05-21T18:02:59.215821,KXBTCD-25MAY2122-T109749.99,DELTA,65,1000,71,1018,672,no,2,-2000
2025-05-21T18:03:00.436243,KXBTCD-25MAY2122-T109749.99,DELTA,65,1000,71,1018,673,no,28,-100
2025-05-21T18:03:00.516471,KXBTCD-25MAY2122-T109749.99,DELTA,64,100,71,1018,674,yes,65,-1000
2025-05-21T18:03:00.517724,KXBTCD-25MAY2122-T109749.99,DELTA,64,100,71,18,675,no,29,-1000
2025-05-21T18:03:00.576652,KXBTCD-25MAY2122-T109749.99,DELTA,64,100,71,9,676,no,29,-9
2025-05-21T18:03:00.577480,KXBTCD-25MAY2122-T109749.99,DELTA,64,100,70,9,677,no,30,9
2025-05-21T18:03:00.578318,KXBTCD-25MAY2122-T109749.99,DELTA,64,100,70,9,678,no,29,-9
2025-05-21T18:03:00.578893,KXBTCD-25MAY2122-T109749.99,DELTA,64,100,70,18,679,no,30,9
2025-05-21T18:03:00.579368,KXBTCD-25MAY2122-T109749.99,DELTA,64,100,70,18,680,no,24,-9
2025-05-21T18:03:00.579942,KXBTCD-25MAY2122-T109749.99,DELTA,64,100,70,18,681,no,14,-9
2025-05-21T18:03:00.580363,KXBTCD-25MAY2122-T109749.99,DELTA,64,100,70,18,682,yes,41,1000
2025-05-21T18:03:00.816929,KXBTCD-25MAY2122-T109749.99,DELTA,64,100,70,18,683,yes,41,-1000
2025-05-21T18:03:00.876574,KXBTCD-25MAY2122-T109749.99,DELTA,64,1100,70,18,684,yes,64,1000
2025-05-21T18:03:00.996860,KXBTCD-25MAY2122-T109749.99,DELTA,65,9,70,18,685,yes,65,9
2025-05-21T18:03:01.016566,KXBTCD-25MAY2122-T109749.99,DELTA,65,9,70,9,686,no,30,-9
2025-05-21T18:03:01.017258,KXBTCD-25MAY2122-T109749.99,DELTA,65,9,70,9,687,no,14,9
2025-05-21T18:03:01.296472,KXBTCD-25MAY2122-T109749.99,DELTA,65,9,70,9,688,no,29,100
2025-05-21T18:03:01.395860,KXBTCD-25MAY2122-T109749.99,DELTA,65,9,70,1009,689,no,30,1000
2025-05-21T18:03:01.416561,KXBTCD-25MAY2122-T109749.99,DELTA,64,1100,70,1009,690,yes,65,-9
2025-05-21T18:03:01.436780,KXBTCD-25MAY2122-T109749.99,DELTA,64,1100,70,1009,691,no,14,9
2025-05-21T18:03:01.437590,KXBTCD-25MAY2122-T109749.99,DELTA,64,1100,70,1009,692,no,24,9
2025-05-21T18:03:01.556500,KXBTCD-25MAY2122-T109749.99,DELTA,64,100,70,1009,693,yes,64,-1000
2025-05-21T18:03:01.556941,KXBTCD-25MAY2122-T109749.99,DELTA,64,100,70,9,694,no,30,-1000
2025-05-21T18:03:01.576501,KXBTCD-25MAY2122-T109749.99,DELTA,64,100,70,9,695,yes,10,-3240
2025-05-21T18:03:01.576977,KXBTCD-25MAY2122-T109749.99,DELTA,64,100,70,9,696,yes,12,2700
2025-05-21T18:03:01.616438,KXBTCD-25MAY2122-T109749.99,DELTA,65,1000,70,9,697,yes,65,1000
2025-05-21T18:03:01.616643,KXBTCD-25MAY2122-T109749.99,DELTA,65,1000,70,1009,698,no,30,1000
2025-05-21T18:03:01.657582,KXBTCD-25MAY2122-T109749.99,DELTA,65,1000,70,1009,699,yes,11,-20000
2025-05-21T18:03:01.777792,KXBTCD-25MAY2122-T109749.99,DELTA,65,1000,70,9,700,no,30,-1000
2025-05-21T18:03:01.857504,KXBTCD-25MAY2122-T109749.99,DELTA,65,1000,70,9,701,no,29,1000
2025-05-21T18:03:01.898198,KXBTCD-25MAY2122-T109749.99,DELTA,65,1000,70,9,702,no,14,-9
2025-05-21T18:03:01.899124,KXBTCD-25MAY2122-T109749.99,DELTA,65,1000,70,18,703,no,30,9
2025-05-21T18:03:02.736940,KXBTCD-25MAY2122-T109749.99,DELTA,65,1000,70,18,704,yes,12,-2700
2025-05-21T18:03:02.737259,KXBTCD-25MAY2122-T109749.99,DELTA,65,1000,70,18,705,yes,10,3240
2025-05-21T18:03:02.857022,KXBTCD-25MAY2122-T109749.99,DELTA,65,1000,70,18,706,no,24,-9
2025-05-21T18:03:02.877094,KXBTCD-25MAY2122-T109749.99,DELTA,65,1000,70,18,707,yes,11,20000
2025-05-21T18:03:02.917147,KXBTCD-25MAY2122-T109749.99,DELTA,65,1000,70,18,708,no,14,-9
2025-05-21T18:03:03.057951,KXBTCD-25MAY2122-T109749.99,DELTA,65,1000,70,18,709,yes,56,24
2025-05-21T18:03:03.058239,KXBTCD-25MAY2122-T109749.99,DELTA,65,1000,70,18,710,yes,58,-24
2025-05-21T18:03:03.058423,KXBTCD-25MAY2122-T109749.99,DELTA,65,1000,70,18,711,no,23,-24
2025-05-21T18:03:03.058580,KXBTCD-25MAY2122-T109749.99,DELTA,65,1000,70,18,712,no,25,24
2025-05-21T18:03:03.077641,KXBTCD-25MAY2122-T109749.99,DELTA,64,100,70,18,713,yes,65,-1000
2025-05-21T18:03:03.077863,KXBTCD-25MAY2122-T109749.99,DELTA,64,100,70,18,714,no,29,-1000
2025-05-21T18:03:03.137828,KXBTCD-25MAY2122-T109749.99,DELTA,64,100,70,1018,715,no,30,1000
2025-05-21T18:03:03.138589,KXBTCD-25MAY2122-T109749.99,DELTA,64,100,70,1018,716,yes,41,1000
2025-05-21T18:03:03.256630,KXBTCD-25MAY2122-T109749.99,DELTA,64,100,70,1009,717,no,30,-9
2025-05-21T18:03:03.257376,KXBTCD-25MAY2122-T109749.99,DELTA,64,100,69,9,718,no,31,9
2025-05-21T18:03:03.717201,KXBTCD-25MAY2122-T109749.99,DELTA,64,100,69,9,719,yes,10,-3240
2025-05-21T18:03:03.718380,KXBTCD-25MAY2122-T109749.99,DELTA,64,100,69,9,720,yes,12,2700
2025-05-21T18:03:03.777546,KXBTCD-25MAY2122-T109749.99,DELTA,64,100,69,9,721,yes,11,-20000
2025-05-21T18:03:03.838029,KXBTCD-25MAY2122-T109749.99,DELTA,64,100,69,9,722,no,30,-9
2025-05-21T18:03:03.838769,KXBTCD-25MAY2122-T109749.99,DELTA,64,100,69,18,723,no,31,9
2025-05-21T18:03:04.217290,KXBTCD-25MAY2122-T109749.99,DELTA,64,100,69,18,724,yes,41,-1000
2025-05-21T18:03:04.256777,KXBTCD-25MAY2122-T109749.99,DELTA,64,1100,69,18,725,yes,64,1000
2025-05-21T18:03:04.656776,KXBTCD-25MAY2122-T109749.99,DELTA,64,100,69,18,726,yes,64,-1000
2025-05-21T18:03:04.718323,KXBTCD-25MAY2122-T109749.99,DELTA,64,100,69,18,727,yes,41,1000
2025-05-21T18:03:04.780166,KXBTCD-25MAY2122-T109749.99,DELTA,64,100,69,18,728,yes,12,-2700
2025-05-21T18:03:04.781917,KXBTCD-25MAY2122-T109749.99,DELTA,64,100,69,18,729,yes,10,3240
2025-05-21T18:03:04.857823,KXBTCD-25MAY2122-T109749.99,DELTA,64,100,69,18,730,yes,11,20000
2025-05-21T18:03:05.616866,KXBTCD-25MAY2122-T109749.99,DELTA,56,24,69,18,731,yes,64,-100
2025-05-21T18:03:05.738955,KXBTCD-25MAY2122-T109749.99,DELTA,44,3000,69,18,732,yes,56,-24
2025-05-21T18:03:05.739843,KXBTCD-25MAY2122-T109749.99,DELTA,45,9,69,18,733,yes,45,9
2025-05-21T18:03:05.740433,KXBTCD-25MAY2122-T109749.99,DELTA,55,24,69,18,734,yes,55,24
2025-05-21T18:03:05.757407,KXBTCD-25MAY2122-T109749.99,DELTA,55,24,69,18,735,no,27,24
2025-05-21T18:03:05.758327,KXBTCD-25MAY2122-T109749.99,DELTA,55,24,69,18,736,no,25,-24
2025-05-21T18:03:05.878205,KXBTCD-25MAY2122-T109749.99,DELTA,55,24,69,18,737,yes,10,-3240
2025-05-21T18:03:05.878399,KXBTCD-25MAY2122-T109749.99,DELTA,55,24,69,18,738,yes,12,2700
2025-05-21T18:03:05.896280,KXBTCD-25MAY2122-T109749.99,DELTA,55,24,69,18,739,no,29,-100
2025-05-21T18:03:05.956981,KXBTCD-25MAY2122-T109749.99,DELTA,55,24,69,18,740,yes,11,-20000
2025-05-21T18:03:05.977093,KXBTCD-25MAY2122-T109749.99,DELTA,55,24,69,18,741,no,30,-1000
2025-05-21T18:03:06.137626,KXBTCD-25MAY2122-T109749.99,DELTA,55,24,69,17,742,no,31,-1
2025-05-21T18:03:06.277343,KXBTCD-25MAY2122-T109749.99,DELTA,55,24,69,17,743,no,14,1
2025-05-21T18:03:06.297263,KXBTCD-25MAY2122-T109749.99,DELTA,55,24,69,9,744,no,31,-8
2025-05-21T18:03:06.298265,KXBTCD-25MAY2122-T109749.99,DELTA,55,24,69,9,745,no,14,8
2025-05-21T18:03:06.456139,KXBTCD-25MAY2122-T109749.99,DELTA,61,100,69,9,746,yes,61,100
2025-05-21T18:03:06.517037,KXBTCD-25MAY2122-T109749.99,DELTA,61,100,69,9,747,yes,41,-1000
2025-05-21T18:03:06.578462,KXBTCD-25MAY2122-T109749.99,DELTA,61,1100,69,9,748,yes,61,1000
2025-05-21T18:03:06.617031,KXBTCD-25MAY2122-T109749.99,DELTA,61,1100,69,9,749,no,14,9
2025-05-21T18:03:06.617723,KXBTCD-25MAY2122-T109749.99,DELTA,61,1100,73,24,750,no,31,-9
2025-05-21T18:03:06.618253,KXBTCD-25MAY2122-T109749.99,DELTA,61,1100,73,24,751,no,14,9
2025-05-21T18:03:06.636435,KXBTCD-25MAY2122-T109749.99,DELTA,61,100,73,24,752,yes,61,-1000
2025-05-21T18:03:06.676216,KXBTCD-25MAY2122-T109749.99,DELTA,61,100,73,24,753,no,15,1000
2025-05-21T18:03:06.696106,KXBTCD-25MAY2122-T109749.99,DELTA,62,1000,73,24,754,yes,62,1000
2025-05-21T18:03:07.177374,KXBTCD-25MAY2122-T109749.99,DELTA,62,1000,69,100,755,no,31,100
2025-05-21T18:03:07.257929,KXBTCD-25MAY2122-T109749.99,DELTA,62,1000,69,100,756,no,15,-1000
2025-05-21T18:03:07.297332,KXBTCD-25MAY2122-T109749.99,DELTA,62,1000,68,1000,757,no,32,1000
2025-05-21T18:03:07.336657,KXBTCD-25MAY2122-T109749.99,DELTA,62,1000,68,1000,758,no,14,-8
2025-05-21T18:03:07.337423,KXBTCD-25MAY2122-T109749.99,DELTA,62,1000,69,100,759,no,32,-1000
2025-05-21T18:03:07.358798,KXBTCD-25MAY2122-T109749.99,DELTA,62,1000,69,100,760,no,14,-1
2025-05-21T18:03:07.359318,KXBTCD-25MAY2122-T109749.99,DELTA,62,1000,69,100,761,yes,45,-9
2025-05-21T18:03:07.359758,KXBTCD-25MAY2122-T109749.99,DELTA,62,1000,68,8,762,no,32,8
2025-05-21T18:03:07.419838,KXBTCD-25MAY2122-T109749.99,DELTA,62,1000,68,8,763,yes,61,-100
2025-05-21T18:03:07.420624,KXBTCD-25MAY2122-T109749.99,DELTA,62,1000,68,8,764,no,31,1000
2025-05-21T18:03:07.436874,KXBTCD-25MAY2122-T109749.99,DELTA,62,1000,68,8,765,no,14,-9
2025-05-21T18:03:07.437541,KXBTCD-25MAY2122-T109749.99,DELTA,62,1000,68,17,766,no,32,9
2025-05-21T18:03:07.516603,KXBTCD-25MAY2122-T109749.99,DELTA,55,24,68,17,767,yes,62,-1000
2025-05-21T18:03:07.557483,KXBTCD-25MAY2122-T109749.99,DELTA,55,24,68,17,768,yes,41,1000
2025-05-21T18:03:07.557819,KXBTCD-25MAY2122-T109749.99,DELTA,55,24,68,17,769,no,14,-9
2025-05-21T18:03:07.918444,KXBTCD-25MAY2122-T109749.99,DELTA,55,24,68,17,770,no,31,-1000
2025-05-21T18:03:07.957328,KXBTCD-25MAY2122-T109749.99,DELTA,55,24,68,1017,771,no,32,1000
2025-05-21T18:03:08.038016,KXBTCD-25MAY2122-T109749.99,DELTA,55,24,68,1017,772,yes,45,9
2025-05-21T18:03:08.039073,KXBTCD-25MAY2122-T109749.99,DELTA,55,24,68,1018,773,no,32,1
2025-05-21T18:03:08.078184,KXBTCD-25MAY2122-T109749.99,DELTA,55,24,68,1018,774,no,31,-100
2025-05-21T18:03:08.137659,KXBTCD-25MAY2122-T109749.99,DELTA,55,24,68,18,775,no,32,-1000
2025-05-21T18:03:08.419621,KXBTCD-25MAY2122-T109749.99,DELTA,56,24,68,18,776,yes,56,24
2025-05-21T18:03:08.420523,KXBTCD-25MAY2122-T109749.99,DELTA,56,24,68,18,777,yes,55,-24
2025-05-21T18:03:08.442251,KXBTCD-25MAY2122-T109749.99,DELTA,56,24,68,18,778,no,27,-24
2025-05-21T18:03:08.442809,KXBTCD-25MAY2122-T109749.99,DELTA,56,24,68,18,779,no,25,24
2025-05-21T18:03:08.538412,KXBTCD-25MAY2122-T109749.99,DELTA,56,24,68,10,780,no,32,-8
2025-05-21T18:03:08.539408,KXBTCD-25MAY2122-T109749.99,DELTA,56,24,68,10,781,no,14,8
2025-05-21T18:03:08.540167,KXBTCD-25MAY2122-T109749.99,DELTA,56,24,68,1,782,no,32,-9
2025-05-21T18:03:08.540869,KXBTCD-25MAY2122-T109749.99,DELTA,56,24,68,1,783,no,14,9
2025-05-21T18:03:08.557306,KXBTCD-25MAY2122-T109749.99,DELTA,56,24,68,1,784,no,14,9
2025-05-21T18:03:08.558176,KXBTCD-25MAY2122-T109749.99,DELTA,56,24,75,24,785,no,32,-1
2025-05-21T18:03:08.559147,KXBTCD-25MAY2122-T109749.99,DELTA,56,24,75,24,786,no,14,1
2025-05-21T18:03:08.637145,KXBTCD-25MAY2122-T109749.99,DELTA,56,24,75,24,787,no,15,1000
2025-05-21T18:03:08.821348,KXBTCD-25MAY2122-T109749.99,DELTA,63,100,75,24,788,yes,63,100
2025-05-21T18:03:08.896242,KXBTCD-25MAY2122-T109749.99,DELTA,63,100,75,24,789,yes,41,-1000
2025-05-21T18:03:08.937286,KXBTCD-25MAY2122-T109749.99,DELTA,64,1000,75,24,790,yes,64,1000
2025-05-21T18:03:08.957394,KXBTCD-25MAY2122-T109749.99,DELTA,64,1000,75,24,791,no,14,-1
2025-05-21T18:03:08.957513,KXBTCD-25MAY2122-T109749.99,DELTA,64,1000,75,24,792,no,16,1
2025-05-21T18:03:08.957580,KXBTCD-25MAY2122-T109749.99,DELTA,64,1000,75,24,793,yes,45,-9
2025-05-21T18:03:08.957642,KXBTCD-25MAY2122-T109749.99,DELTA,64,1009,75,24,794,yes,64,9
2025-05-21T18:03:08.976737,KXBTCD-25MAY2122-T109749.99,DELTA,64,1009,75,24,795,no,14,-8
2025-05-21T18:03:08.976837,KXBTCD-25MAY2122-T109749.99,DELTA,64,1009,75,24,796,no,16,8
2025-05-21T18:03:09.019262,KXBTCD-25MAY2122-T109749.99,DELTA,64,1009,75,24,797,no,15,-1000
2025-05-21T18:03:09.437261,KXBTCD-25MAY2122-T109749.99,DELTA,64,1009,71,100,798,no,29,100
2025-05-21T18:03:09.517062,KXBTCD-25MAY2122-T109749.99,DELTA,64,1009,71,1100,799,no,29,1000
2025-05-21T18:03:09.557473,KXBTCD-25MAY2122-T109749.99,DELTA,64,1009,71,1100,800,no,16,-8
2025-05-21T18:03:09.576902,KXBTCD-25MAY2122-T109749.99,DELTA,64,1009,71,1100,801,no,14,-9
2025-05-21T18:03:09.577721,KXBTCD-25MAY2122-T109749.99,DELTA,64,1009,70,9,802,no,30,9
2025-05-21T18:03:09.578317,KXBTCD-25MAY2122-T109749.99,DELTA,64,1009,70,17,803,no,30,8
2025-05-21T18:03:09.578836,KXBTCD-25MAY2122-T109749.99,DELTA,64,1009,70,17,804,no,16,-1
2025-05-21T18:03:09.597089,KXBTCD-25MAY2122-T109749.99,DELTA,64,1000,70,17,805,yes,64,-9
2025-05-21T18:03:10.097021,KXBTCD-25MAY2122-T109749.99,DELTA,64,1000,70,17,806,yes,63,-100
2025-05-21T18:03:10.180259,KXBTCD-25MAY2122-T109749.99,DELTA,56,24,70,17,807,yes,64,-1000
2025-05-21T18:03:10.196682,KXBTCD-25MAY2122-T109749.99,DELTA,56,24,70,17,808,no,29,-1000
2025-05-21T18:03:10.236328,KXBTCD-25MAY2122-T109749.99,DELTA,56,24,70,17,809,yes,41,1000
2025-05-21T18:03:10.263233,KXBTCD-25MAY2122-T109749.99,DELTA,56,24,70,1017,810,no,30,1000
2025-05-21T18:03:10.676942,KXBTCD-25MAY2122-T109749.99,DELTA,56,24,70,17,811,no,30,-1000
2025-05-21T18:03:10.798054,KXBTCD-25MAY2122-T109749.99,DELTA,56,24,70,17,812,no,29,1000
2025-05-21T18:03:10.798813,KXBTCD-25MAY2122-T109749.99,DELTA,56,24,70,17,813,yes,45,9
2025-05-21T18:03:10.799027,KXBTCD-25MAY2122-T109749.99,DELTA,56,24,70,18,814,no,30,1
2025-05-21T18:03:10.856187,KXBTCD-25MAY2122-T109749.99,DELTA,56,24,70,18,815,no,29,-1000
2025-05-21T18:03:10.896480,KXBTCD-25MAY2122-T109749.99,DELTA,56,24,70,1018,816,no,30,1000
2025-05-21T18:03:11.077249,KXBTCD-25MAY2122-T109749.99,DELTA,56,24,70,1018,817,yes,12,-2700
2025-05-21T18:03:11.226974,KXBTCD-25MAY2122-T109749.99,DELTA,56,24,70,1009,818,no,30,-9
2025-05-21T18:03:11.227705,KXBTCD-25MAY2122-T109749.99,DELTA,56,24,69,9,819,no,31,9
2025-05-21T18:03:11.227976,KXBTCD-25MAY2122-T109749.99,DELTA,56,24,69,9,820,no,14,-9
2025-05-21T18:03:11.228166,KXBTCD-25MAY2122-T109749.99,DELTA,56,24,69,9,821,no,30,-1
2025-05-21T18:03:11.228320,KXBTCD-25MAY2122-T109749.99,DELTA,56,24,69,10,822,no,31,1
2025-05-21T18:03:11.237350,KXBTCD-25MAY2122-T109749.99,DELTA,56,24,69,10,823,no,30,-8
2025-05-21T18:03:11.237696,KXBTCD-25MAY2122-T109749.99,DELTA,56,24,69,18,824,no,31,8
2025-05-21T18:03:11.417676,KXBTCD-25MAY2122-T109749.99,DELTA,56,24,69,18,825,no,30,-1000
2025-05-21T18:03:11.456846,KXBTCD-25MAY2122-T109749.99,DELTA,56,24,69,18,826,no,29,1000
2025-05-21T18:03:11.617144,KXBTCD-25MAY2122-T109749.99,DELTA,64,100,69,18,827,yes,64,100
2025-05-21T18:03:11.677404,KXBTCD-25MAY2122-T109749.99,DELTA,64,100,69,18,828,yes,41,-1000
2025-05-21T18:03:11.759232,KXBTCD-25MAY2122-T109749.99,DELTA,65,1000,69,18,829,yes,65,1000
2025-05-21T18:03:12.017716,KXBTCD-25MAY2122-T109749.99,DELTA,65,1000,69,18,830,no,29,-1000
2025-05-21T18:03:12.258704,KXBTCD-25MAY2122-T109749.99,DELTA,65,1000,69,18,831,no,30,1000
2025-05-21T18:03:12.317694,KXBTCD-25MAY2122-T109749.99,DELTA,65,1000,69,18,832,no,30,-1000
2025-05-21T18:03:12.357455,KXBTCD-25MAY2122-T109749.99,DELTA,65,1000,69,18,833,no,29,1000
2025-05-21T18:03:12.458117,KXBTCD-25MAY2122-T109749.99,DELTA,65,1000,69,18,834,no,29,-1000
2025-05-21T18:03:12.999441,KXBTCD-25MAY2122-T109749.99,DELTA,65,1000,69,18,835,no,29,1000
2025-05-21T18:03:13.096742,KXBTCD-25MAY2122-T109749.99,DELTA,65,1000,69,18,836,no,29,-100
2025-05-21T18:03:13.117522,KXBTCD-25MAY2122-T109749.99,DELTA,65,1000,69,18,837,yes,64,-100
2025-05-21T18:03:13.196585,KXBTCD-25MAY2122-T109749.99,DELTA,56,24,69,18,838,yes,65,-1000
2025-05-21T18:03:13.197297,KXBTCD-25MAY2122-T109749.99,DELTA,56,24,69,18,839,no,29,-1000
2025-05-21T18:03:13.217333,KXBTCD-25MAY2122-T109749.99,DELTA,56,24,69,10,840,no,31,-8
2025-05-21T18:03:13.237105,KXBTCD-25MAY2122-T109749.99,DELTA,56,24,69,10,841,yes,45,-9
2025-05-21T18:03:13.237684,KXBTCD-25MAY2122-T109749.99,DELTA,56,24,69,10,842,yes,41,1000
2025-05-21T18:03:13.277657,KXBTCD-25MAY2122-T109749.99,DELTA,56,24,69,9,843,no,31,-1
2025-05-21T18:03:13.278365,KXBTCD-25MAY2122-T109749.99,DELTA,56,24,69,9,844,no,30,8
2025-05-21T18:03:13.377369,KXBTCD-25MAY2122-T109749.99,DELTA,56,24,69,9,845,no,14,1
2025-05-21T18:03:13.378346,KXBTCD-25MAY2122-T109749.99,DELTA,56,24,69,9,846,yes,45,9
2025-05-21T18:03:13.396856,KXBTCD-25MAY2122-T109749.99,DELTA,56,24,69,9,847,no,14,9
2025-05-21T18:03:13.416645,KXBTCD-25MAY2122-T109749.99,DELTA,56,24,70,8,848,no,31,-9
2025-05-21T18:03:13.417348,KXBTCD-25MAY2122-T109749.99,DELTA,56,24,70,8,849,no,14,9
2025-05-21T18:03:13.417913,KXBTCD-25MAY2122-T109749.99,DELTA,56,24,75,24,850,no,30,-8
2025-05-21T18:03:13.418386,KXBTCD-25MAY2122-T109749.99,DELTA,56,24,75,24,851,no,14,8
2025-05-21T18:03:13.477189,KXBTCD-25MAY2122-T109749.99,DELTA,56,24,75,24,852,no,15,1000
2025-05-21T18:03:13.518076,KXBTCD-25MAY2122-T109749.99,DELTA,56,24,75,24,853,no,14,-8
2025-05-21T18:03:13.518910,KXBTCD-25MAY2122-T109749.99,DELTA,56,24,74,8,854,no,26,8
2025-05-21T18:03:13.519507,KXBTCD-25MAY2122-T109749.99,DELTA,56,24,74,8,855,no,14,-9
2025-05-21T18:03:13.520031,KXBTCD-25MAY2122-T109749.99,DELTA,56,24,74,17,856,no,26,9
2025-05-21T18:03:13.536063,KXBTCD-25MAY2122-T109749.99,DELTA,56,24,74,17,857,no,14,-1
2025-05-21T18:03:13.536713,KXBTCD-25MAY2122-T109749.99,DELTA,56,24,74,18,858,no,26,1
2025-05-21T18:03:13.557123,KXBTCD-25MAY2122-T109749.99,DELTA,58,24,74,18,859,yes,58,24
2025-05-21T18:03:13.557987,KXBTCD-25MAY2122-T109749.99,DELTA,58,24,74,18,860,yes,56,-24
2025-05-21T18:03:13.577100,KXBTCD-25MAY2122-T109749.99,DELTA,58,24,74,18,861,no,23,24
2025-05-21T18:03:13.578024,KXBTCD-25MAY2122-T109749.99,DELTA,58,24,74,18,862,no,25,-24
2025-05-21T18:03:13.578857,KXBTCD-25MAY2122-T109749.99,DELTA,58,24,74,18,863,no,15,-1000
2025-05-21T18:03:13.637423,KXBTCD-25MAY2122-T109749.99,DELTA,58,24,74,18,864,yes,10,3240
2025-05-21T18:03:13.697360,KXBTCD-25MAY2122-T109749.99,DELTA,58,24,74,18,865,yes,11,20000
2025-05-21T18:03:13.797673,KXBTCD-25MAY2122-T109749.99,DELTA,58,24,74,18,866,yes,9,-8000
2025-05-21T18:03:13.856759,KXBTCD-25MAY2122-T109749.99,DELTA,58,24,74,18,867,yes,10,8000
2025-05-21T18:03:14.017715,KXBTCD-25MAY2122-T109749.99,DELTA,58,24,73,100,868,no,27,100
2025-05-21T18:03:14.018652,KXBTCD-25MAY2122-T109749.99,DELTA,65,100,73,100,869,yes,65,100
2025-05-21T18:03:14.096823,KXBTCD-25MAY2122-T109749.99,DELTA,65,100,73,100,870,yes,41,-1000
2025-05-21T18:03:14.097611,KXBTCD-25MAY2122-T109749.99,DELTA,65,100,73,1100,871,no,27,1000
2025-05-21T18:03:14.140076,KXBTCD-25MAY2122-T109749.99,DELTA,65,100,73,1100,872,yes,10,-8000
2025-05-21T18:03:14.157151,KXBTCD-25MAY2122-T109749.99,DELTA,66,1000,73,1100,873,yes,66,1000
2025-05-21T18:03:14.178415,KXBTCD-25MAY2122-T109749.99,DELTA,66,1000,73,1100,874,yes,10,8000
2025-05-21T18:03:14.276208,KXBTCD-25MAY2122-T109749.99,DELTA,66,1000,73,1100,875,yes,10,-8000
2025-05-21T18:03:14.336932,KXBTCD-25MAY2122-T109749.99,DELTA,66,1000,73,1100,876,yes,11,8000
2025-05-21T18:03:14.598488,KXBTCD-25MAY2122-T109749.99,DELTA,66,1000,73,1100,877,no,26,7
2025-05-21T18:03:14.798796,KXBTCD-25MAY2122-T109749.99,DELTA,66,1000,73,1100,878,no,14,-9
2025-05-21T18:03:14.799851,KXBTCD-25MAY2122-T109749.99,DELTA,66,1000,73,1100,879,no,26,-7
2025-05-21T18:03:14.917997,KXBTCD-25MAY2122-T109749.99,DELTA,66,1000,73,1100,880,no,26,-1
2025-05-21T18:03:14.919143,KXBTCD-25MAY2122-T109749.99,DELTA,66,1000,72,8,881,no,28,8
2025-05-21T18:03:14.997373,KXBTCD-25MAY2122-T109749.99,DELTA,66,1000,72,8,882,no,26,-9
2025-05-21T18:03:14.998478,KXBTCD-25MAY2122-T109749.99,DELTA,66,1000,72,17,883,no,28,9
2025-05-21T18:03:14.999232,KXBTCD-25MAY2122-T109749.99,DELTA,66,1000,72,17,884,yes,45,-9
2025-05-21T18:03:15.017562,KXBTCD-25MAY2122-T109749.99,DELTA,66,1000,72,17,885,no,26,-8
2025-05-21T18:03:15.018463,KXBTCD-25MAY2122-T109749.99,DELTA,66,1000,72,17,886,yes,10,-3240
2025-05-21T18:03:15.019201,KXBTCD-25MAY2122-T109749.99,DELTA,66,1000,72,17,887,yes,12,2700
2025-05-21T18:03:15.199452,KXBTCD-25MAY2122-T109749.99,DELTA,66,1000,72,17,888,yes,11,-20000
2025-05-21T18:03:15.201140,KXBTCD-25MAY2122-T109749.99,DELTA,66,1000,72,17,889,yes,65,-100
2025-05-21T18:03:15.297599,KXBTCD-25MAY2122-T109749.99,DELTA,66,1000,72,17,890,yes,58,-24
2025-05-21T18:03:15.298561,KXBTCD-25MAY2122-T109749.99,DELTA,66,1000,72,17,891,yes,60,24
2025-05-21T18:03:15.399405,KXBTCD-25MAY2122-T109749.99,DELTA,66,1000,72,17,892,no,27,-1000
2025-05-21T18:03:15.400293,KXBTCD-25MAY2122-T109749.99,DELTA,60,24,72,17,893,yes,66,-1000
2025-05-21T18:03:15.400870,KXBTCD-25MAY2122-T109749.99,DELTA,60,24,72,17,894,no,23,-24
2025-05-21T18:03:15.401357,KXBTCD-25MAY2122-T109749.99,DELTA,60,24,72,17,895,no,21,24
2025-05-21T18:03:15.417854,KXBTCD-25MAY2122-T109749.99,DELTA,60,24,72,17,896,yes,40,-200
2025-05-21T18:03:15.418447,KXBTCD-25MAY2122-T109749.99,DELTA,60,24,72,17,897,yes,50,200
2025-05-21T18:03:15.517878,KXBTCD-25MAY2122-T109749.99,DELTA,60,24,72,17,898,yes,41,1000
2025-05-21T18:03:15.697738,KXBTCD-25MAY2122-T109749.99,DELTA,60,24,72,17,899,yes,41,-1871
2025-05-21T18:03:15.716874,KXBTCD-25MAY2122-T109749.99,DELTA,60,24,72,18,900,no,28,1
2025-05-21T18:03:15.796164,KXBTCD-25MAY2122-T109749.99,DELTA,60,24,72,18,901,yes,51,9
2025-05-21T18:03:15.796376,KXBTCD-25MAY2122-T109749.99,DELTA,60,24,72,18,902,yes,41,-1000
2025-05-21T18:03:15.816461,KXBTCD-25MAY2122-T109749.99,DELTA,60,24,72,18,903,yes,11,-8000
2025-05-21T18:03:16.097033,KXBTCD-25MAY2122-T109749.99,DELTA,60,24,72,18,904,yes,51,2000
2025-05-21T18:03:16.097772,KXBTCD-25MAY2122-T109749.99,DELTA,60,24,72,18,905,yes,51,1000
2025-05-21T18:03:16.217336,KXBTCD-25MAY2122-T109749.99,DELTA,60,24,72,18,906,yes,12,8000
2025-05-21T18:03:16.218011,KXBTCD-25MAY2122-T109749.99,DELTA,60,24,72,18,907,no,13,-3000
2025-05-21T18:03:16.296393,KXBTCD-25MAY2122-T109749.99,DELTA,60,24,72,18,908,no,22,9
2025-05-21T18:03:16.297332,KXBTCD-25MAY2122-T109749.99,DELTA,60,24,72,18,909,no,14,9
2025-05-21T18:03:16.316052,KXBTCD-25MAY2122-T109749.99,DELTA,60,24,72,18,910,yes,51,-9
2025-05-21T18:03:16.316782,KXBTCD-25MAY2122-T109749.99,DELTA,60,24,72,18,911,yes,52,9
2025-05-21T18:03:16.399276,KXBTCD-25MAY2122-T109749.99,DELTA,60,24,72,18,912,no,6,3000
2025-05-21T18:03:16.399852,KXBTCD-25MAY2122-T109749.99,DELTA,61,24,72,18,913,yes,61,24
2025-05-21T18:03:16.400628,KXBTCD-25MAY2122-T109749.99,DELTA,61,24,72,18,914,yes,60,-24
2025-05-21T18:03:16.416297,KXBTCD-25MAY2122-T109749.99,DELTA,61,24,72,18,915,no,20,24
2025-05-21T18:03:16.417716,KXBTCD-25MAY2122-T109749.99,DELTA,61,24,72,18,916,no,21,-24
2025-05-21T18:03:16.503149,KXBTCD-25MAY2122-T109749.99,DELTA,61,24,72,18,917,yes,12,-8000
2025-05-21T18:03:16.597722,KXBTCD-25MAY2122-T109749.99,DELTA,61,24,72,18,918,no,27,-100
2025-05-21T18:03:16.618305,KXBTCD-25MAY2122-T109749.99,DELTA,61,24,72,18,919,yes,12,-2700
2025-05-21T18:03:16.619123,KXBTCD-25MAY2122-T109749.99,DELTA,61,24,72,18,920,yes,13,2492
2025-05-21T18:03:16.619768,KXBTCD-25MAY2122-T109749.99,DELTA,61,24,72,18,921,yes,13,8000
2025-05-21T18:03:17.498444,KXBTCD-25MAY2122-T109749.99,DELTA,67,100,72,18,922,yes,67,100
2025-05-21T18:03:17.617547,KXBTCD-25MAY2122-T109749.99,DELTA,67,100,72,18,923,yes,51,-1000
2025-05-21T18:03:17.819898,KXBTCD-25MAY2122-T109749.99,DELTA,67,100,72,18,924,no,14,-9
2025-05-21T18:03:17.820351,KXBTCD-25MAY2122-T109749.99,DELTA,67,100,72,18,925,no,7,8
2025-05-21T18:03:17.820627,KXBTCD-25MAY2122-T109749.99,DELTA,68,1000,72,18,926,yes,68,1000
2025-05-21T18:03:17.820895,KXBTCD-25MAY2122-T109749.99,DELTA,68,1000,72,18,927,no,22,-9
2025-05-21T18:03:17.821154,KXBTCD-25MAY2122-T109749.99,DELTA,68,1000,72,17,928,no,28,-1
2025-05-21T18:03:17.821410,KXBTCD-25MAY2122-T109749.99,DELTA,68,1000,72,17,929,yes,52,-9
2025-05-21T18:03:17.821669,KXBTCD-25MAY2122-T109749.99,DELTA,68,1000,72,9,930,no,28,-8
2025-05-21T18:03:17.821918,KXBTCD-25MAY2122-T109749.99,DELTA,68,1000,80,24,931,no,28,-9
2025-05-21T18:03:17.822146,KXBTCD-25MAY2122-T109749.99,DELTA,68,1000,80,24,932,no,7,9
2025-05-21T18:03:17.822373,KXBTCD-25MAY2122-T109749.99,DELTA,68,1000,80,24,933,no,7,9
2025-05-21T18:03:18.397555,KXBTCD-25MAY2122-T109749.99,DELTA,68,1000,80,24,934,yes,13,-2492
2025-05-21T18:03:18.398530,KXBTCD-25MAY2122-T109749.99,DELTA,68,1000,80,24,935,yes,14,2314
2025-05-21T18:03:18.916774,KXBTCD-25MAY2122-T109749.99,DELTA,68,1000,74,100,936,no,26,100
2025-05-21T18:03:19.077639,KXBTCD-25MAY2122-T109749.99,DELTA,68,1000,74,100,937,no,7,-8
2025-05-21T18:03:19.078619,KXBTCD-25MAY2122-T109749.99,DELTA,68,1000,73,8,938,no,27,8
2025-05-21T18:03:21.600432,KXBTCD-25MAY2122-T109749.99,DELTA,68,1000,73,8,939,yes,61,-24
2025-05-21T18:03:21.616734,KXBTCD-25MAY2122-T109749.99,DELTA,68,1000,73,8,940,yes,63,24
2025-05-21T18:03:21.617462,KXBTCD-25MAY2122-T109749.99,DELTA,68,1000,73,8,941,no,20,-24
2025-05-21T18:03:21.617989,KXBTCD-25MAY2122-T109749.99,DELTA,68,1000,73,8,942,no,18,24
2025-05-21T18:03:21.638963,KXBTCD-25MAY2122-T109749.99,DELTA,68,1000,73,8,943,yes,13,-8000
2025-05-21T18:03:21.718788,KXBTCD-25MAY2122-T109749.99,DELTA,68,1000,73,8,944,yes,16,8000
2025-05-21T18:03:21.736497,KXBTCD-25MAY2122-T109749.99,DELTA,68,1000,73,8,945,no,21,9
2025-05-21T18:03:21.737210,KXBTCD-25MAY2122-T109749.99,DELTA,68,1000,73,8,946,no,7,-9
2025-05-21T18:03:21.737709,KXBTCD-25MAY2122-T109749.99,DELTA,68,1000,73,17,947,no,27,9
2025-05-21T18:03:22.440113,KXBTCD-25MAY2122-T109749.99,DELTA,68,1000,73,17,948,yes,65,24
2025-05-21T18:03:22.440931,KXBTCD-25MAY2122-T109749.99,DELTA,68,1000,73,17,949,yes,44,-3000
2025-05-21T18:03:22.456891,KXBTCD-25MAY2122-T109749.99,DELTA,68,1000,73,17,950,yes,63,-24
2025-05-21T18:03:22.457650,KXBTCD-25MAY2122-T109749.99,DELTA,68,1000,73,17,951,yes,16,-8000
2025-05-21T18:03:22.458169,KXBTCD-25MAY2122-T109749.99,DELTA,68,1000,73,17,952,no,17,24
2025-05-21T18:03:22.459571,KXBTCD-25MAY2122-T109749.99,DELTA,68,1000,73,17,953,no,18,-24
2025-05-21T18:03:22.497112,KXBTCD-25MAY2122-T109749.99,DELTA,68,1000,73,17,954,yes,56,3000
2025-05-21T18:03:22.497695,KXBTCD-25MAY2122-T109749.99,DELTA,68,1000,73,17,955,yes,18,8000
2025-05-21T18:03:22.577573,KXBTCD-25MAY2122-T109749.99,DELTA,68,1000,73,17,956,yes,67,-100
2025-05-21T18:03:22.597105,KXBTCD-25MAY2122-T109749.99,DELTA,68,1000,73,17,957,no,26,-100
2025-05-21T18:03:22.616851,KXBTCD-25MAY2122-T109749.99,DELTA,68,1000,73,17,958,no,19,9
2025-05-21T18:03:22.637394,KXBTCD-25MAY2122-T109749.99,DELTA,65,24,73,17,959,yes,68,-1000
2025-05-21T18:03:22.676521,KXBTCD-25MAY2122-T109749.99,DELTA,65,24,73,17,960,yes,51,1000
2025-05-21T18:03:23.037477,KXBTCD-25MAY2122-T109749.99,DELTA,65,24,73,17,961,no,21,-9
2025-05-21T18:03:23.156144,KXBTCD-25MAY2122-T109749.99,DELTA,65,24,73,9,962,no,27,-8
2025-05-21T18:03:23.157256,KXBTCD-25MAY2122-T109749.99,DELTA,65,24,73,9,963,no,7,8
2025-05-21T18:03:24.137138,KXBTCD-25MAY2122-T109749.99,DELTA,69,100,73,9,964,yes,69,100
2025-05-21T18:03:24.137366,KXBTCD-25MAY2122-T109749.99,DELTA,69,100,73,9,965,no,23,100
2025-05-21T18:03:24.197601,KXBTCD-25MAY2122-T109749.99,DELTA,69,100,73,9,966,yes,51,-1000
2025-05-21T18:03:24.236931,KXBTCD-25MAY2122-T109749.99,DELTA,70,1000,73,9,967,yes,70,1000
2025-05-21T18:03:24.296096,KXBTCD-25MAY2122-T109749.99,DELTA,70,1000,73,9,968,no,18,9
2025-05-21T18:03:24.296324,KXBTCD-25MAY2122-T109749.99,DELTA,70,1000,77,100,969,no,27,-9
2025-05-21T18:03:24.296470,KXBTCD-25MAY2122-T109749.99,DELTA,70,1000,76,9,970,no,24,9
2025-05-21T18:03:24.296609,KXBTCD-25MAY2122-T109749.99,DELTA,70,1000,76,9,971,no,19,-9
2025-05-21T18:03:24.296743,KXBTCD-25MAY2122-T109749.99,DELTA,70,1000,76,9,972,no,7,-8
2025-05-21T18:03:24.296821,KXBTCD-25MAY2122-T109749.99,DELTA,70,1000,76,17,973,no,24,8
2025-05-21T18:03:24.638594,KXBTCD-25MAY2122-T109749.99,DELTA,70,1000,76,17,974,no,23,-100
2025-05-21T18:03:24.757498,KXBTCD-25MAY2122-T109749.99,DELTA,70,1000,76,9,975,no,24,-8
2025-05-21T18:03:24.758352,KXBTCD-25MAY2122-T109749.99,DELTA,70,1000,76,9,976,no,7,8
2025-05-21T18:03:25.338191,KXBTCD-25MAY2122-T109749.99,DELTA,70,1000,76,9,977,no,23,100
2025-05-21T18:03:25.456931,KXBTCD-25MAY2122-T109749.99,DELTA,70,1000,76,9,978,no,7,-8
2025-05-21T18:03:25.457623,KXBTCD-25MAY2122-T109749.99,DELTA,70,1000,76,17,979,no,24,8
2025-05-21T18:03:25.596459,KXBTCD-25MAY2122-T109749.99,DELTA,70,1000,76,17,980,no,23,-100
2025-05-21T18:03:26.377174,KXBTCD-25MAY2122-T109749.99,DELTA,70,1000,76,17,981,yes,14,-2314
2025-05-21T18:03:26.378212,KXBTCD-25MAY2122-T109749.99,DELTA,70,1000,76,17,982,yes,19,1705
2025-05-21T18:03:26.497063,KXBTCD-25MAY2122-T109749.99,DELTA,70,1000,76,8,983,no,24,-9
2025-05-21T18:03:26.497406,KXBTCD-25MAY2122-T109749.99,DELTA,70,1000,76,8,984,no,7,9
2025-05-21T18:03:26.537707,KXBTCD-25MAY2122-T109749.99,DELTA,70,1000,82,9,985,no,24,-8
2025-05-21T18:03:26.538080,KXBTCD-25MAY2122-T109749.99,DELTA,70,1000,82,9,986,no,7,8
2025-05-21T18:03:26.717698,KXBTCD-25MAY2122-T109749.99,DELTA,70,1000,76,100,987,no,24,100
2025-05-21T18:03:26.838093,KXBTCD-25MAY2122-T109749.99,DELTA,70,1000,76,100,988,no,18,-9
2025-05-21T18:03:26.937750,KXBTCD-25MAY2122-T109749.99,DELTA,70,1000,76,100,989,no,7,-8
2025-05-21T18:03:26.938402,KXBTCD-25MAY2122-T109749.99,DELTA,70,1000,75,8,990,no,25,8
2025-05-21T18:03:27.636991,KXBTCD-25MAY2122-T109749.99,DELTA,70,1000,75,8,991,yes,63,24
2025-05-21T18:03:27.637188,KXBTCD-25MAY2122-T109749.99,DELTA,70,1000,75,8,992,yes,65,-24
2025-05-21T18:03:27.637296,KXBTCD-25MAY2122-T109749.99,DELTA,70,1000,75,8,993,no,18,24
2025-05-21T18:03:27.637532,KXBTCD-25MAY2122-T109749.99,DELTA,70,1000,75,8,994,no,17,-24
2025-05-21T18:03:27.697329,KXBTCD-25MAY2122-T109749.99,DELTA,70,1000,75,8,995,no,24,1000
2025-05-21T18:03:27.756958,KXBTCD-25MAY2122-T109749.99,DELTA,70,1000,75,8,996,no,19,9
2025-05-21T18:03:27.757102,KXBTCD-25MAY2122-T109749.99,DELTA,70,1000,75,8,997,no,7,-9
2025-05-21T18:03:27.757210,KXBTCD-25MAY2122-T109749.99,DELTA,70,1000,75,17,998,no,25,9
2025-05-21T18:03:28.077643,KXBTCD-25MAY2122-T109749.99,DELTA,70,1000,75,17,999,no,24,-100
2025-05-21T18:03:28.078415,KXBTCD-25MAY2122-T109749.99,DELTA,70,1000,75,17,1000,yes,69,-100
2025-05-21T18:03:28.157800,KXBTCD-25MAY2122-T109749.99,DELTA,63,24,75,17,1001,yes,70,-1000
2025-05-21T18:03:28.158583,KXBTCD-25MAY2122-T109749.99,DELTA,63,24,75,17,1002,no,24,-1000
2025-05-21T18:03:28.218359,KXBTCD-25MAY2122-T109749.99,DELTA,63,24,75,17,1003,yes,51,1000
2025-05-21T18:03:28.977692,KXBTCD-25MAY2122-T109749.99,DELTA,67,100,75,17,1004,yes,67,100
2025-05-21T18:03:28.997467,KXBTCD-25MAY2122-T109749.99,DELTA,67,100,75,117,1005,no,25,100
2025-05-21T18:03:29.037588,KXBTCD-25MAY2122-T109749.99,DELTA,67,100,75,117,1006,yes,51,-1000
2025-05-21T18:03:29.057913,KXBTCD-25MAY2122-T109749.99,DELTA,67,100,75,1117,1007,no,25,1000
2025-05-21T18:03:29.077997,KXBTCD-25MAY2122-T109749.99,DELTA,68,1000,75,1117,1008,yes,68,1000
2025-05-21T18:03:29.117835,KXBTCD-25MAY2122-T109749.99,DELTA,68,1000,75,1108,1009,no,25,-9
2025-05-21T18:03:29.118422,KXBTCD-25MAY2122-T109749.99,DELTA,68,1000,75,1108,1010,no,7,9
2025-05-21T18:03:29.118872,KXBTCD-25MAY2122-T109749.99,DELTA,68,1000,75,1108,1011,no,19,-9
2025-05-21T18:03:29.119261,KXBTCD-25MAY2122-T109749.99,DELTA,68,1000,75,1100,1012,no,25,-8
2025-05-21T18:03:29.119596,KXBTCD-25MAY2122-T109749.99,DELTA,68,1000,75,1100,1013,no,7,8
2025-05-21T18:03:29.296435,KXBTCD-25MAY2122-T109749.99,DELTA,68,1000,75,1000,1014,no,25,-100
2025-05-21T18:03:29.397709,KXBTCD-25MAY2122-T109749.99,DELTA,68,1000,82,24,1015,no,25,-1000
2025-05-21T18:03:30.297641,KXBTCD-25MAY2122-T109749.99,DELTA,68,1000,74,100,1016,no,26,100
2025-05-21T18:03:30.458091,KXBTCD-25MAY2122-T109749.99,DELTA,68,1000,74,100,1017,no,19,9
2025-05-21T18:03:30.458874,KXBTCD-25MAY2122-T109749.99,DELTA,68,1000,74,100,1018,no,7,-8
2025-05-21T18:03:30.459358,KXBTCD-25MAY2122-T109749.99,DELTA,68,1000,73,8,1019,no,27,8
2025-05-21T18:03:30.459768,KXBTCD-25MAY2122-T109749.99,DELTA,68,1000,73,8,1020,no,7,-9
2025-05-21T18:03:30.460140,KXBTCD-25MAY2122-T109749.99,DELTA,68,1000,73,17,1021,no,27,9
2025-05-21T18:03:32.057177,KXBTCD-25MAY2122-T109749.99,DELTA,68,1000,73,17,1022,yes,63,-24
2025-05-21T18:03:32.058351,KXBTCD-25MAY2122-T109749.99,DELTA,68,1000,73,17,1023,yes,62,24
2025-05-21T18:03:32.077386,KXBTCD-25MAY2122-T109749.99,DELTA,68,1000,73,17,1024,no,20,24
2025-05-21T18:03:32.078187,KXBTCD-25MAY2122-T109749.99,DELTA,68,1000,73,17,1025,no,18,-24
2025-05-21T18:03:33.938423,KXBTCD-25MAY2122-T109749.99,DELTA,68,1000,73,17,1026,yes,56,-3000
2025-05-21T18:03:33.939175,KXBTCD-25MAY2122-T109749.99,DELTA,68,1000,73,17,1027,no,26,1000
2025-05-21T18:03:33.998320,KXBTCD-25MAY2122-T109749.99,DELTA,68,1000,73,17,1028,yes,49,3000
2025-05-21T18:03:34.078188,KXBTCD-25MAY2122-T109749.99,DELTA,68,1000,73,17,1029,no,19,-9
2025-05-21T18:03:34.237797,KXBTCD-25MAY2122-T109749.99,DELTA,68,1000,73,17,1030,no,26,-1000
2025-05-21T18:03:34.276695,KXBTCD-25MAY2122-T109749.99,DELTA,68,1000,73,17,1031,no,7,-9
2025-05-21T18:03:35.317452,KXBTCD-25MAY2122-T109749.99,DELTA,68,1000,73,17,1032,no,26,1000
2025-05-21T18:03:35.464869,KXBTCD-25MAY2122-T109749.99,DELTA,68,1000,73,17,1033,no,26,-1000
2025-05-21T18:03:35.800519,KXBTCD-25MAY2122-T109749.99,DELTA,68,1000,73,17,1034,yes,62,-24
2025-05-21T18:03:35.818002,KXBTCD-25MAY2122-T109749.99,DELTA,68,1000,73,17,1035,no,20,-24
2025-05-21T18:03:35.818366,KXBTCD-25MAY2122-T109749.99,DELTA,68,1000,73,17,1036,yes,63,24
2025-05-21T18:03:35.818740,KXBTCD-25MAY2122-T109749.99,DELTA,68,1000,73,17,1037,no,18,24
2025-05-21T18:03:36.377174,KXBTCD-25MAY2122-T109749.99,DELTA,68,1000,73,17,1038,no,26,-100
2025-05-21T18:03:36.497826,KXBTCD-25MAY2122-T109749.99,DELTA,68,1000,73,8,1039,no,27,-9
2025-05-21T18:03:36.498747,KXBTCD-25MAY2122-T109749.99,DELTA,68,1000,73,8,1040,no,7,9
2025-05-21T18:03:36.499299,KXBTCD-25MAY2122-T109749.99,DELTA,68,1000,73,8,1041,no,7,9
2025-05-21T18:03:36.499789,KXBTCD-25MAY2122-T109749.99,DELTA,68,1000,82,24,1042,no,27,-8
2025-05-21T18:03:36.500285,KXBTCD-25MAY2122-T109749.99,DELTA,68,1000,82,24,1043,no,7,8
2025-05-21T18:03:36.677284,KXBTCD-25MAY2122-T109749.99,DELTA,68,1000,82,24,1044,yes,67,-100
2025-05-21T18:03:36.756840,KXBTCD-25MAY2122-T109749.99,DELTA,63,24,82,24,1045,yes,68,-1000
2025-05-21T18:03:36.799623,KXBTCD-25MAY2122-T109749.99,DELTA,63,24,82,24,1046,yes,51,1000
2025-05-21T18:03:36.838490,KXBTCD-25MAY2122-T109749.99,DELTA,65,24,82,24,1047,yes,65,24
2025-05-21T18:03:36.839296,KXBTCD-25MAY2122-T109749.99,DELTA,65,24,82,24,1048,yes,63,-24
2025-05-21T18:03:36.840069,KXBTCD-25MAY2122-T109749.99,DELTA,65,24,82,24,1049,no,17,24
2025-05-21T18:03:36.840652,KXBTCD-25MAY2122-T109749.99,DELTA,65,24,83,24,1050,no,18,-24
2025-05-21T18:03:37.756913,KXBTCD-25MAY2122-T109749.99,DELTA,71,100,83,24,1051,yes,71,100
2025-05-21T18:03:37.757143,KXBTCD-25MAY2122-T109749.99,DELTA,71,100,79,100,1052,no,21,100
2025-05-21T18:03:37.836924,KXBTCD-25MAY2122-T109749.99,DELTA,71,100,79,100,1053,yes,51,-1000
2025-05-21T18:03:37.877259,KXBTCD-25MAY2122-T109749.99,DELTA,72,1000,79,100,1054,yes,72,1000
2025-05-21T18:03:37.877998,KXBTCD-25MAY2122-T109749.99,DELTA,72,1000,79,100,1055,no,7,-8
2025-05-21T18:03:37.878499,KXBTCD-25MAY2122-T109749.99,DELTA,72,1000,78,8,1056,no,22,8
2025-05-21T18:03:37.897165,KXBTCD-25MAY2122-T109749.99,DELTA,72,1000,78,8,1057,no,7,-9
2025-05-21T18:03:37.897789,KXBTCD-25MAY2122-T109749.99,DELTA,72,1000,78,17,1058,no,22,9
2025-05-21T18:03:38.677995,KXBTCD-25MAY2122-T109749.99,DELTA,72,1000,78,17,1059,yes,18,-8000
2025-05-21T18:03:38.718070,KXBTCD-25MAY2122-T109749.99,DELTA,72,1000,78,17,1060,yes,23,8000
2025-05-21T18:03:39.433137,KXBTCD-25MAY2122-T109749.99,DELTA,72,1000,78,17,1061,no,6,-3000
2025-05-21T18:03:39.437361,KXBTCD-25MAY2122-T109749.99,DELTA,72,1000,78,17,1062,no,2,3000
2025-05-21T18:03:39.457308,KXBTCD-25MAY2122-T109749.99,DELTA,72,1000,78,17,1063,no,21,-100
2025-05-21T18:03:39.558015,KXBTCD-25MAY2122-T109749.99,DELTA,72,1000,78,17,1064,no,4,9
2025-05-21T18:03:39.558888,KXBTCD-25MAY2122-T109749.99,DELTA,72,1000,78,17,1065,no,7,-9
2025-05-21T18:03:40.536849,KXBTCD-25MAY2122-T109749.99,DELTA,72,1000,78,17,1066,no,21,100
2025-05-21T18:03:41.337785,KXBTCD-25MAY2122-T109749.99,DELTA,72,1000,78,17,1067,no,21,-100
2025-05-21T18:03:41.458104,KXBTCD-25MAY2122-T109749.99,DELTA,72,1000,78,9,1068,no,22,-8
2025-05-21T18:03:41.459229,KXBTCD-25MAY2122-T109749.99,DELTA,72,1000,78,9,1069,no,4,8
2025-05-21T18:03:41.460047,KXBTCD-25MAY2122-T109749.99,DELTA,72,1000,83,24,1070,no,22,-9
2025-05-21T18:03:41.460793,KXBTCD-25MAY2122-T109749.99,DELTA,72,1000,83,24,1071,no,4,9
2025-05-21T18:03:41.702310,KXBTCD-25MAY2122-T109749.99,DELTA,72,1000,83,24,1072,yes,19,-1705
2025-05-21T18:03:41.702985,KXBTCD-25MAY2122-T109749.99,DELTA,72,1000,83,24,1073,yes,4,8100
2025-05-21T18:03:41.757437,KXBTCD-25MAY2122-T109749.99,DELTA,72,1000,83,24,1074,yes,5,20000
2025-05-21T18:03:42.814211,KXBTCD-25MAY2122-T109749.99,DELTA,72,1000,78,100,1075,no,22,100
2025-05-21T18:03:42.814771,KXBTCD-25MAY2122-T109749.99,DELTA,72,1000,78,100,1076,yes,71,-100
2025-05-21T18:03:42.815113,KXBTCD-25MAY2122-T109749.99,DELTA,72,1000,78,100,1077,no,18,9
2025-05-21T18:03:42.815391,KXBTCD-25MAY2122-T109749.99,DELTA,72,1000,78,100,1078,no,4,-9
2025-05-21T18:03:42.815644,KXBTCD-25MAY2122-T109749.99,DELTA,72,1000,77,9,1079,no,23,9
2025-05-21T18:03:42.815862,KXBTCD-25MAY2122-T109749.99,DELTA,72,1000,77,9,1080,no,4,-8
2025-05-21T18:03:42.816067,KXBTCD-25MAY2122-T109749.99,DELTA,72,1000,77,17,1081,no,23,8
2025-05-21T18:03:42.878355,KXBTCD-25MAY2122-T109749.99,DELTA,65,24,77,17,1082,yes,72,-1000
2025-05-21T18:03:42.918846,KXBTCD-25MAY2122-T109749.99,DELTA,65,24,77,17,1083,yes,51,1000
2025-05-21T18:03:43.437029,KXBTCD-25MAY2122-T109749.99,DELTA,65,24,77,17,1084,no,22,-100
2025-05-21T18:03:43.557593,KXBTCD-25MAY2122-T109749.99,DELTA,65,24,77,17,1085,no,18,-9
2025-05-21T18:03:43.558697,KXBTCD-25MAY2122-T109749.99,DELTA,65,24,77,9,1086,no,23,-8
2025-05-21T18:03:43.559468,KXBTCD-25MAY2122-T109749.99,DELTA,65,24,77,9,1087,no,4,8
2025-05-21T18:03:43.577118,KXBTCD-25MAY2122-T109749.99,DELTA,65,24,83,24,1088,no,23,-9
2025-05-21T18:03:43.577822,KXBTCD-25MAY2122-T109749.99,DELTA,65,24,83,24,1089,no,4,9
2025-05-21T18:03:43.757385,KXBTCD-25MAY2122-T109749.99,DELTA,69,100,83,24,1090,yes,69,100
2025-05-21T18:03:43.818095,KXBTCD-25MAY2122-T109749.99,DELTA,69,100,83,24,1091,yes,51,-1000
2025-05-21T18:03:43.857503,KXBTCD-25MAY2122-T109749.99,DELTA,70,1000,83,24,1092,yes,70,1000
2025-05-21T18:03:44.276357,KXBTCD-25MAY2122-T109749.99,DELTA,70,1000,83,24,1093,yes,4,-8100
2025-05-21T18:03:44.276629,KXBTCD-25MAY2122-T109749.99,DELTA,70,1000,83,24,1094,yes,6,5400
2025-05-21T18:03:44.336182,KXBTCD-25MAY2122-T109749.99,DELTA,70,1000,83,24,1095,yes,5,-20000
2025-05-21T18:03:44.377563,KXBTCD-25MAY2122-T109749.99,DELTA,70,1000,83,24,1096,yes,7,20000
2025-05-21T18:03:44.418053,KXBTCD-25MAY2122-T109749.99,DELTA,70,1000,77,100,1097,no,23,100
2025-05-21T18:03:45.065696,KXBTCD-25MAY2122-T109749.99,DELTA,70,1000,77,100,1098,yes,66,24
2025-05-21T18:03:45.066585,KXBTCD-25MAY2122-T109749.99,DELTA,70,1000,77,100,1099,yes,65,-24
2025-05-21T18:03:45.067215,KXBTCD-25MAY2122-T109749.99,DELTA,70,1000,77,100,1100,no,17,-24
2025-05-21T18:03:45.067671,KXBTCD-25MAY2122-T109749.99,DELTA,70,1000,77,100,1101,no,15,24
2025-05-21T18:03:45.080746,KXBTCD-25MAY2122-T109749.99,DELTA,69,100,77,100,1102,yes,70,-1000
2025-05-21T18:03:45.085337,KXBTCD-25MAY2122-T109749.99,DELTA,69,100,77,100,1103,yes,51,-2000
2025-05-21T18:03:45.086209,KXBTCD-25MAY2122-T109749.99,DELTA,69,100,77,100,1104,yes,7,-20000
2025-05-21T18:03:45.198302,KXBTCD-25MAY2122-T109749.99,DELTA,69,100,77,100,1105,no,4,-9
2025-05-21T18:03:45.199057,KXBTCD-25MAY2122-T109749.99,DELTA,69,100,76,9,1106,no,24,9
2025-05-21T18:03:45.217607,KXBTCD-25MAY2122-T109749.99,DELTA,69,100,76,9,1107,no,18,9
2025-05-21T18:03:45.218362,KXBTCD-25MAY2122-T109749.99,DELTA,69,100,76,9,1108,no,4,-8
2025-05-21T18:03:45.218833,KXBTCD-25MAY2122-T109749.99,DELTA,69,100,76,17,1109,no,24,8
