timestamp,market_ticker,type,yes_bid_price_cents,yes_bid_qty,yes_ask_price_cents,yes_ask_qty_on_no_side,sequence_num,delta_side,delta_price_cents,delta_quantity
2025-05-22T20:01:41.227566,KXBTCD-25MAY2300-T111499.99,SNAPSHOT,27,100,31,1014,1,,,
2025-05-22T20:01:41.572072,KXBTCD-25MAY2300-T111499.99,DELTA,23,9,31,1014,2,yes,27,-100
2025-05-22T20:01:41.972552,KXBTCD-25MAY2300-T111499.99,DELTA,23,9,31,1014,3,yes,9,-3600
2025-05-22T20:01:41.972858,KXBTCD-25MAY2300-T111499.99,DELTA,23,9,31,1014,4,yes,11,2945
2025-05-22T20:01:42.051658,KXBTCD-25MAY2300-T111499.99,DELTA,23,9,31,1014,5,yes,10,-20000
2025-05-22T20:01:42.051948,KXBTCD-25MAY2300-T111499.99,DELTA,23,9,31,1014,6,yes,10,-2000
2025-05-22T20:01:42.072927,KXBTCD-25MAY2300-T111499.99,DELTA,23,9,31,1014,7,yes,10,-1250
2025-05-22T20:01:42.092360,KXBTCD-25MAY2300-T111499.99,DELTA,22,1014,31,1014,8,yes,23,-9
2025-05-22T20:01:42.132195,KXBTCD-25MAY2300-T111499.99,DELTA,22,1014,31,1014,9,yes,12,1250
2025-05-22T20:01:42.132989,KXBTCD-25MAY2300-T111499.99,DELTA,22,1014,31,1014,10,yes,12,2000
2025-05-22T20:01:43.171969,KXBTCD-25MAY2300-T111499.99,DELTA,22,1014,31,1014,11,yes,11,-2945
2025-05-22T20:01:43.172676,KXBTCD-25MAY2300-T111499.99,DELTA,22,1014,31,1014,12,yes,7,4628
2025-05-22T20:01:43.292422,KXBTCD-25MAY2300-T111499.99,DELTA,22,1014,31,1014,13,yes,8,20000
2025-05-22T20:01:43.293137,KXBTCD-25MAY2300-T111499.99,DELTA,22,1014,31,1014,14,yes,12,-2000
2025-05-22T20:01:43.293700,KXBTCD-25MAY2300-T111499.99,DELTA,22,1014,31,1014,15,yes,12,-1250
2025-05-22T20:01:43.372521,KXBTCD-25MAY2300-T111499.99,DELTA,22,1014,31,1014,16,yes,8,2000
2025-05-22T20:01:43.373547,KXBTCD-25MAY2300-T111499.99,DELTA,22,1014,31,1014,17,yes,8,1250
2025-05-22T20:01:45.471725,KXBTCD-25MAY2300-T111499.99,DELTA,27,100,31,1014,18,yes,27,100
2025-05-22T20:01:45.492271,KXBTCD-25MAY2300-T111499.99,DELTA,27,100,31,1014,19,no,65,100
2025-05-22T20:01:45.591605,KXBTCD-25MAY2300-T111499.99,DELTA,27,100,31,1014,20,yes,23,9
2025-05-22T20:01:45.991867,KXBTCD-25MAY2300-T111499.99,DELTA,27,100,31,1014,21,yes,22,-14
2025-05-22T20:01:45.992316,KXBTCD-25MAY2300-T111499.99,DELTA,27,100,31,1000,22,no,69,-14
2025-05-22T20:01:46.013306,KXBTCD-25MAY2300-T111499.99,DELTA,27,100,31,1000,23,yes,24,14
2025-05-22T20:01:46.032122,KXBTCD-25MAY2300-T111499.99,DELTA,27,100,31,1000,24,no,67,14
2025-05-22T20:01:46.234181,KXBTCD-25MAY2300-T111499.99,DELTA,27,100,31,1000,25,yes,23,30
2025-05-22T20:01:46.234959,KXBTCD-25MAY2300-T111499.99,DELTA,27,100,31,1000,26,yes,21,-30
2025-05-22T20:01:46.236009,KXBTCD-25MAY2300-T111499.99,DELTA,27,100,31,1000,27,no,68,-30
2025-05-22T20:01:46.236943,KXBTCD-25MAY2300-T111499.99,DELTA,27,100,31,1000,28,no,66,30
2025-05-22T20:01:46.332580,KXBTCD-25MAY2300-T111499.99,DELTA,27,100,31,1000,29,yes,22,-1000
2025-05-22T20:01:46.332962,KXBTCD-25MAY2300-T111499.99,DELTA,27,100,33,14,30,no,69,-1000
2025-05-22T20:01:46.333406,KXBTCD-25MAY2300-T111499.99,DELTA,27,100,33,14,31,yes,23,-9
2025-05-22T20:01:46.432172,KXBTCD-25MAY2300-T111499.99,DELTA,27,100,33,14,32,yes,23,1000
2025-05-22T20:01:46.432395,KXBTCD-25MAY2300-T111499.99,DELTA,27,100,33,1014,33,no,67,1000
2025-05-22T20:01:47.271998,KXBTCD-25MAY2300-T111499.99,DELTA,27,100,33,1014,34,no,65,-100
2025-05-22T20:01:47.272755,KXBTCD-25MAY2300-T111499.99,DELTA,24,14,33,1014,35,yes,27,-100
2025-05-22T20:01:47.510926,KXBTCD-25MAY2300-T111499.99,DELTA,24,14,33,1014,36,yes,23,-1000
2025-05-22T20:01:47.604823,KXBTCD-25MAY2300-T111499.99,DELTA,24,14,33,1014,37,yes,8,1000
2025-05-22T20:01:50.360501,KXBTCD-25MAY2300-T111499.99,DELTA,24,14,33,1014,38,yes,7,-4628
2025-05-22T20:01:50.360740,KXBTCD-25MAY2300-T111499.99,DELTA,24,14,33,1014,39,yes,9,3600
2025-05-22T20:01:50.442435,KXBTCD-25MAY2300-T111499.99,DELTA,24,14,33,1014,40,yes,8,-20000
2025-05-22T20:01:50.469259,KXBTCD-25MAY2300-T111499.99,DELTA,24,14,33,1014,41,yes,8,-2000
2025-05-22T20:01:50.469473,KXBTCD-25MAY2300-T111499.99,DELTA,24,14,33,1014,42,yes,8,-1000
2025-05-22T20:01:50.496356,KXBTCD-25MAY2300-T111499.99,DELTA,24,14,33,1014,43,yes,10,9
2025-05-22T20:01:50.496504,KXBTCD-25MAY2300-T111499.99,DELTA,24,14,33,1014,44,yes,8,-1250
2025-05-22T20:01:50.539651,KXBTCD-25MAY2300-T111499.99,DELTA,24,14,33,1014,45,yes,10,1250
2025-05-22T20:01:50.539787,KXBTCD-25MAY2300-T111499.99,DELTA,24,14,33,1014,46,yes,10,2000
2025-05-22T20:01:50.564788,KXBTCD-25MAY2300-T111499.99,DELTA,24,14,33,1014,47,yes,10,20000
2025-05-22T20:01:50.564948,KXBTCD-25MAY2300-T111499.99,DELTA,24,14,33,1014,48,yes,10,1000
2025-05-22T20:01:53.072219,KXBTCD-25MAY2300-T111499.99,DELTA,24,14,33,1014,49,yes,9,-3600
2025-05-22T20:01:53.072432,KXBTCD-25MAY2300-T111499.99,DELTA,24,14,33,1014,50,yes,11,2945
2025-05-22T20:01:53.151360,KXBTCD-25MAY2300-T111499.99,DELTA,24,14,33,1014,51,yes,10,-20000
2025-05-22T20:01:53.172538,KXBTCD-25MAY2300-T111499.99,DELTA,24,14,33,1014,52,yes,10,-2000
2025-05-22T20:01:53.172864,KXBTCD-25MAY2300-T111499.99,DELTA,24,14,33,1014,53,yes,10,-1000
2025-05-22T20:01:53.192267,KXBTCD-25MAY2300-T111499.99,DELTA,24,14,33,1014,54,yes,10,-1250
2025-05-22T20:01:53.192539,KXBTCD-25MAY2300-T111499.99,DELTA,24,14,33,1014,55,yes,10,-9
2025-05-22T20:01:53.192656,KXBTCD-25MAY2300-T111499.99,DELTA,24,14,33,1014,56,yes,12,9
2025-05-22T20:01:53.251630,KXBTCD-25MAY2300-T111499.99,DELTA,24,14,33,1014,57,yes,12,1000
2025-05-22T20:01:53.251932,KXBTCD-25MAY2300-T111499.99,DELTA,24,14,33,1014,58,yes,12,2000
2025-05-22T20:01:53.312014,KXBTCD-25MAY2300-T111499.99,DELTA,24,14,33,1014,59,yes,12,1250
2025-05-22T20:01:53.480130,KXBTCD-25MAY2300-T111499.99,DELTA,27,100,33,1014,60,yes,27,100
2025-05-22T20:01:53.480460,KXBTCD-25MAY2300-T111499.99,DELTA,27,100,33,1014,61,no,65,100
2025-05-22T20:01:54.254034,KXBTCD-25MAY2300-T111499.99,DELTA,27,100,33,1014,62,no,65,-100
2025-05-22T20:01:54.271970,KXBTCD-25MAY2300-T111499.99,DELTA,24,14,33,1014,63,yes,27,-100
2025-05-22T20:01:54.310781,KXBTCD-25MAY2300-T111499.99,DELTA,24,14,33,1014,64,yes,11,-2945
2025-05-22T20:01:54.311101,KXBTCD-25MAY2300-T111499.99,DELTA,24,14,33,1014,65,yes,7,4628
2025-05-22T20:01:54.391849,KXBTCD-25MAY2300-T111499.99,DELTA,24,14,33,1014,66,yes,13,9
2025-05-22T20:01:54.392195,KXBTCD-25MAY2300-T111499.99,DELTA,24,14,33,1014,67,yes,12,-2000
2025-05-22T20:01:54.392669,KXBTCD-25MAY2300-T111499.99,DELTA,24,14,33,1014,68,yes,8,20000
2025-05-22T20:01:54.392763,KXBTCD-25MAY2300-T111499.99,DELTA,24,14,33,1014,69,yes,12,-9
2025-05-22T20:01:54.392845,KXBTCD-25MAY2300-T111499.99,DELTA,24,14,33,1014,70,yes,12,-1000
2025-05-22T20:01:54.411544,KXBTCD-25MAY2300-T111499.99,DELTA,24,14,33,1014,71,yes,12,-1250
2025-05-22T20:01:54.471626,KXBTCD-25MAY2300-T111499.99,DELTA,24,14,33,1014,72,yes,8,1000
2025-05-22T20:01:54.472056,KXBTCD-25MAY2300-T111499.99,DELTA,24,14,33,1014,73,yes,8,1250
2025-05-22T20:01:54.491456,KXBTCD-25MAY2300-T111499.99,DELTA,24,14,33,1014,74,yes,8,2000
2025-05-22T20:01:55.491322,KXBTCD-25MAY2300-T111499.99,DELTA,24,14,33,1014,75,yes,7,-4628
2025-05-22T20:01:55.491540,KXBTCD-25MAY2300-T111499.99,DELTA,24,14,33,1014,76,yes,9,3600
2025-05-22T20:01:55.572212,KXBTCD-25MAY2300-T111499.99,DELTA,24,14,33,1014,77,yes,8,-20000
2025-05-22T20:01:55.591485,KXBTCD-25MAY2300-T111499.99,DELTA,24,14,33,1014,78,yes,8,-2000
2025-05-22T20:01:55.591835,KXBTCD-25MAY2300-T111499.99,DELTA,24,14,33,1014,79,yes,8,-1000
2025-05-22T20:01:55.592001,KXBTCD-25MAY2300-T111499.99,DELTA,24,14,33,1014,80,yes,13,-9
2025-05-22T20:01:55.592146,KXBTCD-25MAY2300-T111499.99,DELTA,24,14,33,1014,81,yes,10,9
2025-05-22T20:01:55.611636,KXBTCD-25MAY2300-T111499.99,DELTA,24,14,33,1014,82,yes,8,-1250
2025-05-22T20:01:55.673153,KXBTCD-25MAY2300-T111499.99,DELTA,24,14,33,1014,83,yes,10,1250
2025-05-22T20:01:55.673541,KXBTCD-25MAY2300-T111499.99,DELTA,24,14,33,1014,84,yes,10,1000
2025-05-22T20:01:55.673926,KXBTCD-25MAY2300-T111499.99,DELTA,24,14,33,1014,85,yes,10,2000
2025-05-22T20:01:55.674037,KXBTCD-25MAY2300-T111499.99,DELTA,24,14,33,1014,86,yes,10,20000
2025-05-22T20:01:56.073676,KXBTCD-25MAY2300-T111499.99,DELTA,24,14,33,1014,87,yes,10,-1000
2025-05-22T20:01:56.132296,KXBTCD-25MAY2300-T111499.99,DELTA,24,14,33,1014,88,yes,23,1000
2025-05-22T20:01:56.331208,KXBTCD-25MAY2300-T111499.99,DELTA,24,44,33,1014,89,yes,24,30
2025-05-22T20:01:56.331491,KXBTCD-25MAY2300-T111499.99,DELTA,24,44,33,1014,90,yes,23,-30
2025-05-22T20:01:56.331846,KXBTCD-25MAY2300-T111499.99,DELTA,26,14,33,1014,91,yes,26,14
2025-05-22T20:01:56.351243,KXBTCD-25MAY2300-T111499.99,DELTA,26,14,33,1014,92,no,65,14
2025-05-22T20:01:56.351360,KXBTCD-25MAY2300-T111499.99,DELTA,26,14,33,1014,93,no,66,-30
2025-05-22T20:01:56.351425,KXBTCD-25MAY2300-T111499.99,DELTA,26,14,33,1014,94,no,65,30
2025-05-22T20:01:56.351496,KXBTCD-25MAY2300-T111499.99,DELTA,26,14,33,1014,95,yes,24,-14
2025-05-22T20:01:56.371087,KXBTCD-25MAY2300-T111499.99,DELTA,26,14,33,1000,96,no,67,-14
2025-05-22T20:01:56.451481,KXBTCD-25MAY2300-T111499.99,DELTA,26,14,35,44,97,no,67,-1000
2025-05-22T20:01:56.451655,KXBTCD-25MAY2300-T111499.99,DELTA,26,14,35,44,98,yes,23,-1000
2025-05-22T20:01:56.451937,KXBTCD-25MAY2300-T111499.99,DELTA,26,14,35,44,99,yes,10,-9
2025-05-22T20:01:56.531540,KXBTCD-25MAY2300-T111499.99,DELTA,26,14,35,44,100,yes,10,1000
2025-05-22T20:01:56.531760,KXBTCD-25MAY2300-T111499.99,DELTA,26,14,34,1000,101,no,66,1000
2025-05-22T20:01:56.617860,KXBTCD-25MAY2300-T111499.99,DELTA,26,14,34,1000,102,yes,9,-3600
2025-05-22T20:01:56.618101,KXBTCD-25MAY2300-T111499.99,DELTA,26,14,34,1000,103,yes,11,2945
2025-05-22T20:01:56.691038,KXBTCD-25MAY2300-T111499.99,DELTA,26,14,34,1000,104,yes,10,-20000
2025-05-22T20:01:56.711722,KXBTCD-25MAY2300-T111499.99,DELTA,26,14,34,1000,105,yes,10,-2000
2025-05-22T20:01:56.712223,KXBTCD-25MAY2300-T111499.99,DELTA,26,14,34,1000,106,yes,10,-1000
2025-05-22T20:01:56.731781,KXBTCD-25MAY2300-T111499.99,DELTA,26,14,34,1000,107,yes,10,-1250
2025-05-22T20:01:56.810395,KXBTCD-25MAY2300-T111499.99,DELTA,26,14,34,1000,108,yes,12,1000
2025-05-22T20:01:56.810612,KXBTCD-25MAY2300-T111499.99,DELTA,26,14,34,1000,109,yes,12,1250
2025-05-22T20:01:56.810927,KXBTCD-25MAY2300-T111499.99,DELTA,26,14,34,1000,110,yes,12,2000
2025-05-22T20:01:57.131806,KXBTCD-25MAY2300-T111499.99,DELTA,26,14,34,1000,111,yes,12,-1000
2025-05-22T20:01:57.212152,KXBTCD-25MAY2300-T111499.99,DELTA,26,14,34,1000,112,yes,25,1000
2025-05-22T20:01:57.252189,KXBTCD-25MAY2300-T111499.99,DELTA,26,14,34,1000,113,yes,13,9
2025-05-22T20:01:57.711064,KXBTCD-25MAY2300-T111499.99,DELTA,26,14,34,1000,114,yes,11,-2945
2025-05-22T20:01:57.711318,KXBTCD-25MAY2300-T111499.99,DELTA,26,14,34,1000,115,yes,7,4628
2025-05-22T20:01:57.792963,KXBTCD-25MAY2300-T111499.99,DELTA,26,14,34,1000,116,yes,12,-2000
2025-05-22T20:01:57.793177,KXBTCD-25MAY2300-T111499.99,DELTA,26,14,34,1000,117,yes,8,20000
2025-05-22T20:01:57.811151,KXBTCD-25MAY2300-T111499.99,DELTA,26,14,34,1000,118,yes,12,-1250
2025-05-22T20:01:57.872261,KXBTCD-25MAY2300-T111499.99,DELTA,26,14,34,1000,119,yes,8,2000
2025-05-22T20:01:57.891025,KXBTCD-25MAY2300-T111499.99,DELTA,26,14,34,1000,120,yes,8,1250
2025-05-22T20:01:57.991887,KXBTCD-25MAY2300-T111499.99,DELTA,26,14,34,1000,121,yes,13,-9
2025-05-22T20:02:01.151710,KXBTCD-25MAY2300-T111499.99,DELTA,26,14,34,1000,122,no,63,100
2025-05-22T20:02:01.152428,KXBTCD-25MAY2300-T111499.99,DELTA,29,100,34,1000,123,yes,29,100
2025-05-22T20:02:02.372841,KXBTCD-25MAY2300-T111499.99,DELTA,29,100,34,1000,124,yes,7,-4628
2025-05-22T20:02:02.373926,KXBTCD-25MAY2300-T111499.99,DELTA,29,100,34,1000,125,yes,9,3600
2025-05-22T20:02:02.452585,KXBTCD-25MAY2300-T111499.99,DELTA,29,100,34,1000,126,yes,8,-20000
2025-05-22T20:02:02.454324,KXBTCD-25MAY2300-T111499.99,DELTA,29,100,34,1000,127,yes,8,-2000
2025-05-22T20:02:02.472205,KXBTCD-25MAY2300-T111499.99,DELTA,29,100,34,1000,128,yes,8,-1250
2025-05-22T20:02:02.491991,KXBTCD-25MAY2300-T111499.99,DELTA,26,14,34,1000,129,yes,29,-100
2025-05-22T20:02:02.511488,KXBTCD-25MAY2300-T111499.99,DELTA,26,14,34,1000,130,no,63,-100
2025-05-22T20:02:02.532874,KXBTCD-25MAY2300-T111499.99,DELTA,26,14,34,1000,131,yes,10,1250
2025-05-22T20:02:02.533382,KXBTCD-25MAY2300-T111499.99,DELTA,26,14,34,1000,132,yes,10,20000
2025-05-22T20:02:02.552056,KXBTCD-25MAY2300-T111499.99,DELTA,26,14,34,1000,133,yes,10,2000
2025-05-22T20:02:04.071746,KXBTCD-25MAY2300-T111499.99,DELTA,27,30,34,1000,134,yes,27,30
2025-05-22T20:02:04.072781,KXBTCD-25MAY2300-T111499.99,DELTA,27,30,34,1000,135,yes,24,-30
2025-05-22T20:02:04.096303,KXBTCD-25MAY2300-T111499.99,DELTA,28,14,34,1000,136,yes,28,14
2025-05-22T20:02:04.096884,KXBTCD-25MAY2300-T111499.99,DELTA,28,14,34,1000,137,no,62,30
2025-05-22T20:02:04.097360,KXBTCD-25MAY2300-T111499.99,DELTA,28,14,34,1000,138,no,65,-30
2025-05-22T20:02:04.097845,KXBTCD-25MAY2300-T111499.99,DELTA,28,14,34,1000,139,yes,26,-14
2025-05-22T20:02:04.098317,KXBTCD-25MAY2300-T111499.99,DELTA,28,14,34,1000,140,no,63,14
2025-05-22T20:02:04.098738,KXBTCD-25MAY2300-T111499.99,DELTA,28,14,34,1000,141,no,65,-14
2025-05-22T20:02:04.151562,KXBTCD-25MAY2300-T111499.99,DELTA,28,14,34,1000,142,yes,25,-1000
2025-05-22T20:02:04.171575,KXBTCD-25MAY2300-T111499.99,DELTA,28,14,37,14,143,no,66,-1000
2025-05-22T20:02:04.231776,KXBTCD-25MAY2300-T111499.99,DELTA,28,14,37,14,144,yes,27,1000
2025-05-22T20:02:04.251059,KXBTCD-25MAY2300-T111499.99,DELTA,28,14,37,1014,145,no,63,1000
2025-05-22T20:02:05.071058,KXBTCD-25MAY2300-T111499.99,DELTA,28,14,37,1014,146,yes,10,-1250
2025-05-22T20:02:05.151700,KXBTCD-25MAY2300-T111499.99,DELTA,28,14,37,1014,147,yes,9,-3600
2025-05-22T20:02:05.151962,KXBTCD-25MAY2300-T111499.99,DELTA,28,14,37,1014,148,yes,10,3240
2025-05-22T20:02:05.171767,KXBTCD-25MAY2300-T111499.99,DELTA,28,14,37,1014,149,yes,27,-1000
2025-05-22T20:02:05.252691,KXBTCD-25MAY2300-T111499.99,DELTA,28,14,37,1014,150,yes,27,1000
2025-05-22T20:02:05.253592,KXBTCD-25MAY2300-T111499.99,DELTA,28,14,37,1014,151,yes,11,1250
2025-05-22T20:02:05.332087,KXBTCD-25MAY2300-T111499.99,DELTA,28,14,37,1014,152,yes,10,-20000
2025-05-22T20:02:05.332535,KXBTCD-25MAY2300-T111499.99,DELTA,28,14,37,1014,153,yes,10,-2000
2025-05-22T20:02:05.411378,KXBTCD-25MAY2300-T111499.99,DELTA,28,14,37,1014,154,yes,11,2000
2025-05-22T20:02:05.411644,KXBTCD-25MAY2300-T111499.99,DELTA,28,14,37,1014,155,yes,11,20000
2025-05-22T20:02:06.351667,KXBTCD-25MAY2300-T111499.99,DELTA,28,14,37,1014,156,yes,10,-3240
2025-05-22T20:02:06.352108,KXBTCD-25MAY2300-T111499.99,DELTA,28,14,37,1014,157,yes,7,4628
2025-05-22T20:02:06.433000,KXBTCD-25MAY2300-T111499.99,DELTA,28,14,37,1014,158,yes,11,-20000
2025-05-22T20:02:06.451769,KXBTCD-25MAY2300-T111499.99,DELTA,28,14,37,1014,159,yes,11,-2000
2025-05-22T20:02:06.451971,KXBTCD-25MAY2300-T111499.99,DELTA,28,14,37,1014,160,yes,11,-1250
2025-05-22T20:02:06.533336,KXBTCD-25MAY2300-T111499.99,DELTA,28,14,37,1014,161,yes,8,2000
2025-05-22T20:02:06.533929,KXBTCD-25MAY2300-T111499.99,DELTA,28,14,37,1014,162,yes,8,20000
2025-05-22T20:02:06.811884,KXBTCD-25MAY2300-T111499.99,DELTA,30,100,37,1014,163,yes,30,100
2025-05-22T20:02:06.812693,KXBTCD-25MAY2300-T111499.99,DELTA,30,100,37,1014,164,no,62,100
2025-05-22T20:02:07.591946,KXBTCD-25MAY2300-T111499.99,DELTA,30,100,37,1014,165,yes,7,-4628
2025-05-22T20:02:07.592405,KXBTCD-25MAY2300-T111499.99,DELTA,30,100,37,1014,166,yes,9,3600
2025-05-22T20:02:07.670865,KXBTCD-25MAY2300-T111499.99,DELTA,30,100,37,1014,167,yes,10,1250
2025-05-22T20:02:07.671243,KXBTCD-25MAY2300-T111499.99,DELTA,30,100,37,1014,168,yes,8,-20000
2025-05-22T20:02:07.671420,KXBTCD-25MAY2300-T111499.99,DELTA,30,100,37,1014,169,yes,8,-2000
2025-05-22T20:02:07.753015,KXBTCD-25MAY2300-T111499.99,DELTA,30,100,37,1014,170,yes,10,20000
2025-05-22T20:02:07.753725,KXBTCD-25MAY2300-T111499.99,DELTA,30,100,37,1014,171,yes,10,2000
2025-05-22T20:02:07.792456,KXBTCD-25MAY2300-T111499.99,DELTA,30,100,37,1014,172,no,62,-100
2025-05-22T20:02:07.793250,KXBTCD-25MAY2300-T111499.99,DELTA,28,14,37,1014,173,yes,30,-100
2025-05-22T20:02:08.772281,KXBTCD-25MAY2300-T111499.99,DELTA,28,14,37,1014,174,yes,9,-3600
2025-05-22T20:02:08.772993,KXBTCD-25MAY2300-T111499.99,DELTA,28,14,37,1014,175,yes,7,4628
2025-05-22T20:02:08.851374,KXBTCD-25MAY2300-T111499.99,DELTA,28,14,37,1014,176,yes,10,-20000
2025-05-22T20:02:08.851857,KXBTCD-25MAY2300-T111499.99,DELTA,28,14,37,1014,177,yes,10,-2000
2025-05-22T20:02:08.872311,KXBTCD-25MAY2300-T111499.99,DELTA,28,14,37,1014,178,yes,10,-1250
2025-05-22T20:02:08.952228,KXBTCD-25MAY2300-T111499.99,DELTA,28,14,37,1014,179,yes,8,20000
2025-05-22T20:02:08.953053,KXBTCD-25MAY2300-T111499.99,DELTA,28,14,37,1014,180,yes,8,2000
2025-05-22T20:02:09.952519,KXBTCD-25MAY2300-T111499.99,DELTA,28,14,37,1014,181,yes,7,-4628
2025-05-22T20:02:09.952857,KXBTCD-25MAY2300-T111499.99,DELTA,28,14,37,1014,182,yes,9,3600
2025-05-22T20:02:10.032245,KXBTCD-25MAY2300-T111499.99,DELTA,28,14,37,1014,183,yes,8,-20000
2025-05-22T20:02:10.032534,KXBTCD-25MAY2300-T111499.99,DELTA,28,14,37,1014,184,yes,10,1250
2025-05-22T20:02:10.054128,KXBTCD-25MAY2300-T111499.99,DELTA,28,14,37,1014,185,yes,8,-2000
2025-05-22T20:02:10.111920,KXBTCD-25MAY2300-T111499.99,DELTA,28,14,37,1014,186,yes,10,2000
2025-05-22T20:02:10.132260,KXBTCD-25MAY2300-T111499.99,DELTA,28,14,37,1014,187,yes,10,20000
2025-05-22T20:02:12.558067,KXBTCD-25MAY2300-T111499.99,DELTA,30,100,37,1014,188,yes,30,100
2025-05-22T20:02:12.558707,KXBTCD-25MAY2300-T111499.99,DELTA,30,100,37,1014,189,no,62,100
2025-05-22T20:02:12.732278,KXBTCD-25MAY2300-T111499.99,DELTA,30,100,37,1014,190,no,62,-100
2025-05-22T20:02:12.732723,KXBTCD-25MAY2300-T111499.99,DELTA,28,14,37,1014,191,yes,30,-100
2025-05-22T20:02:14.332262,KXBTCD-25MAY2300-T111499.99,DELTA,28,14,37,1014,192,yes,9,-3600
2025-05-22T20:02:14.332451,KXBTCD-25MAY2300-T111499.99,DELTA,28,14,37,1014,193,yes,7,4628
2025-05-22T20:02:14.412491,KXBTCD-25MAY2300-T111499.99,DELTA,28,14,37,1014,194,yes,10,-20000
2025-05-22T20:02:14.413207,KXBTCD-25MAY2300-T111499.99,DELTA,28,14,37,1014,195,yes,10,-2000
2025-05-22T20:02:14.432219,KXBTCD-25MAY2300-T111499.99,DELTA,28,14,37,1014,196,yes,10,-1250
2025-05-22T20:02:14.492410,KXBTCD-25MAY2300-T111499.99,DELTA,28,14,37,1014,197,yes,8,2000
2025-05-22T20:02:14.512011,KXBTCD-25MAY2300-T111499.99,DELTA,28,14,37,1014,198,yes,8,20000
2025-05-22T20:02:15.571343,KXBTCD-25MAY2300-T111499.99,DELTA,28,14,37,1014,199,yes,27,-1000
2025-05-22T20:02:15.652270,KXBTCD-25MAY2300-T111499.99,DELTA,28,1014,37,1014,200,yes,28,1000
2025-05-22T20:02:15.694556,KXBTCD-25MAY2300-T111499.99,DELTA,28,1014,37,1014,201,yes,9,9
2025-05-22T20:02:16.073231,KXBTCD-25MAY2300-T111499.99,DELTA,28,1014,37,1014,202,yes,10,200
2025-05-22T20:02:16.112356,KXBTCD-25MAY2300-T111499.99,DELTA,28,1014,37,1014,203,no,40,-200
2025-05-22T20:02:16.113345,KXBTCD-25MAY2300-T111499.99,DELTA,28,1014,37,1014,204,no,30,200
2025-05-22T20:02:16.153854,KXBTCD-25MAY2300-T111499.99,DELTA,28,1014,37,1014,205,yes,8,-2000
2025-05-22T20:02:16.193454,KXBTCD-25MAY2300-T111499.99,DELTA,28,1014,37,1014,206,no,41,-2000
2025-05-22T20:02:16.212945,KXBTCD-25MAY2300-T111499.99,DELTA,28,1014,37,1014,207,yes,11,2000
2025-05-22T20:02:16.272011,KXBTCD-25MAY2300-T111499.99,DELTA,28,1014,37,1014,208,no,31,2000
2025-05-22T20:02:16.691832,KXBTCD-25MAY2300-T111499.99,DELTA,29,14,37,1014,209,yes,29,14
2025-05-22T20:02:16.692145,KXBTCD-25MAY2300-T111499.99,DELTA,29,14,37,1014,210,yes,27,-30
2025-05-22T20:02:16.692314,KXBTCD-25MAY2300-T111499.99,DELTA,29,14,37,1014,211,no,62,14
2025-05-22T20:02:16.692452,KXBTCD-25MAY2300-T111499.99,DELTA,29,14,37,1014,212,yes,28,-14
2025-05-22T20:02:16.711534,KXBTCD-25MAY2300-T111499.99,DELTA,29,14,37,1000,213,no,63,-14
2025-05-22T20:02:16.711764,KXBTCD-25MAY2300-T111499.99,DELTA,29,14,37,1000,214,no,62,-30
2025-05-22T20:02:16.711868,KXBTCD-25MAY2300-T111499.99,DELTA,29,14,37,1000,215,yes,28,30
2025-05-22T20:02:16.731850,KXBTCD-25MAY2300-T111499.99,DELTA,29,14,37,1000,216,no,61,30
2025-05-22T20:02:16.792399,KXBTCD-25MAY2300-T111499.99,DELTA,29,14,37,1000,217,yes,28,-1000
2025-05-22T20:02:16.813600,KXBTCD-25MAY2300-T111499.99,DELTA,29,14,38,14,218,no,63,-1000
2025-05-22T20:02:16.814302,KXBTCD-25MAY2300-T111499.99,DELTA,29,14,38,14,219,yes,9,-9
2025-05-22T20:02:16.873378,KXBTCD-25MAY2300-T111499.99,DELTA,29,1014,38,14,220,yes,29,1000
2025-05-22T20:02:16.892498,KXBTCD-25MAY2300-T111499.99,DELTA,29,1014,38,1014,221,no,62,1000
2025-05-22T20:02:17.012727,KXBTCD-25MAY2300-T111499.99,DELTA,29,1014,38,1014,222,yes,7,-4628
2025-05-22T20:02:17.013470,KXBTCD-25MAY2300-T111499.99,DELTA,29,1014,38,1014,223,yes,10,3240
2025-05-22T20:02:17.091851,KXBTCD-25MAY2300-T111499.99,DELTA,29,1014,38,1014,224,yes,8,-20000
2025-05-22T20:02:17.173306,KXBTCD-25MAY2300-T111499.99,DELTA,29,1014,38,1014,225,yes,11,20000
2025-05-22T20:02:18.332262,KXBTCD-25MAY2300-T111499.99,DELTA,29,1014,38,1014,226,yes,10,-3240
2025-05-22T20:02:18.332650,KXBTCD-25MAY2300-T111499.99,DELTA,29,1014,38,1014,227,yes,7,4628
2025-05-22T20:02:18.412572,KXBTCD-25MAY2300-T111499.99,DELTA,29,1014,38,1014,228,yes,11,-20000
2025-05-22T20:02:18.512367,KXBTCD-25MAY2300-T111499.99,DELTA,29,1014,38,1014,229,yes,8,20000
2025-05-22T20:02:19.352013,KXBTCD-25MAY2300-T111499.99,DELTA,31,100,38,1014,230,yes,31,100
2025-05-22T20:02:19.370970,KXBTCD-25MAY2300-T111499.99,DELTA,31,100,38,1014,231,no,61,100
2025-05-22T20:02:19.512589,KXBTCD-25MAY2300-T111499.99,DELTA,31,100,38,1014,232,yes,7,-4628
2025-05-22T20:02:19.513633,KXBTCD-25MAY2300-T111499.99,DELTA,31,100,38,1014,233,yes,9,3600
2025-05-22T20:02:19.591863,KXBTCD-25MAY2300-T111499.99,DELTA,31,100,38,1014,234,yes,8,-20000
2025-05-22T20:02:19.672196,KXBTCD-25MAY2300-T111499.99,DELTA,31,100,38,1014,235,yes,10,20000
2025-05-22T20:02:20.711756,KXBTCD-25MAY2300-T111499.99,DELTA,31,100,38,1014,236,yes,9,-3600
2025-05-22T20:02:20.711946,KXBTCD-25MAY2300-T111499.99,DELTA,31,100,38,1014,237,yes,7,4628
2025-05-22T20:02:20.791755,KXBTCD-25MAY2300-T111499.99,DELTA,31,100,38,1014,238,yes,10,-20000
2025-05-22T20:02:20.871799,KXBTCD-25MAY2300-T111499.99,DELTA,31,100,38,1014,239,yes,8,20000
2025-05-22T20:02:21.072635,KXBTCD-25MAY2300-T111499.99,DELTA,31,100,38,1014,240,no,61,-100
2025-05-22T20:02:21.072985,KXBTCD-25MAY2300-T111499.99,DELTA,29,1014,38,1014,241,yes,31,-100
2025-05-22T20:02:21.913365,KXBTCD-25MAY2300-T111499.99,DELTA,29,1014,38,1014,242,yes,7,-4628
2025-05-22T20:02:21.914165,KXBTCD-25MAY2300-T111499.99,DELTA,29,1014,38,1014,243,yes,9,3600
2025-05-22T20:02:22.011388,KXBTCD-25MAY2300-T111499.99,DELTA,29,1014,38,1014,244,yes,8,-20000
2025-05-22T20:02:22.073065,KXBTCD-25MAY2300-T111499.99,DELTA,29,1014,38,1014,245,yes,10,20000
2025-05-22T20:02:24.331480,KXBTCD-25MAY2300-T111499.99,DELTA,29,1014,38,1014,246,no,61,100
2025-05-22T20:02:24.351774,KXBTCD-25MAY2300-T111499.99,DELTA,31,100,38,1014,247,yes,31,100
2025-05-22T20:02:24.852681,KXBTCD-25MAY2300-T111499.99,DELTA,31,100,38,1014,248,yes,29,-1000
2025-05-22T20:02:24.932928,KXBTCD-25MAY2300-T111499.99,DELTA,31,100,38,1014,249,yes,28,1000
2025-05-22T20:02:25.153705,KXBTCD-25MAY2300-T111499.99,DELTA,31,100,38,1014,250,yes,28,-1000
2025-05-22T20:02:25.233299,KXBTCD-25MAY2300-T111499.99,DELTA,31,100,38,1014,251,yes,29,1000
2025-05-22T20:02:25.332230,KXBTCD-25MAY2300-T111499.99,DELTA,31,100,38,1014,252,yes,12,9
2025-05-22T20:02:25.491700,KXBTCD-25MAY2300-T111499.99,DELTA,29,1014,38,1014,253,yes,31,-100
2025-05-22T20:02:25.512092,KXBTCD-25MAY2300-T111499.99,DELTA,29,1014,38,1014,254,no,61,-100
2025-05-22T20:02:26.392570,KXBTCD-25MAY2300-T111499.99,DELTA,29,1014,38,1014,255,yes,9,-3600
2025-05-22T20:02:26.393584,KXBTCD-25MAY2300-T111499.99,DELTA,29,1014,38,1014,256,yes,7,4628
2025-05-22T20:02:26.472475,KXBTCD-25MAY2300-T111499.99,DELTA,29,1014,38,1014,257,yes,10,-20000
2025-05-22T20:02:26.512752,KXBTCD-25MAY2300-T111499.99,DELTA,29,1014,38,1014,258,yes,12,-9
2025-05-22T20:02:26.554183,KXBTCD-25MAY2300-T111499.99,DELTA,29,1014,38,1014,259,yes,8,20000
2025-05-22T20:02:27.493050,KXBTCD-25MAY2300-T111499.99,DELTA,32,100,38,1014,260,yes,32,100
2025-05-22T20:02:28.433620,KXBTCD-25MAY2300-T111499.99,DELTA,29,1014,38,1014,261,yes,32,-100
2025-05-22T20:02:29.231958,KXBTCD-25MAY2300-T111499.99,DELTA,29,1014,38,1014,262,yes,7,-4628
2025-05-22T20:02:29.232546,KXBTCD-25MAY2300-T111499.99,DELTA,29,1014,38,1014,263,yes,9,3600
2025-05-22T20:02:29.272230,KXBTCD-25MAY2300-T111499.99,DELTA,29,1014,38,1014,264,no,60,100
2025-05-22T20:02:29.312426,KXBTCD-25MAY2300-T111499.99,DELTA,29,1014,38,1014,265,yes,8,-20000
2025-05-22T20:02:29.391605,KXBTCD-25MAY2300-T111499.99,DELTA,29,1014,38,1014,266,yes,10,20000
2025-05-22T20:02:29.964951,KXBTCD-25MAY2300-T111499.99,DELTA,29,1014,38,1014,267,no,60,-100
2025-05-22T20:02:30.532382,KXBTCD-25MAY2300-T111499.99,DELTA,29,1014,38,1014,268,yes,9,-3600
2025-05-22T20:02:30.532892,KXBTCD-25MAY2300-T111499.99,DELTA,29,1014,38,1014,269,yes,7,4628
2025-05-22T20:02:30.611441,KXBTCD-25MAY2300-T111499.99,DELTA,29,1014,38,1014,270,yes,10,-20000
2025-05-22T20:02:30.692763,KXBTCD-25MAY2300-T111499.99,DELTA,29,1014,38,1014,271,yes,8,20000
2025-05-22T20:02:30.712738,KXBTCD-25MAY2300-T111499.99,DELTA,29,1014,38,1014,272,no,52,-3000
2025-05-22T20:02:30.799596,KXBTCD-25MAY2300-T111499.99,DELTA,29,1014,38,1014,273,no,44,3000
2025-05-22T20:02:31.912188,KXBTCD-25MAY2300-T111499.99,DELTA,29,1014,38,1000,274,no,62,-14
2025-05-22T20:02:31.913130,KXBTCD-25MAY2300-T111499.99,DELTA,29,1014,38,904,275,no,62,-96
2025-05-22T20:02:31.971317,KXBTCD-25MAY2300-T111499.99,DELTA,33,14,38,904,276,yes,33,14
2025-05-22T20:02:31.991614,KXBTCD-25MAY2300-T111499.99,DELTA,33,14,38,904,277,no,57,14
2025-05-22T20:02:32.012412,KXBTCD-25MAY2300-T111499.99,DELTA,33,14,38,904,278,yes,29,-14
2025-05-22T20:02:32.912114,KXBTCD-25MAY2300-T111499.99,DELTA,33,14,38,904,279,yes,7,-4628
2025-05-22T20:02:32.912439,KXBTCD-25MAY2300-T111499.99,DELTA,33,14,38,904,280,yes,9,3600
2025-05-22T20:02:32.992578,KXBTCD-25MAY2300-T111499.99,DELTA,33,14,38,904,281,yes,8,-20000
2025-05-22T20:02:33.072209,KXBTCD-25MAY2300-T111499.99,DELTA,33,14,38,904,282,yes,10,20000
2025-05-22T20:02:33.861777,KXBTCD-25MAY2300-T111499.99,DELTA,33,114,38,904,283,yes,33,100
2025-05-22T20:02:33.862815,KXBTCD-25MAY2300-T111499.99,DELTA,33,114,38,904,284,no,59,100
2025-05-22T20:02:34.311603,KXBTCD-25MAY2300-T111499.99,DELTA,33,114,38,904,285,yes,9,-3600
2025-05-22T20:02:34.311770,KXBTCD-25MAY2300-T111499.99,DELTA,33,114,38,904,286,yes,7,4628
2025-05-22T20:02:34.392202,KXBTCD-25MAY2300-T111499.99,DELTA,33,114,38,904,287,yes,10,-20000
2025-05-22T20:02:34.474808,KXBTCD-25MAY2300-T111499.99,DELTA,33,114,38,904,288,yes,8,20000
2025-05-22T20:02:35.512412,KXBTCD-25MAY2300-T111499.99,DELTA,33,114,38,904,289,no,59,-100
2025-05-22T20:02:35.533057,KXBTCD-25MAY2300-T111499.99,DELTA,33,14,38,904,290,yes,33,-100
2025-05-22T20:02:38.853254,KXBTCD-25MAY2300-T111499.99,DELTA,33,14,38,904,291,yes,7,-4628
2025-05-22T20:02:38.854524,KXBTCD-25MAY2300-T111499.99,DELTA,33,14,38,904,292,yes,9,3600
2025-05-22T20:02:38.932855,KXBTCD-25MAY2300-T111499.99,DELTA,33,14,38,904,293,yes,8,-20000
2025-05-22T20:02:38.992786,KXBTCD-25MAY2300-T111499.99,DELTA,33,14,38,904,294,yes,10,20000
2025-05-22T20:02:39.372175,KXBTCD-25MAY2300-T111499.99,DELTA,33,114,38,904,295,yes,33,100
2025-05-22T20:02:39.372403,KXBTCD-25MAY2300-T111499.99,DELTA,33,114,38,904,296,no,59,100
2025-05-22T20:02:40.374194,KXBTCD-25MAY2300-T111499.99,DELTA,33,114,38,904,297,no,59,-100
2025-05-22T20:02:40.393084,KXBTCD-25MAY2300-T111499.99,DELTA,33,14,38,904,298,yes,33,-100
2025-05-22T20:02:41.126607,KXBTCD-25MAY2300-T111499.99,DELTA,29,1000,38,904,299,yes,33,-14
2025-05-22T20:02:41.127372,KXBTCD-25MAY2300-T111499.99,DELTA,29,989,38,904,300,yes,29,-11
2025-05-22T20:02:41.173181,KXBTCD-25MAY2300-T111499.99,DELTA,31,14,38,904,301,yes,31,14
2025-05-22T20:02:41.173852,KXBTCD-25MAY2300-T111499.99,DELTA,31,14,38,904,302,no,57,-14
2025-05-22T20:02:41.174510,KXBTCD-25MAY2300-T111499.99,DELTA,31,14,38,904,303,no,60,14
2025-05-22T20:02:41.373783,KXBTCD-25MAY2300-T111499.99,DELTA,31,14,38,904,304,yes,30,30
2025-05-22T20:02:41.392629,KXBTCD-25MAY2300-T111499.99,DELTA,31,14,38,904,305,no,59,30
2025-05-22T20:02:41.393571,KXBTCD-25MAY2300-T111499.99,DELTA,31,14,38,904,306,yes,28,-30
2025-05-22T20:02:41.412232,KXBTCD-25MAY2300-T111499.99,DELTA,31,14,38,904,307,no,61,-30
2025-05-22T20:02:41.433465,KXBTCD-25MAY2300-T111499.99,DELTA,31,14,38,904,308,yes,29,-989
2025-05-22T20:02:41.478917,KXBTCD-25MAY2300-T111499.99,DELTA,31,14,40,14,309,no,62,-904
2025-05-22T20:02:41.493960,KXBTCD-25MAY2300-T111499.99,DELTA,31,1014,40,14,310,yes,31,1000
2025-05-22T20:02:41.512563,KXBTCD-25MAY2300-T111499.99,DELTA,31,1014,40,1014,311,no,60,1000
2025-05-22T20:02:41.651883,KXBTCD-25MAY2300-T111499.99,DELTA,31,1014,40,1014,312,yes,9,-3600
2025-05-22T20:02:41.652233,KXBTCD-25MAY2300-T111499.99,DELTA,31,1014,40,1014,313,yes,7,4628
2025-05-22T20:02:41.734674,KXBTCD-25MAY2300-T111499.99,DELTA,31,1014,40,1014,314,yes,10,-20000
2025-05-22T20:02:41.775402,KXBTCD-25MAY2300-T111499.99,DELTA,31,1014,40,1014,315,yes,8,20000
2025-05-22T20:02:43.112695,KXBTCD-25MAY2300-T111499.99,DELTA,31,1014,40,1014,316,yes,7,-4628
2025-05-22T20:02:43.113606,KXBTCD-25MAY2300-T111499.99,DELTA,31,1014,40,1014,317,yes,9,3600
2025-05-22T20:02:43.175273,KXBTCD-25MAY2300-T111499.99,DELTA,31,1014,40,1014,318,yes,8,-20000
2025-05-22T20:02:43.232669,KXBTCD-25MAY2300-T111499.99,DELTA,31,1014,40,1014,319,yes,10,20000
2025-05-22T20:02:44.212428,KXBTCD-25MAY2300-T111499.99,DELTA,33,100,40,1014,320,yes,33,100
2025-05-22T20:02:44.232127,KXBTCD-25MAY2300-T111499.99,DELTA,33,100,40,1014,321,no,59,100
2025-05-22T20:02:44.411568,KXBTCD-25MAY2300-T111499.99,DELTA,33,100,40,1014,322,yes,9,-3600
2025-05-22T20:02:44.412005,KXBTCD-25MAY2300-T111499.99,DELTA,33,100,40,1014,323,yes,7,4628
2025-05-22T20:02:44.472154,KXBTCD-25MAY2300-T111499.99,DELTA,33,100,40,1014,324,yes,10,-20000
2025-05-22T20:02:44.511797,KXBTCD-25MAY2300-T111499.99,DELTA,33,100,40,1014,325,yes,8,20000
2025-05-22T20:02:44.912353,KXBTCD-25MAY2300-T111499.99,DELTA,33,100,40,1014,326,no,59,-100
2025-05-22T20:02:44.913362,KXBTCD-25MAY2300-T111499.99,DELTA,31,1014,40,1014,327,yes,33,-100
2025-05-22T20:02:45.771991,KXBTCD-25MAY2300-T111499.99,DELTA,31,1014,40,1014,328,yes,7,-4628
2025-05-22T20:02:45.773079,KXBTCD-25MAY2300-T111499.99,DELTA,31,1014,40,1014,329,yes,10,3240
2025-05-22T20:02:45.831843,KXBTCD-25MAY2300-T111499.99,DELTA,31,1014,40,1014,330,yes,8,-20000
2025-05-22T20:02:45.873051,KXBTCD-25MAY2300-T111499.99,DELTA,31,1014,40,1014,331,yes,11,20000
2025-05-22T20:02:50.311509,KXBTCD-25MAY2300-T111499.99,DELTA,33,100,40,1014,332,yes,33,100
2025-05-22T20:02:50.312104,KXBTCD-25MAY2300-T111499.99,DELTA,33,100,40,1014,333,no,59,100
2025-05-22T20:02:51.794670,KXBTCD-25MAY2300-T111499.99,DELTA,33,100,40,1014,334,no,59,-100
2025-05-22T20:02:51.795601,KXBTCD-25MAY2300-T111499.99,DELTA,31,1014,40,1014,335,yes,33,-100
2025-05-22T20:02:56.332310,KXBTCD-25MAY2300-T111499.99,DELTA,33,100,40,1014,336,yes,33,100
2025-05-22T20:02:56.333038,KXBTCD-25MAY2300-T111499.99,DELTA,33,100,40,1014,337,no,59,100
2025-05-22T20:02:56.852568,KXBTCD-25MAY2300-T111499.99,DELTA,33,100,40,1014,338,yes,10,-3240
2025-05-22T20:02:56.853314,KXBTCD-25MAY2300-T111499.99,DELTA,33,100,40,1014,339,yes,11,2945
2025-05-22T20:02:56.911824,KXBTCD-25MAY2300-T111499.99,DELTA,33,100,40,1014,340,yes,11,-20000
2025-05-22T20:02:56.932229,KXBTCD-25MAY2300-T111499.99,DELTA,33,100,40,1014,341,yes,11,-2000
2025-05-22T20:02:56.972965,KXBTCD-25MAY2300-T111499.99,DELTA,33,100,40,1014,342,yes,12,2000
2025-05-22T20:02:57.512227,KXBTCD-25MAY2300-T111499.99,DELTA,33,114,40,1014,343,yes,33,14
2025-05-22T20:02:57.512666,KXBTCD-25MAY2300-T111499.99,DELTA,33,114,40,1014,344,no,58,14
2025-05-22T20:02:57.532361,KXBTCD-25MAY2300-T111499.99,DELTA,33,114,40,1014,345,yes,31,-14
2025-05-22T20:02:57.552112,KXBTCD-25MAY2300-T111499.99,DELTA,33,114,40,1000,346,no,60,-14
2025-05-22T20:02:57.592578,KXBTCD-25MAY2300-T111499.99,DELTA,33,114,40,1000,347,no,59,-100
2025-05-22T20:02:57.611999,KXBTCD-25MAY2300-T111499.99,DELTA,33,14,40,1000,348,yes,33,-100
2025-05-22T20:02:58.072929,KXBTCD-25MAY2300-T111499.99,DELTA,33,14,40,1000,349,yes,32,30
2025-05-22T20:02:58.073814,KXBTCD-25MAY2300-T111499.99,DELTA,33,14,40,1000,350,yes,30,-30
2025-05-22T20:02:58.094015,KXBTCD-25MAY2300-T111499.99,DELTA,33,14,40,1000,351,no,57,30
2025-05-22T20:02:58.094957,KXBTCD-25MAY2300-T111499.99,DELTA,33,14,40,1000,352,no,59,-30
2025-05-22T20:02:58.135337,KXBTCD-25MAY2300-T111499.99,DELTA,33,14,40,1000,353,yes,31,-1000
2025-05-22T20:02:58.152853,KXBTCD-25MAY2300-T111499.99,DELTA,33,14,42,14,354,no,60,-1000
2025-05-22T20:02:58.172467,KXBTCD-25MAY2300-T111499.99,DELTA,33,14,42,14,355,yes,12,1000
2025-05-22T20:02:58.212234,KXBTCD-25MAY2300-T111499.99,DELTA,33,14,42,1014,356,no,58,1000
2025-05-22T20:02:58.498307,KXBTCD-25MAY2300-T111499.99,DELTA,33,14,42,1014,357,yes,12,-1000
2025-05-22T20:02:58.573681,KXBTCD-25MAY2300-T111499.99,DELTA,33,14,42,1014,358,yes,32,1000
2025-05-22T20:02:58.632748,KXBTCD-25MAY2300-T111499.99,DELTA,33,14,42,1014,359,yes,13,9
2025-05-22T20:02:59.553044,KXBTCD-25MAY2300-T111499.99,DELTA,33,14,40,50,360,no,60,50
2025-05-22T20:02:59.612690,KXBTCD-25MAY2300-T111499.99,DELTA,33,14,40,50,361,no,58,-1000
2025-05-22T20:02:59.663034,KXBTCD-25MAY2300-T111499.99,DELTA,33,14,39,1000,362,no,61,1000
2025-05-22T20:02:59.663967,KXBTCD-25MAY2300-T111499.99,DELTA,33,14,39,1000,363,yes,13,-9
2025-05-22T20:03:00.112188,KXBTCD-25MAY2300-T111499.99,DELTA,33,14,39,950,364,no,61,-50
2025-05-22T20:03:03.753371,KXBTCD-25MAY2300-T111499.99,DELTA,34,100,39,950,365,yes,34,100
2025-05-22T20:03:03.754359,KXBTCD-25MAY2300-T111499.99,DELTA,34,100,39,950,366,no,58,100
2025-05-22T20:03:04.972256,KXBTCD-25MAY2300-T111499.99,DELTA,34,100,39,950,367,no,58,-100
2025-05-22T20:03:04.972716,KXBTCD-25MAY2300-T111499.99,DELTA,33,14,39,950,368,yes,34,-100
2025-05-22T20:03:09.213097,KXBTCD-25MAY2300-T111499.99,DELTA,34,100,39,950,369,yes,34,100
2025-05-22T20:03:09.232934,KXBTCD-25MAY2300-T111499.99,DELTA,34,100,39,950,370,no,58,100
2025-05-22T20:03:10.003269,KXBTCD-25MAY2300-T111499.99,DELTA,34,100,39,950,371,yes,32,-1000
2025-05-22T20:03:10.003974,KXBTCD-25MAY2300-T111499.99,DELTA,34,100,39,950,372,no,18,-8000
2025-05-22T20:03:10.045650,KXBTCD-25MAY2300-T111499.99,DELTA,34,100,39,950,373,yes,33,1000
2025-05-22T20:03:10.046527,KXBTCD-25MAY2300-T111499.99,DELTA,34,100,39,950,374,no,5,8000
2025-05-22T20:03:10.113030,KXBTCD-25MAY2300-T111499.99,DELTA,34,100,39,950,375,yes,13,9
2025-05-22T20:03:10.932775,KXBTCD-25MAY2300-T111499.99,DELTA,33,1014,39,950,376,yes,34,-100
2025-05-22T20:03:11.058477,KXBTCD-25MAY2300-T111499.99,DELTA,33,1014,39,950,377,yes,13,-9
2025-05-22T20:03:11.081064,KXBTCD-25MAY2300-T111499.99,DELTA,33,1014,39,950,378,yes,11,-2945
2025-05-22T20:03:11.081619,KXBTCD-25MAY2300-T111499.99,DELTA,33,1014,39,950,379,no,19,-1705
2025-05-22T20:03:11.153434,KXBTCD-25MAY2300-T111499.99,DELTA,33,1014,39,950,380,yes,12,-2000
2025-05-22T20:03:11.192655,KXBTCD-25MAY2300-T111499.99,DELTA,33,1014,39,950,381,yes,11,2000
2025-05-22T20:03:11.872428,KXBTCD-25MAY2300-T111499.99,DELTA,33,14,39,950,382,yes,33,-1000
2025-05-22T20:03:11.912118,KXBTCD-25MAY2300-T111499.99,DELTA,33,14,39,950,383,yes,32,1000
2025-05-22T20:03:11.972398,KXBTCD-25MAY2300-T111499.99,DELTA,33,14,39,950,384,yes,12,9
2025-05-22T20:03:12.572341,KXBTCD-25MAY2300-T111499.99,DELTA,33,14,39,950,385,yes,11,2945
2025-05-22T20:03:12.632797,KXBTCD-25MAY2300-T111499.99,DELTA,33,14,39,950,386,no,6,5400
2025-05-22T20:03:12.633728,KXBTCD-25MAY2300-T111499.99,DELTA,33,14,39,950,387,yes,11,-2000
2025-05-22T20:03:12.672349,KXBTCD-25MAY2300-T111499.99,DELTA,33,14,39,950,388,yes,12,2000
2025-05-22T20:03:12.692940,KXBTCD-25MAY2300-T111499.99,DELTA,33,14,39,950,389,no,7,20000
2025-05-22T20:03:12.752859,KXBTCD-25MAY2300-T111499.99,DELTA,33,14,39,950,390,yes,12,-9
2025-05-22T20:03:12.891833,KXBTCD-25MAY2300-T111499.99,DELTA,33,14,39,950,391,no,58,-100
2025-05-22T20:03:13.794184,KXBTCD-25MAY2300-T111499.99,DELTA,33,14,39,950,392,yes,11,-2945
2025-05-22T20:03:13.794880,KXBTCD-25MAY2300-T111499.99,DELTA,33,14,39,950,393,yes,12,2700
2025-05-22T20:03:13.832695,KXBTCD-25MAY2300-T111499.99,DELTA,33,14,39,950,394,no,6,-5400
2025-05-22T20:03:13.833331,KXBTCD-25MAY2300-T111499.99,DELTA,33,14,39,950,395,no,8,4050
2025-05-22T20:03:13.852108,KXBTCD-25MAY2300-T111499.99,DELTA,33,14,39,950,396,yes,12,-2000
2025-05-22T20:03:13.892318,KXBTCD-25MAY2300-T111499.99,DELTA,33,14,39,950,397,no,7,-20000
2025-05-22T20:03:13.893227,KXBTCD-25MAY2300-T111499.99,DELTA,33,14,39,950,398,yes,13,2000
2025-05-22T20:03:13.932543,KXBTCD-25MAY2300-T111499.99,DELTA,33,14,39,950,399,no,9,20000
2025-05-22T20:03:14.652328,KXBTCD-25MAY2300-T111499.99,DELTA,35,100,39,950,400,yes,35,100
2025-05-22T20:03:15.013028,KXBTCD-25MAY2300-T111499.99,DELTA,35,100,39,950,401,yes,12,-2700
2025-05-22T20:03:15.013721,KXBTCD-25MAY2300-T111499.99,DELTA,35,100,39,950,402,yes,11,2945
2025-05-22T20:03:15.072992,KXBTCD-25MAY2300-T111499.99,DELTA,35,100,39,950,403,no,8,-4050
2025-05-22T20:03:15.073621,KXBTCD-25MAY2300-T111499.99,DELTA,35,100,39,950,404,no,10,3240
2025-05-22T20:03:15.073954,KXBTCD-25MAY2300-T111499.99,DELTA,35,100,39,950,405,yes,13,-2000
2025-05-22T20:03:15.113499,KXBTCD-25MAY2300-T111499.99,DELTA,35,100,39,950,406,yes,12,2000
2025-05-22T20:03:15.132465,KXBTCD-25MAY2300-T111499.99,DELTA,35,100,39,950,407,no,9,-20000
2025-05-22T20:03:15.172616,KXBTCD-25MAY2300-T111499.99,DELTA,35,100,39,950,408,no,11,20000
2025-05-22T20:03:15.271983,KXBTCD-25MAY2300-T111499.99,DELTA,33,14,39,950,409,yes,35,-100
2025-05-22T20:03:15.943233,KXBTCD-25MAY2300-T111499.99,DELTA,33,14,39,950,410,yes,32,-1000
2025-05-22T20:03:15.944382,KXBTCD-25MAY2300-T111499.99,DELTA,33,14,39,950,411,no,5,-8000
2025-05-22T20:03:15.945118,KXBTCD-25MAY2300-T111499.99,DELTA,33,14,39,950,412,yes,12,1000
2025-05-22T20:03:15.945709,KXBTCD-25MAY2300-T111499.99,DELTA,33,14,39,950,413,no,6,8000
2025-05-22T20:03:15.992334,KXBTCD-25MAY2300-T111499.99,DELTA,33,14,39,950,414,yes,13,9
2025-05-22T20:03:16.314954,KXBTCD-25MAY2300-T111499.99,DELTA,33,14,39,950,415,yes,11,-2945
2025-05-22T20:03:16.315917,KXBTCD-25MAY2300-T111499.99,DELTA,33,14,39,950,416,yes,12,2700
2025-05-22T20:03:16.373507,KXBTCD-25MAY2300-T111499.99,DELTA,33,14,39,950,417,no,10,-3240
2025-05-22T20:03:16.374365,KXBTCD-25MAY2300-T111499.99,DELTA,33,14,39,950,418,no,12,2700
2025-05-22T20:03:16.374917,KXBTCD-25MAY2300-T111499.99,DELTA,33,14,39,950,419,yes,12,-2000
2025-05-22T20:03:16.375340,KXBTCD-25MAY2300-T111499.99,DELTA,33,14,39,950,420,yes,12,-1000
2025-05-22T20:03:16.412470,KXBTCD-25MAY2300-T111499.99,DELTA,33,14,39,950,421,yes,13,2000
2025-05-22T20:03:16.413298,KXBTCD-25MAY2300-T111499.99,DELTA,33,14,39,950,422,yes,13,1000
2025-05-22T20:03:16.432534,KXBTCD-25MAY2300-T111499.99,DELTA,33,14,39,950,423,no,11,-20000
2025-05-22T20:03:16.612450,KXBTCD-25MAY2300-T111499.99,DELTA,33,14,39,950,424,no,40,50
2025-05-22T20:03:16.732088,KXBTCD-25MAY2300-T111499.99,DELTA,33,14,39,950,425,yes,13,-9
2025-05-22T20:03:16.732362,KXBTCD-25MAY2300-T111499.99,DELTA,33,14,39,950,426,yes,14,9
2025-05-22T20:03:16.972899,KXBTCD-25MAY2300-T111499.99,DELTA,33,14,39,950,427,no,57,100
2025-05-22T20:03:16.993811,KXBTCD-25MAY2300-T111499.99,DELTA,33,14,39,950,428,no,6,-8000
2025-05-22T20:03:17.032442,KXBTCD-25MAY2300-T111499.99,DELTA,33,14,39,950,429,no,7,8000
2025-05-22T20:03:17.052708,KXBTCD-25MAY2300-T111499.99,DELTA,33,14,39,950,430,yes,13,1250
2025-05-22T20:03:17.092474,KXBTCD-25MAY2300-T111499.99,DELTA,33,14,39,950,431,no,7,-8000
2025-05-22T20:03:17.136080,KXBTCD-25MAY2300-T111499.99,DELTA,33,14,39,950,432,no,9,8000
2025-05-22T20:03:18.193112,KXBTCD-25MAY2300-T111499.99,DELTA,33,14,39,950,433,no,57,-100
2025-05-22T20:03:21.678530,KXBTCD-25MAY2300-T111499.99,DELTA,33,114,39,950,434,yes,33,100
2025-05-22T20:03:21.678797,KXBTCD-25MAY2300-T111499.99,DELTA,33,114,39,950,435,no,59,100
2025-05-22T20:03:23.013612,KXBTCD-25MAY2300-T111499.99,DELTA,33,114,39,950,436,no,59,-100
2025-05-22T20:03:23.014241,KXBTCD-25MAY2300-T111499.99,DELTA,33,14,39,950,437,yes,33,-100
2025-05-22T20:03:23.413087,KXBTCD-25MAY2300-T111499.99,DELTA,33,14,39,950,438,yes,12,-2700
2025-05-22T20:03:23.414090,KXBTCD-25MAY2300-T111499.99,DELTA,33,14,39,950,439,yes,11,2945
2025-05-22T20:03:23.452847,KXBTCD-25MAY2300-T111499.99,DELTA,33,14,39,950,440,no,12,-2700
2025-05-22T20:03:23.453818,KXBTCD-25MAY2300-T111499.99,DELTA,33,14,39,950,441,no,10,3240
2025-05-22T20:03:23.471888,KXBTCD-25MAY2300-T111499.99,DELTA,33,14,39,950,442,yes,13,-2000
2025-05-22T20:03:23.492732,KXBTCD-25MAY2300-T111499.99,DELTA,33,14,39,950,443,yes,13,-1000
2025-05-22T20:03:23.493666,KXBTCD-25MAY2300-T111499.99,DELTA,33,14,39,950,444,yes,13,-1250
2025-05-22T20:03:23.512739,KXBTCD-25MAY2300-T111499.99,DELTA,33,14,39,950,445,no,11,20000
2025-05-22T20:03:23.532780,KXBTCD-25MAY2300-T111499.99,DELTA,33,14,39,950,446,yes,12,2000
2025-05-22T20:03:23.533942,KXBTCD-25MAY2300-T111499.99,DELTA,33,14,39,950,447,yes,12,1000
2025-05-22T20:03:25.160841,KXBTCD-25MAY2300-T111499.99,DELTA,33,14,39,950,448,yes,12,1250
2025-05-22T20:03:25.161475,KXBTCD-25MAY2300-T111499.99,DELTA,33,14,39,950,449,yes,31,14
2025-05-22T20:03:25.161895,KXBTCD-25MAY2300-T111499.99,DELTA,33,14,39,950,450,yes,30,30
2025-05-22T20:03:25.162202,KXBTCD-25MAY2300-T111499.99,DELTA,33,14,39,950,451,yes,32,-30
2025-05-22T20:03:25.162443,KXBTCD-25MAY2300-T111499.99,DELTA,33,14,39,950,452,no,60,14
2025-05-22T20:03:25.162606,KXBTCD-25MAY2300-T111499.99,DELTA,33,14,39,950,453,no,59,30
2025-05-22T20:03:25.162747,KXBTCD-25MAY2300-T111499.99,DELTA,33,14,39,950,454,no,57,-30
2025-05-22T20:03:25.162978,KXBTCD-25MAY2300-T111499.99,DELTA,31,14,39,950,455,yes,33,-14
2025-05-22T20:03:25.172828,KXBTCD-25MAY2300-T111499.99,DELTA,31,14,39,950,456,no,58,-14
2025-05-22T20:03:25.173357,KXBTCD-25MAY2300-T111499.99,DELTA,31,14,39,950,457,no,9,-8000
2025-05-22T20:03:25.213573,KXBTCD-25MAY2300-T111499.99,DELTA,31,14,39,950,458,yes,14,-9
2025-05-22T20:03:25.231950,KXBTCD-25MAY2300-T111499.99,DELTA,31,14,39,950,459,yes,13,9
2025-05-22T20:03:25.232486,KXBTCD-25MAY2300-T111499.99,DELTA,31,14,39,950,460,no,10,8000
2025-05-22T20:03:25.671261,KXBTCD-25MAY2300-T111499.99,DELTA,31,14,39,950,461,no,10,-8000
2025-05-22T20:03:25.673094,KXBTCD-25MAY2300-T111499.99,DELTA,31,14,39,950,462,yes,10,-200
2025-05-22T20:03:25.673802,KXBTCD-25MAY2300-T111499.99,DELTA,31,14,39,950,463,no,11,8000
2025-05-22T20:03:26.233172,KXBTCD-25MAY2300-T111499.99,DELTA,31,14,39,950,464,yes,11,-2945
2025-05-22T20:03:26.233893,KXBTCD-25MAY2300-T111499.99,DELTA,31,14,39,950,465,yes,13,2492
2025-05-22T20:03:26.293548,KXBTCD-25MAY2300-T111499.99,DELTA,31,14,39,950,466,no,10,-3240
2025-05-22T20:03:26.294436,KXBTCD-25MAY2300-T111499.99,DELTA,31,14,39,950,467,no,12,2700
2025-05-22T20:03:26.313088,KXBTCD-25MAY2300-T111499.99,DELTA,31,14,39,950,468,yes,12,-2000
2025-05-22T20:03:26.334026,KXBTCD-25MAY2300-T111499.99,DELTA,31,14,39,950,469,yes,12,-1000
2025-05-22T20:03:26.335000,KXBTCD-25MAY2300-T111499.99,DELTA,31,14,39,950,470,yes,12,-1250
2025-05-22T20:03:26.412995,KXBTCD-25MAY2300-T111499.99,DELTA,31,14,39,950,471,no,11,-20000
2025-05-22T20:03:26.413671,KXBTCD-25MAY2300-T111499.99,DELTA,31,14,39,950,472,yes,13,-9
2025-05-22T20:03:26.414266,KXBTCD-25MAY2300-T111499.99,DELTA,31,14,39,950,473,yes,14,9
2025-05-22T20:03:26.414762,KXBTCD-25MAY2300-T111499.99,DELTA,31,14,39,950,474,yes,14,1250
2025-05-22T20:03:26.415201,KXBTCD-25MAY2300-T111499.99,DELTA,31,14,39,950,475,yes,14,1000
2025-05-22T20:03:26.415586,KXBTCD-25MAY2300-T111499.99,DELTA,31,14,39,950,476,yes,14,2000
2025-05-22T20:03:26.912665,KXBTCD-25MAY2300-T111499.99,DELTA,33,100,39,950,477,yes,33,100
2025-05-22T20:03:26.933703,KXBTCD-25MAY2300-T111499.99,DELTA,33,100,39,950,478,no,59,100
2025-05-22T20:03:27.313169,KXBTCD-25MAY2300-T111499.99,DELTA,33,100,39,925,479,no,61,-25
2025-05-22T20:03:27.433447,KXBTCD-25MAY2300-T111499.99,DELTA,33,100,39,925,480,yes,14,-9
2025-05-22T20:03:27.434321,KXBTCD-25MAY2300-T111499.99,DELTA,33,100,39,925,481,yes,15,9
2025-05-22T20:03:27.472181,KXBTCD-25MAY2300-T111499.99,DELTA,33,100,39,925,482,yes,13,-2492
2025-05-22T20:03:27.472899,KXBTCD-25MAY2300-T111499.99,DELTA,33,100,39,925,483,yes,7,4628
2025-05-22T20:03:27.552971,KXBTCD-25MAY2300-T111499.99,DELTA,33,100,39,925,484,yes,8,20000
2025-05-22T20:03:27.553964,KXBTCD-25MAY2300-T111499.99,DELTA,33,100,39,925,485,yes,14,-2000
2025-05-22T20:03:27.554754,KXBTCD-25MAY2300-T111499.99,DELTA,33,100,39,925,486,yes,14,-1000
2025-05-22T20:03:27.581037,KXBTCD-25MAY2300-T111499.99,DELTA,33,100,39,925,487,yes,14,-1250
2025-05-22T20:03:27.614938,KXBTCD-25MAY2300-T111499.99,DELTA,33,100,39,925,488,yes,8,1000
2025-05-22T20:03:27.615778,KXBTCD-25MAY2300-T111499.99,DELTA,33,100,39,925,489,yes,8,2000
2025-05-22T20:03:27.753773,KXBTCD-25MAY2300-T111499.99,DELTA,33,100,39,925,490,no,59,-100
2025-05-22T20:03:27.754778,KXBTCD-25MAY2300-T111499.99,DELTA,31,14,39,925,491,yes,33,-100
2025-05-22T20:03:28.692673,KXBTCD-25MAY2300-T111499.99,DELTA,31,14,39,925,492,yes,7,-4628
2025-05-22T20:03:28.693716,KXBTCD-25MAY2300-T111499.99,DELTA,31,14,39,925,493,yes,9,3600
2025-05-22T20:03:28.752072,KXBTCD-25MAY2300-T111499.99,DELTA,31,14,39,925,494,yes,10,1250
2025-05-22T20:03:28.753093,KXBTCD-25MAY2300-T111499.99,DELTA,31,14,39,925,495,yes,8,-20000
2025-05-22T20:03:28.771726,KXBTCD-25MAY2300-T111499.99,DELTA,31,14,39,925,496,yes,8,-2000
2025-05-22T20:03:28.772678,KXBTCD-25MAY2300-T111499.99,DELTA,31,14,39,925,497,yes,8,-1000
2025-05-22T20:03:28.811989,KXBTCD-25MAY2300-T111499.99,DELTA,31,14,39,925,498,yes,10,9
2025-05-22T20:03:28.813072,KXBTCD-25MAY2300-T111499.99,DELTA,31,14,39,925,499,yes,15,-9
2025-05-22T20:03:28.834020,KXBTCD-25MAY2300-T111499.99,DELTA,31,14,39,925,500,yes,10,1000
2025-05-22T20:03:28.834990,KXBTCD-25MAY2300-T111499.99,DELTA,31,14,39,925,501,yes,10,20000
2025-05-22T20:03:28.835819,KXBTCD-25MAY2300-T111499.99,DELTA,31,14,39,925,502,yes,10,2000
2025-05-22T20:03:29.873612,KXBTCD-25MAY2300-T111499.99,DELTA,31,14,39,925,503,yes,9,-3600
2025-05-22T20:03:29.874397,KXBTCD-25MAY2300-T111499.99,DELTA,31,14,39,925,504,yes,11,2945
2025-05-22T20:03:29.932884,KXBTCD-25MAY2300-T111499.99,DELTA,31,14,39,925,505,yes,10,-20000
2025-05-22T20:03:29.954311,KXBTCD-25MAY2300-T111499.99,DELTA,31,14,39,925,506,yes,10,-2000
2025-05-22T20:03:29.955212,KXBTCD-25MAY2300-T111499.99,DELTA,31,14,39,925,507,yes,10,-1000
2025-05-22T20:03:29.972846,KXBTCD-25MAY2300-T111499.99,DELTA,31,14,39,925,508,yes,10,-1250
2025-05-22T20:03:29.973836,KXBTCD-25MAY2300-T111499.99,DELTA,31,14,39,925,509,yes,10,-9
2025-05-22T20:03:29.993947,KXBTCD-25MAY2300-T111499.99,DELTA,31,14,39,925,510,yes,12,9
2025-05-22T20:03:30.013521,KXBTCD-25MAY2300-T111499.99,DELTA,31,14,39,925,511,yes,12,1250
2025-05-22T20:03:30.014339,KXBTCD-25MAY2300-T111499.99,DELTA,31,14,39,925,512,yes,12,1000
2025-05-22T20:03:30.015033,KXBTCD-25MAY2300-T111499.99,DELTA,31,14,39,925,513,yes,12,2000
2025-05-22T20:03:30.471761,KXBTCD-25MAY2300-T111499.99,DELTA,31,114,39,925,514,yes,31,100
2025-05-22T20:03:30.472005,KXBTCD-25MAY2300-T111499.99,DELTA,31,114,39,925,515,no,60,100
2025-05-22T20:03:30.531888,KXBTCD-25MAY2300-T111499.99,DELTA,31,114,39,925,516,no,31,-2000
2025-05-22T20:03:30.577092,KXBTCD-25MAY2300-T111499.99,DELTA,31,114,39,2925,517,no,61,2000
2025-05-22T20:03:31.073828,KXBTCD-25MAY2300-T111499.99,DELTA,31,114,39,2925,518,yes,11,-2945
2025-05-22T20:03:31.074547,KXBTCD-25MAY2300-T111499.99,DELTA,31,114,39,2925,519,yes,12,2700
2025-05-22T20:03:31.133965,KXBTCD-25MAY2300-T111499.99,DELTA,31,114,39,2925,520,yes,12,-2000
2025-05-22T20:03:31.134792,KXBTCD-25MAY2300-T111499.99,DELTA,31,114,39,2925,521,yes,12,-1000
2025-05-22T20:03:31.155350,KXBTCD-25MAY2300-T111499.99,DELTA,31,114,39,2925,522,yes,12,-1250
2025-05-22T20:03:31.192698,KXBTCD-25MAY2300-T111499.99,DELTA,31,114,39,2925,523,yes,13,1250
2025-05-22T20:03:31.193450,KXBTCD-25MAY2300-T111499.99,DELTA,31,114,39,2925,524,yes,13,2000
2025-05-22T20:03:31.193847,KXBTCD-25MAY2300-T111499.99,DELTA,31,114,39,2925,525,yes,13,1000
2025-05-22T20:03:31.194137,KXBTCD-25MAY2300-T111499.99,DELTA,31,114,39,2925,526,yes,13,9
2025-05-22T20:03:31.194500,KXBTCD-25MAY2300-T111499.99,DELTA,31,114,39,2925,527,yes,12,-9
2025-05-22T20:03:31.213037,KXBTCD-25MAY2300-T111499.99,DELTA,31,114,39,2925,528,no,60,-100
2025-05-22T20:03:31.232486,KXBTCD-25MAY2300-T111499.99,DELTA,31,14,39,2925,529,yes,31,-100
2025-05-22T20:03:31.271880,KXBTCD-25MAY2300-T111499.99,DELTA,31,14,39,925,530,no,61,-2000
2025-05-22T20:03:31.314202,KXBTCD-25MAY2300-T111499.99,DELTA,31,14,39,925,531,no,31,2000
2025-05-22T20:03:38.053049,KXBTCD-25MAY2300-T111499.99,DELTA,31,14,39,925,532,yes,12,-2700
2025-05-22T20:03:38.054186,KXBTCD-25MAY2300-T111499.99,DELTA,31,14,39,925,533,yes,7,4628
2025-05-22T20:03:38.112666,KXBTCD-25MAY2300-T111499.99,DELTA,31,14,39,925,534,yes,8,20000
2025-05-22T20:03:38.113705,KXBTCD-25MAY2300-T111499.99,DELTA,31,14,39,925,535,yes,13,-2000
2025-05-22T20:03:38.134452,KXBTCD-25MAY2300-T111499.99,DELTA,31,14,39,925,536,yes,13,-1000
2025-05-22T20:03:38.136123,KXBTCD-25MAY2300-T111499.99,DELTA,31,14,39,925,537,yes,13,-1250
2025-05-22T20:03:38.182920,KXBTCD-25MAY2300-T111499.99,DELTA,31,14,39,925,538,yes,13,-9
2025-05-22T20:03:38.183797,KXBTCD-25MAY2300-T111499.99,DELTA,31,14,39,925,539,yes,14,9
2025-05-22T20:03:38.184527,KXBTCD-25MAY2300-T111499.99,DELTA,31,14,39,925,540,yes,8,1000
2025-05-22T20:03:38.185208,KXBTCD-25MAY2300-T111499.99,DELTA,31,14,39,925,541,yes,8,2000
2025-05-22T20:03:38.757425,KXBTCD-25MAY2300-T111499.99,DELTA,31,114,39,925,542,yes,31,100
2025-05-22T20:03:38.758471,KXBTCD-25MAY2300-T111499.99,DELTA,31,114,39,925,543,no,60,100
2025-05-22T20:03:38.812182,KXBTCD-25MAY2300-T111499.99,DELTA,31,114,39,925,544,no,31,-2000
2025-05-22T20:03:38.852195,KXBTCD-25MAY2300-T111499.99,DELTA,31,114,39,2925,545,no,61,2000
2025-05-22T20:03:38.933165,KXBTCD-25MAY2300-T111499.99,DELTA,31,114,39,2925,546,yes,14,-9
2025-05-22T20:03:38.933893,KXBTCD-25MAY2300-T111499.99,DELTA,31,114,39,2925,547,yes,9,9
2025-05-22T20:03:39.576204,KXBTCD-25MAY2300-T111499.99,DELTA,31,114,39,2925,548,no,60,-100
2025-05-22T20:03:39.577188,KXBTCD-25MAY2300-T111499.99,DELTA,31,14,39,2925,549,yes,31,-100
2025-05-22T20:03:39.664658,KXBTCD-25MAY2300-T111499.99,DELTA,31,14,39,925,550,no,61,-2000
2025-05-22T20:03:39.691878,KXBTCD-25MAY2300-T111499.99,DELTA,31,14,39,925,551,no,31,2000
2025-05-22T20:03:39.754364,KXBTCD-25MAY2300-T111499.99,DELTA,30,30,39,925,552,yes,31,-14
2025-05-22T20:03:39.755297,KXBTCD-25MAY2300-T111499.99,DELTA,30,9,39,925,553,yes,30,-21
2025-05-22T20:03:39.820921,KXBTCD-25MAY2300-T111499.99,DELTA,30,9,39,925,554,yes,27,14
2025-05-22T20:03:39.821815,KXBTCD-25MAY2300-T111499.99,DELTA,30,9,39,925,555,yes,27,30
2025-05-22T20:03:39.822534,KXBTCD-25MAY2300-T111499.99,DELTA,27,44,39,925,556,yes,30,-9
2025-05-22T20:03:39.823175,KXBTCD-25MAY2300-T111499.99,DELTA,27,44,39,925,557,no,60,-14
2025-05-22T20:03:39.834861,KXBTCD-25MAY2300-T111499.99,DELTA,27,44,38,30,558,no,62,30
2025-05-22T20:03:39.835494,KXBTCD-25MAY2300-T111499.99,DELTA,27,44,38,30,559,no,59,-30
2025-05-22T20:03:39.836061,KXBTCD-25MAY2300-T111499.99,DELTA,27,44,37,14,560,no,63,14
2025-05-22T20:03:39.884708,KXBTCD-25MAY2300-T111499.99,DELTA,27,44,37,14,561,yes,8,-1000
2025-05-22T20:03:39.885574,KXBTCD-25MAY2300-T111499.99,DELTA,27,44,37,14,562,no,61,-925
2025-05-22T20:03:39.895918,KXBTCD-25MAY2300-T111499.99,DELTA,28,1000,37,14,563,yes,28,1000
2025-05-22T20:03:39.933577,KXBTCD-25MAY2300-T111499.99,DELTA,28,1000,37,1014,564,no,63,1000
2025-05-22T20:03:40.816867,KXBTCD-25MAY2300-T111499.99,DELTA,28,1000,37,1014,565,yes,7,-4628
2025-05-22T20:03:40.817656,KXBTCD-25MAY2300-T111499.99,DELTA,28,1000,37,1014,566,yes,10,3240
2025-05-22T20:03:40.871960,KXBTCD-25MAY2300-T111499.99,DELTA,28,1000,37,1014,567,yes,8,-20000
2025-05-22T20:03:40.872640,KXBTCD-25MAY2300-T111499.99,DELTA,28,1000,37,1014,568,yes,8,-2000
2025-05-22T20:03:40.912269,KXBTCD-25MAY2300-T111499.99,DELTA,28,1000,37,1014,569,yes,11,2000
2025-05-22T20:03:40.912896,KXBTCD-25MAY2300-T111499.99,DELTA,28,1000,37,1014,570,yes,11,20000
2025-05-22T20:03:40.913173,KXBTCD-25MAY2300-T111499.99,DELTA,28,1000,37,1014,571,yes,9,-9
2025-05-22T20:03:42.053025,KXBTCD-25MAY2300-T111499.99,DELTA,28,1000,37,1014,572,yes,10,-3240
2025-05-22T20:03:42.054026,KXBTCD-25MAY2300-T111499.99,DELTA,28,1000,37,1014,573,yes,12,2700
2025-05-22T20:03:42.112730,KXBTCD-25MAY2300-T111499.99,DELTA,28,1000,37,1014,574,yes,11,-20000
2025-05-22T20:03:42.113668,KXBTCD-25MAY2300-T111499.99,DELTA,28,1000,37,1014,575,yes,13,1250
2025-05-22T20:03:42.134957,KXBTCD-25MAY2300-T111499.99,DELTA,28,1000,37,1014,576,yes,11,-2000
2025-05-22T20:03:42.172729,KXBTCD-25MAY2300-T111499.99,DELTA,28,1000,37,1014,577,yes,13,2000
2025-05-22T20:03:43.317209,KXBTCD-25MAY2300-T111499.99,DELTA,28,1000,37,1014,578,yes,12,-2700
2025-05-22T20:03:43.317654,KXBTCD-25MAY2300-T111499.99,DELTA,28,1000,37,1014,579,yes,7,4628
2025-05-22T20:03:43.391405,KXBTCD-25MAY2300-T111499.99,DELTA,28,1000,37,1014,580,yes,8,20000
2025-05-22T20:03:43.392131,KXBTCD-25MAY2300-T111499.99,DELTA,28,1000,37,1014,581,yes,13,-2000
2025-05-22T20:03:43.392852,KXBTCD-25MAY2300-T111499.99,DELTA,28,1000,37,1014,582,yes,13,-1250
2025-05-22T20:03:43.431737,KXBTCD-25MAY2300-T111499.99,DELTA,28,1000,37,1014,583,yes,8,2000
2025-05-22T20:03:44.526142,KXBTCD-25MAY2300-T111499.99,DELTA,28,1000,37,1014,584,yes,7,-4628
2025-05-22T20:03:44.527131,KXBTCD-25MAY2300-T111499.99,DELTA,28,1000,37,1014,585,yes,9,3600
2025-05-22T20:03:44.579573,KXBTCD-25MAY2300-T111499.99,DELTA,28,1000,37,1014,586,yes,8,-20000
2025-05-22T20:03:44.592724,KXBTCD-25MAY2300-T111499.99,DELTA,28,1000,37,1014,587,yes,8,-2000
2025-05-22T20:03:44.633007,KXBTCD-25MAY2300-T111499.99,DELTA,28,1000,37,1014,588,yes,10,2000
2025-05-22T20:03:44.633963,KXBTCD-25MAY2300-T111499.99,DELTA,28,1000,37,1014,589,yes,10,20000
2025-05-22T20:03:45.538293,KXBTCD-25MAY2300-T111499.99,DELTA,28,1000,37,1014,590,yes,27,-30
2025-05-22T20:03:45.538651,KXBTCD-25MAY2300-T111499.99,DELTA,28,1000,37,1014,591,no,62,-30
2025-05-22T20:03:45.539029,KXBTCD-25MAY2300-T111499.99,DELTA,29,30,37,1014,592,yes,29,30
2025-05-22T20:03:45.539168,KXBTCD-25MAY2300-T111499.99,DELTA,29,30,37,1014,593,no,60,30
2025-05-22T20:03:45.539286,KXBTCD-25MAY2300-T111499.99,DELTA,29,30,37,1014,594,yes,28,-1000
2025-05-22T20:03:45.539396,KXBTCD-25MAY2300-T111499.99,DELTA,29,30,37,14,595,no,63,-1000
2025-05-22T20:03:45.541871,KXBTCD-25MAY2300-T111499.99,DELTA,33,100,37,14,596,yes,33,100
2025-05-22T20:03:45.541993,KXBTCD-25MAY2300-T111499.99,DELTA,33,100,37,14,597,yes,29,14
2025-05-22T20:03:45.552049,KXBTCD-25MAY2300-T111499.99,DELTA,33,100,37,14,598,yes,27,-14
2025-05-22T20:03:45.552209,KXBTCD-25MAY2300-T111499.99,DELTA,33,100,37,14,599,no,62,14
2025-05-22T20:03:45.552322,KXBTCD-25MAY2300-T111499.99,DELTA,33,100,37,14,600,no,59,100
2025-05-22T20:03:45.552436,KXBTCD-25MAY2300-T111499.99,DELTA,33,100,37,14,601,no,61,1000
2025-05-22T20:03:45.552537,KXBTCD-25MAY2300-T111499.99,DELTA,33,100,37,14,602,yes,29,1000
2025-05-22T20:03:45.552638,KXBTCD-25MAY2300-T111499.99,DELTA,33,100,38,14,603,no,63,-14
2025-05-22T20:03:45.693111,KXBTCD-25MAY2300-T111499.99,DELTA,33,100,38,14,604,yes,9,-3600
2025-05-22T20:03:45.694197,KXBTCD-25MAY2300-T111499.99,DELTA,33,100,38,14,605,yes,11,2945
2025-05-22T20:03:45.752410,KXBTCD-25MAY2300-T111499.99,DELTA,33,100,38,14,606,yes,12,1250
2025-05-22T20:03:45.775506,KXBTCD-25MAY2300-T111499.99,DELTA,33,100,38,14,607,yes,10,-20000
2025-05-22T20:03:45.776427,KXBTCD-25MAY2300-T111499.99,DELTA,33,100,38,14,608,yes,10,-2000
2025-05-22T20:03:45.813259,KXBTCD-25MAY2300-T111499.99,DELTA,33,100,38,14,609,yes,12,2000
2025-05-22T20:03:46.562614,KXBTCD-25MAY2300-T111499.99,DELTA,33,100,38,14,610,no,59,-100
2025-05-22T20:03:46.563451,KXBTCD-25MAY2300-T111499.99,DELTA,29,1044,38,14,611,yes,33,-100
2025-05-22T20:03:48.495565,KXBTCD-25MAY2300-T111499.99,DELTA,29,1044,38,14,612,yes,12,-1250
2025-05-22T20:03:49.354449,KXBTCD-25MAY2300-T111499.99,DELTA,29,1044,38,14,613,yes,10,200
2025-05-22T20:03:50.725526,KXBTCD-25MAY2300-T111499.99,DELTA,29,1044,38,14,614,yes,12,1250
2025-05-22T20:03:51.612807,KXBTCD-25MAY2300-T111499.99,DELTA,33,100,38,14,615,yes,33,100
2025-05-22T20:03:51.613672,KXBTCD-25MAY2300-T111499.99,DELTA,33,100,38,14,616,yes,29,-1000
2025-05-22T20:03:51.712429,KXBTCD-25MAY2300-T111499.99,DELTA,33,100,38,14,617,no,59,100
2025-05-22T20:03:51.992584,KXBTCD-25MAY2300-T111499.99,DELTA,33,100,38,14,618,yes,12,1000
2025-05-22T20:03:52.514940,KXBTCD-25MAY2300-T111499.99,DELTA,33,100,38,14,619,no,59,-100
2025-05-22T20:03:52.711586,KXBTCD-25MAY2300-T111499.99,DELTA,29,44,38,14,620,yes,33,-100
2025-05-22T20:03:52.793208,KXBTCD-25MAY2300-T111499.99,DELTA,29,44,38,14,621,yes,13,9
2025-05-22T20:03:55.053155,KXBTCD-25MAY2300-T111499.99,DELTA,29,44,38,14,622,yes,11,-2945
2025-05-22T20:03:55.053613,KXBTCD-25MAY2300-T111499.99,DELTA,29,44,38,14,623,yes,12,2700
2025-05-22T20:03:55.113236,KXBTCD-25MAY2300-T111499.99,DELTA,29,44,38,14,624,yes,12,-2000
2025-05-22T20:03:55.133371,KXBTCD-25MAY2300-T111499.99,DELTA,29,44,38,14,625,yes,12,-1000
2025-05-22T20:03:55.134225,KXBTCD-25MAY2300-T111499.99,DELTA,29,44,38,14,626,yes,12,-1250
2025-05-22T20:03:55.173110,KXBTCD-25MAY2300-T111499.99,DELTA,29,44,38,14,627,yes,13,1250
2025-05-22T20:03:55.173849,KXBTCD-25MAY2300-T111499.99,DELTA,29,44,38,14,628,yes,13,1000
2025-05-22T20:03:55.174353,KXBTCD-25MAY2300-T111499.99,DELTA,29,44,38,14,629,yes,13,2000
2025-05-22T20:03:55.982185,KXBTCD-25MAY2300-T111499.99,DELTA,29,43,38,14,630,yes,29,-1
2025-05-22T20:03:56.013709,KXBTCD-25MAY2300-T111499.99,DELTA,29,43,38,14,631,yes,13,-9
2025-05-22T20:03:56.014493,KXBTCD-25MAY2300-T111499.99,DELTA,29,43,38,14,632,yes,14,9
2025-05-22T20:03:57.614191,KXBTCD-25MAY2300-T111499.99,DELTA,32,100,38,14,633,yes,32,100
2025-05-22T20:03:57.633574,KXBTCD-25MAY2300-T111499.99,DELTA,32,100,38,14,634,no,60,100
2025-05-22T20:03:57.693505,KXBTCD-25MAY2300-T111499.99,DELTA,32,100,38,14,635,yes,12,-2700
2025-05-22T20:03:57.694545,KXBTCD-25MAY2300-T111499.99,DELTA,32,100,38,14,636,yes,11,2945
2025-05-22T20:03:57.712843,KXBTCD-25MAY2300-T111499.99,DELTA,32,100,38,14,637,no,31,-2000
2025-05-22T20:03:57.772348,KXBTCD-25MAY2300-T111499.99,DELTA,32,100,38,14,638,yes,13,-2000
2025-05-22T20:03:57.792099,KXBTCD-25MAY2300-T111499.99,DELTA,32,100,38,14,639,no,61,2000
2025-05-22T20:03:57.793039,KXBTCD-25MAY2300-T111499.99,DELTA,32,100,38,14,640,yes,13,-1000
2025-05-22T20:03:57.793742,KXBTCD-25MAY2300-T111499.99,DELTA,32,100,38,14,641,yes,13,-1250
2025-05-22T20:03:57.852742,KXBTCD-25MAY2300-T111499.99,DELTA,32,100,38,14,642,yes,12,1250
2025-05-22T20:03:57.853714,KXBTCD-25MAY2300-T111499.99,DELTA,32,100,38,14,643,yes,12,2000
2025-05-22T20:03:57.854290,KXBTCD-25MAY2300-T111499.99,DELTA,32,100,38,14,644,yes,12,1000
2025-05-22T20:03:58.875235,KXBTCD-25MAY2300-T111499.99,DELTA,32,100,38,14,645,no,60,-100
2025-05-22T20:03:58.893755,KXBTCD-25MAY2300-T111499.99,DELTA,29,43,38,14,646,yes,32,-100
2025-05-22T20:03:58.936331,KXBTCD-25MAY2300-T111499.99,DELTA,29,43,38,14,647,no,61,-2000
2025-05-22T20:03:58.992765,KXBTCD-25MAY2300-T111499.99,DELTA,29,43,38,14,648,yes,14,-9
2025-05-22T20:03:58.993348,KXBTCD-25MAY2300-T111499.99,DELTA,29,43,38,14,649,no,31,2000
2025-05-22T20:03:58.993762,KXBTCD-25MAY2300-T111499.99,DELTA,29,43,38,14,650,yes,13,9
2025-05-22T20:04:01.717443,KXBTCD-25MAY2300-T111499.99,DELTA,29,29,38,14,651,yes,29,-14
2025-05-22T20:04:01.717686,KXBTCD-25MAY2300-T111499.99,DELTA,13,9,38,14,652,yes,29,-29
2025-05-22T20:04:01.717819,KXBTCD-25MAY2300-T111499.99,DELTA,27,30,38,14,653,yes,27,30
2025-05-22T20:04:01.717929,KXBTCD-25MAY2300-T111499.99,DELTA,27,44,38,14,654,yes,27,14
2025-05-22T20:04:01.718033,KXBTCD-25MAY2300-T111499.99,DELTA,27,44,38,44,655,no,62,30
2025-05-22T20:04:01.718131,KXBTCD-25MAY2300-T111499.99,DELTA,27,44,38,30,656,no,62,-14
2025-05-22T20:04:01.718227,KXBTCD-25MAY2300-T111499.99,DELTA,27,44,37,14,657,no,63,14
2025-05-22T20:04:01.718314,KXBTCD-25MAY2300-T111499.99,DELTA,27,44,37,14,658,no,60,-30
2025-05-22T20:04:01.718397,KXBTCD-25MAY2300-T111499.99,DELTA,27,44,37,14,659,yes,12,-1000
2025-05-22T20:04:01.718489,KXBTCD-25MAY2300-T111499.99,DELTA,27,44,37,14,660,no,61,-1000
2025-05-22T20:04:01.731900,KXBTCD-25MAY2300-T111499.99,DELTA,27,44,37,1014,661,no,63,1000
2025-05-22T20:04:01.732031,KXBTCD-25MAY2300-T111499.99,DELTA,28,1000,37,1014,662,yes,28,1000
2025-05-22T20:04:02.352796,KXBTCD-25MAY2300-T111499.99,DELTA,28,1000,37,1014,663,no,60,100
2025-05-22T20:04:02.412138,KXBTCD-25MAY2300-T111499.99,DELTA,28,1000,37,1014,664,no,31,-2000
2025-05-22T20:04:02.452972,KXBTCD-25MAY2300-T111499.99,DELTA,28,1000,37,1014,665,no,61,2000
2025-05-22T20:04:02.533264,KXBTCD-25MAY2300-T111499.99,DELTA,28,1000,37,1014,666,yes,13,-9
2025-05-22T20:04:03.372649,KXBTCD-25MAY2300-T111499.99,DELTA,27,44,37,1014,667,yes,28,-1000
2025-05-22T20:04:03.412016,KXBTCD-25MAY2300-T111499.99,DELTA,27,1044,37,1014,668,yes,27,1000
2025-05-22T20:04:03.492500,KXBTCD-25MAY2300-T111499.99,DELTA,27,1044,37,1014,669,yes,13,9
2025-05-22T20:04:04.031920,KXBTCD-25MAY2300-T111499.99,DELTA,27,1044,37,1014,670,no,60,-100
2025-05-22T20:04:04.092492,KXBTCD-25MAY2300-T111499.99,DELTA,27,1044,37,1014,671,no,61,-2000
2025-05-22T20:04:04.132250,KXBTCD-25MAY2300-T111499.99,DELTA,27,1044,37,1014,672,no,31,2000
2025-05-22T20:04:04.233252,KXBTCD-25MAY2300-T111499.99,DELTA,27,1044,37,1014,673,yes,13,-9
2025-05-22T20:04:04.851962,KXBTCD-25MAY2300-T111499.99,DELTA,31,100,37,1014,674,yes,31,100
2025-05-22T20:04:05.114399,KXBTCD-25MAY2300-T111499.99,DELTA,31,100,37,1014,675,yes,27,-1000
2025-05-22T20:04:05.152575,KXBTCD-25MAY2300-T111499.99,DELTA,31,100,37,1014,676,yes,28,1000
2025-05-22T20:04:05.232695,KXBTCD-25MAY2300-T111499.99,DELTA,31,100,37,1014,677,yes,13,9
2025-05-22T20:04:06.234150,KXBTCD-25MAY2300-T111499.99,DELTA,28,1000,37,1014,678,yes,31,-100
2025-05-22T20:04:06.382645,KXBTCD-25MAY2300-T111499.99,DELTA,28,1000,37,1014,679,yes,13,-9
2025-05-22T20:04:06.872983,KXBTCD-25MAY2300-T111499.99,DELTA,28,1000,37,1014,680,yes,12,-1250
2025-05-22T20:04:07.792820,KXBTCD-25MAY2300-T111499.99,DELTA,28,1000,37,1014,681,yes,12,1250
2025-05-22T20:04:08.032935,KXBTCD-25MAY2300-T111499.99,DELTA,28,1000,37,1014,682,no,60,100
2025-05-22T20:04:08.091665,KXBTCD-25MAY2300-T111499.99,DELTA,28,1000,37,1014,683,no,31,-2000
2025-05-22T20:04:08.132137,KXBTCD-25MAY2300-T111499.99,DELTA,28,1000,37,1014,684,no,61,2000
2025-05-22T20:04:09.011777,KXBTCD-25MAY2300-T111499.99,DELTA,28,1000,37,1014,685,no,60,-100
2025-05-22T20:04:09.072438,KXBTCD-25MAY2300-T111499.99,DELTA,28,1000,37,1014,686,no,61,-2000
2025-05-22T20:04:09.132960,KXBTCD-25MAY2300-T111499.99,DELTA,28,1000,37,1014,687,no,31,2000
2025-05-22T20:04:09.914763,KXBTCD-25MAY2300-T111499.99,DELTA,32,100,37,1014,688,yes,32,100
2025-05-22T20:04:10.973352,KXBTCD-25MAY2300-T111499.99,DELTA,32,100,37,1014,689,yes,12,-1250
2025-05-22T20:04:11.033012,KXBTCD-25MAY2300-T111499.99,DELTA,32,100,37,1014,690,yes,12,1250
2025-05-22T20:04:11.373201,KXBTCD-25MAY2300-T111499.99,DELTA,32,100,37,1014,691,yes,12,-1250
2025-05-22T20:04:11.572464,KXBTCD-25MAY2300-T111499.99,DELTA,32,100,37,1014,692,yes,11,-2945
2025-05-22T20:04:11.573158,KXBTCD-25MAY2300-T111499.99,DELTA,32,100,37,1014,693,yes,12,2700
2025-05-22T20:04:11.654287,KXBTCD-25MAY2300-T111499.99,DELTA,32,100,37,1014,694,yes,12,-2000
2025-05-22T20:04:11.655080,KXBTCD-25MAY2300-T111499.99,DELTA,32,100,37,1014,695,yes,13,1250
2025-05-22T20:04:11.691787,KXBTCD-25MAY2300-T111499.99,DELTA,32,100,37,1014,696,yes,13,2000
2025-05-22T20:04:12.654327,KXBTCD-25MAY2300-T111499.99,DELTA,32,100,37,1014,697,no,60,100
2025-05-22T20:04:12.693856,KXBTCD-25MAY2300-T111499.99,DELTA,32,100,37,1014,698,no,31,-2000
2025-05-22T20:04:12.733413,KXBTCD-25MAY2300-T111499.99,DELTA,32,100,37,1014,699,yes,12,-2700
2025-05-22T20:04:12.734290,KXBTCD-25MAY2300-T111499.99,DELTA,32,100,37,1014,700,yes,11,2945
2025-05-22T20:04:12.754133,KXBTCD-25MAY2300-T111499.99,DELTA,32,100,37,1014,701,no,61,2000
2025-05-22T20:04:12.793378,KXBTCD-25MAY2300-T111499.99,DELTA,32,100,37,1014,702,yes,13,-2000
2025-05-22T20:04:12.813040,KXBTCD-25MAY2300-T111499.99,DELTA,32,100,37,1014,703,yes,13,-1250
2025-05-22T20:04:12.872521,KXBTCD-25MAY2300-T111499.99,DELTA,32,100,37,1014,704,yes,12,2000
2025-05-22T20:04:13.353236,KXBTCD-25MAY2300-T111499.99,DELTA,32,100,37,1014,705,no,60,-100
2025-05-22T20:04:13.353880,KXBTCD-25MAY2300-T111499.99,DELTA,28,1000,37,1014,706,yes,32,-100
2025-05-22T20:04:13.432522,KXBTCD-25MAY2300-T111499.99,DELTA,28,1000,37,1014,707,no,61,-2000
2025-05-22T20:04:13.472592,KXBTCD-25MAY2300-T111499.99,DELTA,28,1000,37,1014,708,no,31,2000
2025-05-22T20:04:13.674575,KXBTCD-25MAY2300-T111499.99,DELTA,28,1000,37,1014,709,yes,12,1250
2025-05-22T20:04:13.772850,KXBTCD-25MAY2300-T111499.99,DELTA,28,1000,37,1014,710,yes,11,-2945
2025-05-22T20:04:13.773788,KXBTCD-25MAY2300-T111499.99,DELTA,28,1000,37,1014,711,yes,12,2700
2025-05-22T20:04:13.832924,KXBTCD-25MAY2300-T111499.99,DELTA,28,1000,37,1014,712,yes,12,-2000
2025-05-22T20:04:13.854912,KXBTCD-25MAY2300-T111499.99,DELTA,28,1000,37,1014,713,yes,12,-1250
2025-05-22T20:04:13.899065,KXBTCD-25MAY2300-T111499.99,DELTA,28,1000,37,1014,714,yes,13,2000
2025-05-22T20:04:13.900006,KXBTCD-25MAY2300-T111499.99,DELTA,28,1000,37,1014,715,yes,13,1250
2025-05-22T20:04:14.973662,KXBTCD-25MAY2300-T111499.99,DELTA,32,100,37,1014,716,yes,32,100
2025-05-22T20:04:15.032868,KXBTCD-25MAY2300-T111499.99,DELTA,32,100,37,1014,717,yes,12,-2700
2025-05-22T20:04:15.033106,KXBTCD-25MAY2300-T111499.99,DELTA,32,100,37,1014,718,yes,11,2945
2025-05-22T20:04:15.093011,KXBTCD-25MAY2300-T111499.99,DELTA,32,100,37,1014,719,yes,13,-2000
2025-05-22T20:04:15.114199,KXBTCD-25MAY2300-T111499.99,DELTA,32,100,37,1014,720,yes,13,-1250
2025-05-22T20:04:15.173457,KXBTCD-25MAY2300-T111499.99,DELTA,32,100,37,1014,721,yes,12,2000
2025-05-22T20:04:15.752461,KXBTCD-25MAY2300-T111499.99,DELTA,32,100,37,1014,722,yes,12,1250
2025-05-22T20:04:16.073847,KXBTCD-25MAY2300-T111499.99,DELTA,28,1000,37,1014,723,yes,32,-100
2025-05-22T20:04:16.093001,KXBTCD-25MAY2300-T111499.99,DELTA,28,1000,37,1014,724,yes,11,-2945
2025-05-22T20:04:16.093695,KXBTCD-25MAY2300-T111499.99,DELTA,28,1000,37,1014,725,yes,12,2700
2025-05-22T20:04:16.153324,KXBTCD-25MAY2300-T111499.99,DELTA,28,1000,37,1014,726,yes,12,-2000
2025-05-22T20:04:16.175311,KXBTCD-25MAY2300-T111499.99,DELTA,28,1000,37,1014,727,yes,12,-1250
2025-05-22T20:04:16.213422,KXBTCD-25MAY2300-T111499.99,DELTA,28,1000,37,1014,728,yes,13,1250
2025-05-22T20:04:16.214355,KXBTCD-25MAY2300-T111499.99,DELTA,28,1000,37,1014,729,yes,13,2000
2025-05-22T20:04:19.053155,KXBTCD-25MAY2300-T111499.99,DELTA,28,1000,37,1014,730,no,60,100
2025-05-22T20:04:19.112950,KXBTCD-25MAY2300-T111499.99,DELTA,28,1000,37,1014,731,no,31,-2000
2025-05-22T20:04:19.153559,KXBTCD-25MAY2300-T111499.99,DELTA,28,1000,37,1014,732,no,61,2000
2025-05-22T20:04:20.233837,KXBTCD-25MAY2300-T111499.99,DELTA,32,100,37,1014,733,yes,32,100
2025-05-22T20:04:20.592501,KXBTCD-25MAY2300-T111499.99,DELTA,28,1000,37,1014,734,yes,32,-100
2025-05-22T20:04:20.732874,KXBTCD-25MAY2300-T111499.99,DELTA,28,1000,37,1014,735,no,60,-100
2025-05-22T20:04:20.792730,KXBTCD-25MAY2300-T111499.99,DELTA,28,1000,37,1014,736,no,61,-2000
2025-05-22T20:04:20.835232,KXBTCD-25MAY2300-T111499.99,DELTA,28,1000,37,1014,737,no,31,2000
2025-05-22T20:04:22.552717,KXBTCD-25MAY2300-T111499.99,DELTA,27,44,37,1014,738,yes,28,-1000
2025-05-22T20:04:22.653158,KXBTCD-25MAY2300-T111499.99,DELTA,27,44,37,1014,739,no,60,100
2025-05-22T20:04:22.653933,KXBTCD-25MAY2300-T111499.99,DELTA,27,1044,37,1014,740,yes,27,1000
2025-05-22T20:04:22.672396,KXBTCD-25MAY2300-T111499.99,DELTA,27,1044,37,1014,741,yes,14,9
2025-05-22T20:04:22.715464,KXBTCD-25MAY2300-T111499.99,DELTA,27,1044,37,1014,742,no,31,-2000
2025-05-22T20:04:22.754072,KXBTCD-25MAY2300-T111499.99,DELTA,27,1044,37,1014,743,no,61,2000
2025-05-22T20:04:22.772533,KXBTCD-25MAY2300-T111499.99,DELTA,27,1044,37,1014,744,yes,12,-2700
2025-05-22T20:04:22.773328,KXBTCD-25MAY2300-T111499.99,DELTA,27,1044,37,1014,745,yes,11,2945
2025-05-22T20:04:22.834034,KXBTCD-25MAY2300-T111499.99,DELTA,27,1044,37,1014,746,yes,13,-2000
2025-05-22T20:04:22.834937,KXBTCD-25MAY2300-T111499.99,DELTA,27,1044,37,1014,747,yes,13,-1250
2025-05-22T20:04:22.893423,KXBTCD-25MAY2300-T111499.99,DELTA,27,1044,37,1014,748,yes,12,1250
2025-05-22T20:04:22.894520,KXBTCD-25MAY2300-T111499.99,DELTA,27,1044,37,1014,749,yes,12,2000
2025-05-22T20:04:23.852976,KXBTCD-25MAY2300-T111499.99,DELTA,27,1044,37,1014,750,no,60,-100
2025-05-22T20:04:23.974081,KXBTCD-25MAY2300-T111499.99,DELTA,27,1044,37,1014,751,no,61,-2000
2025-05-22T20:04:23.975012,KXBTCD-25MAY2300-T111499.99,DELTA,27,1044,37,1014,752,yes,14,-9
2025-05-22T20:04:24.013325,KXBTCD-25MAY2300-T111499.99,DELTA,27,1044,37,1014,753,no,31,2000
2025-05-22T20:04:25.293799,KXBTCD-25MAY2300-T111499.99,DELTA,27,1044,37,1014,754,yes,11,-2945
2025-05-22T20:04:25.294588,KXBTCD-25MAY2300-T111499.99,DELTA,27,1044,37,1014,755,yes,12,2700
2025-05-22T20:04:25.353529,KXBTCD-25MAY2300-T111499.99,DELTA,27,1044,37,1014,756,yes,12,-2000
2025-05-22T20:04:25.354124,KXBTCD-25MAY2300-T111499.99,DELTA,27,1044,37,1014,757,yes,12,-1250
2025-05-22T20:04:25.393865,KXBTCD-25MAY2300-T111499.99,DELTA,27,1044,37,1014,758,yes,13,1250
2025-05-22T20:04:25.394538,KXBTCD-25MAY2300-T111499.99,DELTA,27,1044,37,1014,759,yes,13,2000
2025-05-22T20:04:25.553062,KXBTCD-25MAY2300-T111499.99,DELTA,27,44,37,1014,760,yes,27,-1000
2025-05-22T20:04:25.592378,KXBTCD-25MAY2300-T111499.99,DELTA,28,1000,37,1014,761,yes,28,1000
2025-05-22T20:04:26.412981,KXBTCD-25MAY2300-T111499.99,DELTA,28,1000,37,1014,762,yes,12,-2700
2025-05-22T20:04:26.414030,KXBTCD-25MAY2300-T111499.99,DELTA,28,1000,37,1014,763,yes,11,2945
2025-05-22T20:04:26.472747,KXBTCD-25MAY2300-T111499.99,DELTA,28,1000,37,1014,764,yes,13,-2000
2025-05-22T20:04:26.473435,KXBTCD-25MAY2300-T111499.99,DELTA,28,1000,37,1014,765,yes,13,-1250
2025-05-22T20:04:26.513576,KXBTCD-25MAY2300-T111499.99,DELTA,28,1000,37,1014,766,yes,12,2000
2025-05-22T20:04:26.514609,KXBTCD-25MAY2300-T111499.99,DELTA,28,1000,37,1014,767,yes,12,1250
2025-05-22T20:04:27.172830,KXBTCD-25MAY2300-T111499.99,DELTA,32,100,37,1014,768,yes,32,100
2025-05-22T20:04:27.473014,KXBTCD-25MAY2300-T111499.99,DELTA,32,100,37,1014,769,yes,11,-2945
2025-05-22T20:04:27.473989,KXBTCD-25MAY2300-T111499.99,DELTA,32,100,37,1014,770,yes,12,2700
2025-05-22T20:04:27.533802,KXBTCD-25MAY2300-T111499.99,DELTA,32,100,37,1014,771,yes,12,-2000
2025-05-22T20:04:27.534722,KXBTCD-25MAY2300-T111499.99,DELTA,32,100,37,1014,772,yes,12,-1250
2025-05-22T20:04:27.715011,KXBTCD-25MAY2300-T111499.99,DELTA,32,100,37,1014,773,yes,13,2000
2025-05-22T20:04:27.716264,KXBTCD-25MAY2300-T111499.99,DELTA,32,100,37,1014,774,yes,13,1250
2025-05-22T20:04:27.873410,KXBTCD-25MAY2300-T111499.99,DELTA,32,100,37,1014,775,no,60,100
2025-05-22T20:04:27.933183,KXBTCD-25MAY2300-T111499.99,DELTA,32,100,37,1014,776,no,31,-2000
2025-05-22T20:04:27.974010,KXBTCD-25MAY2300-T111499.99,DELTA,32,100,37,1014,777,no,61,2000
2025-05-22T20:04:28.493124,KXBTCD-25MAY2300-T111499.99,DELTA,32,100,37,1014,778,no,60,-100
2025-05-22T20:04:28.512258,KXBTCD-25MAY2300-T111499.99,DELTA,28,1000,37,1014,779,yes,32,-100
2025-05-22T20:04:28.532705,KXBTCD-25MAY2300-T111499.99,DELTA,28,1000,37,1014,780,yes,12,-2700
2025-05-22T20:04:28.533633,KXBTCD-25MAY2300-T111499.99,DELTA,28,1000,37,1014,781,yes,11,2945
2025-05-22T20:04:28.592712,KXBTCD-25MAY2300-T111499.99,DELTA,28,1000,37,1014,782,no,61,-2000
2025-05-22T20:04:28.633036,KXBTCD-25MAY2300-T111499.99,DELTA,28,1000,37,1014,783,yes,13,-2000
2025-05-22T20:04:28.634167,KXBTCD-25MAY2300-T111499.99,DELTA,28,1000,37,1014,784,yes,13,-1250
2025-05-22T20:04:28.713174,KXBTCD-25MAY2300-T111499.99,DELTA,28,1000,37,1014,785,no,31,2000
2025-05-22T20:04:28.734376,KXBTCD-25MAY2300-T111499.99,DELTA,28,1000,37,1014,786,yes,12,2000
2025-05-22T20:04:33.012415,KXBTCD-25MAY2300-T111499.99,DELTA,33,100,37,1014,787,yes,33,100
2025-05-22T20:04:33.013085,KXBTCD-25MAY2300-T111499.99,DELTA,33,100,37,1014,788,no,59,100
2025-05-22T20:04:33.133690,KXBTCD-25MAY2300-T111499.99,DELTA,33,100,37,1014,789,yes,29,9
2025-05-22T20:04:33.974605,KXBTCD-25MAY2300-T111499.99,DELTA,33,100,37,1014,790,no,59,-100
2025-05-22T20:04:33.975514,KXBTCD-25MAY2300-T111499.99,DELTA,29,9,37,1014,791,yes,33,-100
2025-05-22T20:04:36.232472,KXBTCD-25MAY2300-T111499.99,DELTA,29,9,37,1014,792,yes,11,-2945
2025-05-22T20:04:36.233309,KXBTCD-25MAY2300-T111499.99,DELTA,29,9,37,1014,793,yes,12,2700
2025-05-22T20:04:36.295560,KXBTCD-25MAY2300-T111499.99,DELTA,29,9,37,1014,794,yes,12,-2000
2025-05-22T20:04:36.296420,KXBTCD-25MAY2300-T111499.99,DELTA,29,9,37,1014,795,yes,13,1250
2025-05-22T20:04:36.332233,KXBTCD-25MAY2300-T111499.99,DELTA,29,9,37,1014,796,yes,13,2000
2025-05-22T20:04:36.352305,KXBTCD-25MAY2300-T111499.99,DELTA,28,1000,37,1014,797,yes,29,-9
2025-05-22T20:04:37.867644,KXBTCD-25MAY2300-T111499.99,DELTA,33,100,37,1014,798,yes,33,100
2025-05-22T20:04:37.868757,KXBTCD-25MAY2300-T111499.99,DELTA,33,100,37,1014,799,no,59,100
2025-05-22T20:04:37.913126,KXBTCD-25MAY2300-T111499.99,DELTA,33,100,37,1014,800,yes,29,9
2025-05-22T20:04:38.812677,KXBTCD-25MAY2300-T111499.99,DELTA,33,100,37,1014,801,yes,12,-2700
2025-05-22T20:04:38.813482,KXBTCD-25MAY2300-T111499.99,DELTA,33,100,37,1014,802,yes,11,2945
2025-05-22T20:04:38.874413,KXBTCD-25MAY2300-T111499.99,DELTA,33,100,37,1014,803,yes,13,-2000
2025-05-22T20:04:38.875171,KXBTCD-25MAY2300-T111499.99,DELTA,33,100,37,1014,804,yes,13,-1250
2025-05-22T20:04:38.913299,KXBTCD-25MAY2300-T111499.99,DELTA,33,100,37,1014,805,yes,12,1250
2025-05-22T20:04:38.932783,KXBTCD-25MAY2300-T111499.99,DELTA,33,100,37,1014,806,yes,12,2000
2025-05-22T20:04:39.513771,KXBTCD-25MAY2300-T111499.99,DELTA,33,100,37,1014,807,no,59,-100
2025-05-22T20:04:39.514479,KXBTCD-25MAY2300-T111499.99,DELTA,29,9,37,1014,808,yes,33,-100
2025-05-22T20:04:39.975246,KXBTCD-25MAY2300-T111499.99,DELTA,29,9,37,1014,809,yes,11,-2945
2025-05-22T20:04:39.976130,KXBTCD-25MAY2300-T111499.99,DELTA,29,9,37,1014,810,yes,12,2700
2025-05-22T20:04:40.097944,KXBTCD-25MAY2300-T111499.99,DELTA,29,9,37,1014,811,yes,12,-2000
2025-05-22T20:04:40.099023,KXBTCD-25MAY2300-T111499.99,DELTA,29,9,37,1014,812,yes,12,-1250
2025-05-22T20:04:40.099671,KXBTCD-25MAY2300-T111499.99,DELTA,28,1000,37,1014,813,yes,29,-9
2025-05-22T20:04:40.100242,KXBTCD-25MAY2300-T111499.99,DELTA,28,1000,37,1014,814,yes,13,1250
2025-05-22T20:04:40.113315,KXBTCD-25MAY2300-T111499.99,DELTA,28,1000,37,1014,815,yes,13,2000
2025-05-22T20:04:41.153523,KXBTCD-25MAY2300-T111499.99,DELTA,28,1000,37,1014,816,yes,12,-2700
2025-05-22T20:04:41.154140,KXBTCD-25MAY2300-T111499.99,DELTA,28,1000,37,1014,817,yes,11,2945
2025-05-22T20:04:41.213394,KXBTCD-25MAY2300-T111499.99,DELTA,28,1000,37,1014,818,yes,13,-2000
2025-05-22T20:04:41.310593,KXBTCD-25MAY2300-T111499.99,DELTA,28,1000,37,1014,819,yes,13,-1250
2025-05-22T20:04:41.311395,KXBTCD-25MAY2300-T111499.99,DELTA,28,1000,37,1014,820,yes,12,1250
2025-05-22T20:04:41.311879,KXBTCD-25MAY2300-T111499.99,DELTA,28,1000,37,1014,821,yes,12,2000
2025-05-22T20:04:41.513292,KXBTCD-25MAY2300-T111499.99,DELTA,28,1000,37,1014,822,yes,12,-1250
2025-05-22T20:04:42.225141,KXBTCD-25MAY2300-T111499.99,DELTA,28,1000,37,1014,823,yes,11,-2945
2025-05-22T20:04:42.226256,KXBTCD-25MAY2300-T111499.99,DELTA,28,1000,37,1014,824,yes,12,2700
2025-05-22T20:04:42.296142,KXBTCD-25MAY2300-T111499.99,DELTA,28,1000,37,1014,825,yes,13,1250
2025-05-22T20:04:42.297220,KXBTCD-25MAY2300-T111499.99,DELTA,28,1000,37,1014,826,yes,12,-2000
2025-05-22T20:04:42.353968,KXBTCD-25MAY2300-T111499.99,DELTA,28,1000,37,1014,827,yes,13,2000
2025-05-22T20:04:43.077197,KXBTCD-25MAY2300-T111499.99,DELTA,28,1000,37,1014,828,yes,13,-1250
2025-05-22T20:04:43.602049,KXBTCD-25MAY2300-T111499.99,DELTA,33,100,37,1014,829,yes,33,100
2025-05-22T20:04:43.603687,KXBTCD-25MAY2300-T111499.99,DELTA,33,100,37,1014,830,no,59,100
2025-05-22T20:04:43.604378,KXBTCD-25MAY2300-T111499.99,DELTA,33,100,37,1014,831,yes,12,-2700
2025-05-22T20:04:43.604997,KXBTCD-25MAY2300-T111499.99,DELTA,33,100,37,1014,832,yes,11,2945
2025-05-22T20:04:43.605496,KXBTCD-25MAY2300-T111499.99,DELTA,33,100,37,1014,833,yes,13,-2000
2025-05-22T20:04:43.605930,KXBTCD-25MAY2300-T111499.99,DELTA,33,100,37,1014,834,yes,29,9
2025-05-22T20:04:43.606374,KXBTCD-25MAY2300-T111499.99,DELTA,33,100,37,1014,835,yes,12,2000
2025-05-22T20:04:44.474079,KXBTCD-25MAY2300-T111499.99,DELTA,33,100,37,1014,836,no,59,-100
2025-05-22T20:04:44.491842,KXBTCD-25MAY2300-T111499.99,DELTA,29,9,37,1014,837,yes,33,-100
2025-05-22T20:04:47.652064,KXBTCD-25MAY2300-T111499.99,DELTA,29,9,37,1014,838,yes,11,-2945
2025-05-22T20:04:47.652843,KXBTCD-25MAY2300-T111499.99,DELTA,29,9,37,1014,839,yes,12,2700
2025-05-22T20:04:47.713512,KXBTCD-25MAY2300-T111499.99,DELTA,29,9,37,1014,840,yes,12,-2000
2025-05-22T20:04:47.753345,KXBTCD-25MAY2300-T111499.99,DELTA,28,1000,37,1014,841,yes,29,-9
2025-05-22T20:04:47.754300,KXBTCD-25MAY2300-T111499.99,DELTA,28,1000,37,1014,842,yes,13,2000
2025-05-22T20:04:48.833455,KXBTCD-25MAY2300-T111499.99,DELTA,28,1000,37,1014,843,yes,13,1250
2025-05-22T20:04:49.132815,KXBTCD-25MAY2300-T111499.99,DELTA,33,100,37,1014,844,yes,33,100
2025-05-22T20:04:49.133164,KXBTCD-25MAY2300-T111499.99,DELTA,33,100,37,1014,845,no,59,100
2025-05-22T20:04:50.173318,KXBTCD-25MAY2300-T111499.99,DELTA,33,100,37,1014,846,yes,12,-2700
2025-05-22T20:04:50.174106,KXBTCD-25MAY2300-T111499.99,DELTA,33,100,37,1014,847,yes,11,2945
2025-05-22T20:04:50.233295,KXBTCD-25MAY2300-T111499.99,DELTA,33,100,37,1014,848,yes,13,-2000
2025-05-22T20:04:50.234125,KXBTCD-25MAY2300-T111499.99,DELTA,33,100,37,1014,849,yes,13,-1250
2025-05-22T20:04:50.273122,KXBTCD-25MAY2300-T111499.99,DELTA,33,100,37,1014,850,yes,12,2000
2025-05-22T20:04:50.293329,KXBTCD-25MAY2300-T111499.99,DELTA,33,100,37,1014,851,yes,12,1250
2025-05-22T20:04:50.294066,KXBTCD-25MAY2300-T111499.99,DELTA,33,100,37,1014,852,yes,29,9
2025-05-22T20:04:50.332714,KXBTCD-25MAY2300-T111499.99,DELTA,33,100,37,1014,853,no,59,-100
2025-05-22T20:04:50.333749,KXBTCD-25MAY2300-T111499.99,DELTA,29,9,37,1014,854,yes,33,-100
2025-05-22T20:04:51.214142,KXBTCD-25MAY2300-T111499.99,DELTA,29,9,37,1014,855,yes,11,-2945
2025-05-22T20:04:51.215252,KXBTCD-25MAY2300-T111499.99,DELTA,29,9,37,1014,856,yes,12,2700
2025-05-22T20:04:51.275853,KXBTCD-25MAY2300-T111499.99,DELTA,29,9,37,1014,857,yes,12,-2000
2025-05-22T20:04:51.276788,KXBTCD-25MAY2300-T111499.99,DELTA,29,9,37,1014,858,yes,12,-1250
2025-05-22T20:04:51.312546,KXBTCD-25MAY2300-T111499.99,DELTA,29,9,37,1014,859,yes,13,2000
2025-05-22T20:04:51.313326,KXBTCD-25MAY2300-T111499.99,DELTA,28,1000,37,1014,860,yes,29,-9
2025-05-22T20:04:51.313849,KXBTCD-25MAY2300-T111499.99,DELTA,28,1000,37,1014,861,yes,13,1250
2025-05-22T20:04:52.274278,KXBTCD-25MAY2300-T111499.99,DELTA,28,1000,37,1014,862,yes,12,-2700
2025-05-22T20:04:52.275337,KXBTCD-25MAY2300-T111499.99,DELTA,28,1000,37,1014,863,yes,11,2945
2025-05-22T20:04:52.352498,KXBTCD-25MAY2300-T111499.99,DELTA,28,1000,37,1014,864,yes,13,-2000
2025-05-22T20:04:52.353518,KXBTCD-25MAY2300-T111499.99,DELTA,28,1000,37,1014,865,yes,13,-1250
2025-05-22T20:04:52.392556,KXBTCD-25MAY2300-T111499.99,DELTA,28,1000,37,1014,866,yes,12,2000
2025-05-22T20:04:52.393456,KXBTCD-25MAY2300-T111499.99,DELTA,28,1000,37,1014,867,yes,12,1250
2025-05-22T20:04:53.372812,KXBTCD-25MAY2300-T111499.99,DELTA,28,1000,37,1014,868,yes,11,-2945
2025-05-22T20:04:53.373191,KXBTCD-25MAY2300-T111499.99,DELTA,28,1000,37,1014,869,yes,12,2700
2025-05-22T20:04:53.432729,KXBTCD-25MAY2300-T111499.99,DELTA,28,1000,37,1014,870,yes,12,-2000
2025-05-22T20:04:53.452251,KXBTCD-25MAY2300-T111499.99,DELTA,28,1000,37,1014,871,yes,12,-1250
2025-05-22T20:04:53.491989,KXBTCD-25MAY2300-T111499.99,DELTA,28,1000,37,1014,872,yes,13,1250
2025-05-22T20:04:53.492228,KXBTCD-25MAY2300-T111499.99,DELTA,28,1000,37,1014,873,yes,13,2000
2025-05-22T20:04:54.472024,KXBTCD-25MAY2300-T111499.99,DELTA,28,1000,37,1014,874,yes,12,-2700
2025-05-22T20:04:54.472318,KXBTCD-25MAY2300-T111499.99,DELTA,28,1000,37,1014,875,yes,13,2492
2025-05-22T20:04:54.533039,KXBTCD-25MAY2300-T111499.99,DELTA,32,100,37,1014,876,yes,32,100
2025-05-22T20:04:54.533722,KXBTCD-25MAY2300-T111499.99,DELTA,32,100,37,1014,877,yes,13,-2000
2025-05-22T20:04:54.534221,KXBTCD-25MAY2300-T111499.99,DELTA,32,100,37,1014,878,yes,13,-1250
2025-05-22T20:04:54.534674,KXBTCD-25MAY2300-T111499.99,DELTA,32,100,37,1014,879,no,60,100
2025-05-22T20:04:54.572792,KXBTCD-25MAY2300-T111499.99,DELTA,32,100,37,1014,880,yes,14,1250
2025-05-22T20:04:54.573845,KXBTCD-25MAY2300-T111499.99,DELTA,32,100,37,1014,881,yes,14,2000
2025-05-22T20:04:54.592775,KXBTCD-25MAY2300-T111499.99,DELTA,32,100,37,1014,882,no,31,-2000
2025-05-22T20:04:54.632583,KXBTCD-25MAY2300-T111499.99,DELTA,32,100,37,1014,883,no,61,2000
2025-05-22T20:04:55.192601,KXBTCD-25MAY2300-T111499.99,DELTA,32,100,37,1014,884,no,60,-100
2025-05-22T20:04:55.212886,KXBTCD-25MAY2300-T111499.99,DELTA,28,1000,37,1014,885,yes,32,-100
2025-05-22T20:04:55.255166,KXBTCD-25MAY2300-T111499.99,DELTA,28,1000,37,1014,886,no,61,-2000
2025-05-22T20:04:55.294205,KXBTCD-25MAY2300-T111499.99,DELTA,28,1000,37,1014,887,no,31,2000
2025-05-22T20:04:58.873579,KXBTCD-25MAY2300-T111499.99,DELTA,28,1000,37,1014,888,yes,13,-2492
2025-05-22T20:04:58.874437,KXBTCD-25MAY2300-T111499.99,DELTA,28,1000,37,1014,889,yes,11,2945
2025-05-22T20:04:58.934845,KXBTCD-25MAY2300-T111499.99,DELTA,28,1000,37,1014,890,yes,14,-2000
2025-05-22T20:04:58.952329,KXBTCD-25MAY2300-T111499.99,DELTA,28,1000,37,1014,891,yes,14,-1250
2025-05-22T20:04:58.993332,KXBTCD-25MAY2300-T111499.99,DELTA,28,1000,37,1014,892,yes,12,1250
2025-05-22T20:04:58.993904,KXBTCD-25MAY2300-T111499.99,DELTA,28,1000,37,1014,893,yes,12,2000
2025-05-22T20:04:59.412107,KXBTCD-25MAY2300-T111499.99,DELTA,32,100,37,1014,894,yes,32,100
2025-05-22T20:04:59.432337,KXBTCD-25MAY2300-T111499.99,DELTA,32,100,37,1014,895,no,59,100
2025-05-22T20:05:00.397296,KXBTCD-25MAY2300-T111499.99,DELTA,32,100,37,1014,896,no,59,-100
2025-05-22T20:05:00.412727,KXBTCD-25MAY2300-T111499.99,DELTA,28,1000,37,1014,897,yes,32,-100
2025-05-22T20:05:01.572641,KXBTCD-25MAY2300-T111499.99,DELTA,28,1000,37,1014,898,yes,11,-2945
2025-05-22T20:05:01.573334,KXBTCD-25MAY2300-T111499.99,DELTA,28,1000,37,1014,899,yes,13,2492
2025-05-22T20:05:01.692862,KXBTCD-25MAY2300-T111499.99,DELTA,28,1000,37,1014,900,yes,12,-2000
2025-05-22T20:05:01.713363,KXBTCD-25MAY2300-T111499.99,DELTA,28,1000,37,1014,901,yes,12,-1250
2025-05-22T20:05:01.752506,KXBTCD-25MAY2300-T111499.99,DELTA,28,1000,37,1014,902,yes,14,2000
2025-05-22T20:05:01.753021,KXBTCD-25MAY2300-T111499.99,DELTA,28,1000,37,1014,903,yes,14,1250
2025-05-22T20:05:02.134441,KXBTCD-25MAY2300-T111499.99,DELTA,28,1000,37,1014,904,yes,20,250
2025-05-22T20:05:02.221392,KXBTCD-25MAY2300-T111499.99,DELTA,28,1000,37,1014,905,no,52,250
2025-05-22T20:05:02.222243,KXBTCD-25MAY2300-T111499.99,DELTA,28,1000,37,1014,906,no,54,250
2025-05-22T20:05:02.232990,KXBTCD-25MAY2300-T111499.99,DELTA,28,1000,37,1014,907,no,56,250
2025-05-22T20:05:02.234093,KXBTCD-25MAY2300-T111499.99,DELTA,28,1000,37,1014,908,no,58,250
2025-05-22T20:05:02.253975,KXBTCD-25MAY2300-T111499.99,DELTA,28,1000,37,1014,909,no,60,250
2025-05-22T20:05:02.254882,KXBTCD-25MAY2300-T111499.99,DELTA,28,1000,37,1014,910,yes,26,250
2025-05-22T20:05:02.273050,KXBTCD-25MAY2300-T111499.99,DELTA,28,1000,37,1014,911,yes,24,250
2025-05-22T20:05:02.273833,KXBTCD-25MAY2300-T111499.99,DELTA,28,1000,37,1014,912,yes,18,250
2025-05-22T20:05:02.292965,KXBTCD-25MAY2300-T111499.99,DELTA,28,1000,37,1014,913,yes,22,250
2025-05-22T20:05:02.376518,KXBTCD-25MAY2300-T111499.99,DELTA,28,1000,37,1014,914,yes,14,-2000
2025-05-22T20:05:02.377107,KXBTCD-25MAY2300-T111499.99,DELTA,28,1000,37,1014,915,no,31,-2000
2025-05-22T20:05:02.377321,KXBTCD-25MAY2300-T111499.99,DELTA,28,1000,37,1014,916,yes,14,-1250
2025-05-22T20:05:02.394303,KXBTCD-25MAY2300-T111499.99,DELTA,28,1000,37,1014,917,yes,21,1250
2025-05-22T20:05:02.493256,KXBTCD-25MAY2300-T111499.99,DELTA,28,1000,37,1014,918,yes,26,2000
2025-05-22T20:05:02.553232,KXBTCD-25MAY2300-T111499.99,DELTA,28,1000,37,1014,919,no,61,2000
2025-05-22T20:05:02.632594,KXBTCD-25MAY2300-T111499.99,DELTA,28,1000,37,1014,920,yes,21,-1250
2025-05-22T20:05:02.758480,KXBTCD-25MAY2300-T111499.99,DELTA,28,1000,37,1014,921,no,61,1250
2025-05-22T20:05:02.759025,KXBTCD-25MAY2300-T111499.99,DELTA,28,1000,37,1014,922,yes,25,1250
2025-05-22T20:05:02.773560,KXBTCD-25MAY2300-T111499.99,DELTA,28,1000,37,1014,923,yes,13,-2492
2025-05-22T20:05:02.774155,KXBTCD-25MAY2300-T111499.99,DELTA,28,1000,37,1014,924,yes,11,2945
2025-05-22T20:05:03.333272,KXBTCD-25MAY2300-T111499.99,DELTA,28,1000,37,1014,925,yes,26,-2000
2025-05-22T20:05:03.353306,KXBTCD-25MAY2300-T111499.99,DELTA,28,1000,37,1014,926,yes,25,-1250
2025-05-22T20:05:03.393690,KXBTCD-25MAY2300-T111499.99,DELTA,28,1000,37,1014,927,yes,24,1250
2025-05-22T20:05:03.413766,KXBTCD-25MAY2300-T111499.99,DELTA,28,1000,37,1014,928,yes,25,2000
2025-05-22T20:05:03.934373,KXBTCD-25MAY2300-T111499.99,DELTA,28,1000,37,1014,929,yes,25,-2000
2025-05-22T20:05:03.996312,KXBTCD-25MAY2300-T111499.99,DELTA,28,1000,37,1014,930,yes,24,-1250
2025-05-22T20:05:04.015115,KXBTCD-25MAY2300-T111499.99,DELTA,28,1000,37,1014,931,yes,26,2000
2025-05-22T20:05:04.451698,KXBTCD-25MAY2300-T111499.99,DELTA,32,100,37,1014,932,yes,32,100
2025-05-22T20:05:04.451917,KXBTCD-25MAY2300-T111499.99,DELTA,32,100,37,1014,933,no,60,100
2025-05-22T20:05:04.674487,KXBTCD-25MAY2300-T111499.99,DELTA,32,100,37,1014,934,yes,25,1250
2025-05-22T20:05:05.488200,KXBTCD-25MAY2300-T111499.99,DELTA,32,100,37,1014,935,yes,25,-1250
2025-05-22T20:05:05.614289,KXBTCD-25MAY2300-T111499.99,DELTA,32,100,37,1014,936,yes,24,1250
2025-05-22T20:05:05.733002,KXBTCD-25MAY2300-T111499.99,DELTA,32,100,37,1014,937,no,60,-100
2025-05-22T20:05:05.734065,KXBTCD-25MAY2300-T111499.99,DELTA,28,1000,37,1014,938,yes,32,-100
2025-05-22T20:05:07.295735,KXBTCD-25MAY2300-T111499.99,DELTA,28,1000,37,1014,939,yes,26,-2000
2025-05-22T20:05:07.333659,KXBTCD-25MAY2300-T111499.99,DELTA,28,1000,37,1014,940,yes,25,2000
2025-05-22T20:05:10.952653,KXBTCD-25MAY2300-T111499.99,DELTA,33,100,37,1014,941,yes,33,100
2025-05-22T20:05:10.973553,KXBTCD-25MAY2300-T111499.99,DELTA,33,100,37,1014,942,no,59,100
2025-05-22T20:05:11.075367,KXBTCD-25MAY2300-T111499.99,DELTA,33,100,37,1014,943,yes,29,9
2025-05-22T20:05:12.556416,KXBTCD-25MAY2300-T111499.99,DELTA,33,100,37,1014,944,no,59,-100
2025-05-22T20:05:12.580657,KXBTCD-25MAY2300-T111499.99,DELTA,29,9,37,1014,945,yes,33,-100
2025-05-22T20:05:15.813989,KXBTCD-25MAY2300-T111499.99,DELTA,29,9,37,1014,946,no,60,100
2025-05-22T20:05:15.933654,KXBTCD-25MAY2300-T111499.99,DELTA,28,1000,37,1014,947,yes,29,-9
2025-05-22T20:05:16.853103,KXBTCD-25MAY2300-T111499.99,DELTA,28,1000,37,1014,948,yes,26,-250
2025-05-22T20:05:16.872533,KXBTCD-25MAY2300-T111499.99,DELTA,28,1000,37,1014,949,yes,16,250
2025-05-22T20:05:16.933248,KXBTCD-25MAY2300-T111499.99,DELTA,28,1000,37,1014,950,yes,25,-2000
2025-05-22T20:05:16.953426,KXBTCD-25MAY2300-T111499.99,DELTA,27,44,37,1014,951,yes,28,-1000
2025-05-22T20:05:16.954198,KXBTCD-25MAY2300-T111499.99,DELTA,27,44,37,1014,952,yes,24,-1250
2025-05-22T20:05:17.012318,KXBTCD-25MAY2300-T111499.99,DELTA,27,44,37,1014,953,no,11,-8000
2025-05-22T20:05:17.032725,KXBTCD-25MAY2300-T111499.99,DELTA,27,44,37,1014,954,yes,22,1250
2025-05-22T20:05:17.053222,KXBTCD-25MAY2300-T111499.99,DELTA,27,44,37,1014,955,yes,23,2000
2025-05-22T20:05:17.053872,KXBTCD-25MAY2300-T111499.99,DELTA,27,44,37,1014,956,yes,25,1000
2025-05-22T20:05:17.074187,KXBTCD-25MAY2300-T111499.99,DELTA,27,44,37,1014,957,no,12,8000
2025-05-22T20:05:17.094900,KXBTCD-25MAY2300-T111499.99,DELTA,27,44,37,1014,958,yes,14,250
2025-05-22T20:05:17.095454,KXBTCD-25MAY2300-T111499.99,DELTA,27,44,37,1014,959,yes,24,-250
2025-05-22T20:05:17.154427,KXBTCD-25MAY2300-T111499.99,DELTA,27,44,37,1014,960,yes,25,-1000
2025-05-22T20:05:17.173881,KXBTCD-25MAY2300-T111499.99,DELTA,27,44,37,1014,961,yes,14,-250
2025-05-22T20:05:17.174519,KXBTCD-25MAY2300-T111499.99,DELTA,27,44,37,1014,962,no,62,250
2025-05-22T20:05:17.193189,KXBTCD-25MAY2300-T111499.99,DELTA,27,44,37,1014,963,yes,24,250
2025-05-22T20:05:17.193604,KXBTCD-25MAY2300-T111499.99,DELTA,27,44,37,1014,964,no,52,-250
2025-05-22T20:05:17.213536,KXBTCD-25MAY2300-T111499.99,DELTA,27,44,37,1014,965,yes,23,1000
2025-05-22T20:05:17.234095,KXBTCD-25MAY2300-T111499.99,DELTA,27,44,37,1014,966,no,61,-2000
2025-05-22T20:05:17.252859,KXBTCD-25MAY2300-T111499.99,DELTA,27,44,37,1014,967,no,61,-1250
2025-05-22T20:05:17.253454,KXBTCD-25MAY2300-T111499.99,DELTA,27,44,37,1014,968,yes,23,-1000
2025-05-22T20:05:17.313580,KXBTCD-25MAY2300-T111499.99,DELTA,27,44,37,3014,969,no,63,2000
2025-05-22T20:05:17.314457,KXBTCD-25MAY2300-T111499.99,DELTA,27,44,37,4264,970,no,63,1250
2025-05-22T20:05:17.315295,KXBTCD-25MAY2300-T111499.99,DELTA,27,44,37,4264,971,yes,25,1000
2025-05-22T20:05:17.596864,KXBTCD-25MAY2300-T111499.99,DELTA,27,44,37,4264,972,yes,23,-2000
2025-05-22T20:05:17.597618,KXBTCD-25MAY2300-T111499.99,DELTA,27,44,37,4264,973,yes,22,-1250
2025-05-22T20:05:17.614783,KXBTCD-25MAY2300-T111499.99,DELTA,27,44,37,4264,974,no,12,-8000
2025-05-22T20:05:17.652773,KXBTCD-25MAY2300-T111499.99,DELTA,27,44,37,4264,975,yes,22,2000
2025-05-22T20:05:17.653671,KXBTCD-25MAY2300-T111499.99,DELTA,27,44,37,4264,976,yes,21,1250
2025-05-22T20:05:17.673012,KXBTCD-25MAY2300-T111499.99,DELTA,27,44,37,4264,977,yes,25,30
2025-05-22T20:05:17.673901,KXBTCD-25MAY2300-T111499.99,DELTA,27,14,37,4264,978,yes,27,-30
2025-05-22T20:05:17.693205,KXBTCD-25MAY2300-T111499.99,DELTA,27,14,37,4264,979,no,13,8000
2025-05-22T20:05:17.693908,KXBTCD-25MAY2300-T111499.99,DELTA,27,14,37,4264,980,no,62,-30
2025-05-22T20:05:17.694442,KXBTCD-25MAY2300-T111499.99,DELTA,27,14,36,30,981,no,64,30
2025-05-22T20:05:17.712852,KXBTCD-25MAY2300-T111499.99,DELTA,27,14,36,30,982,yes,25,14
2025-05-22T20:05:17.713728,KXBTCD-25MAY2300-T111499.99,DELTA,25,1044,36,30,983,yes,27,-14
2025-05-22T20:05:17.714314,KXBTCD-25MAY2300-T111499.99,DELTA,25,1044,35,14,984,no,65,14
2025-05-22T20:05:17.733990,KXBTCD-25MAY2300-T111499.99,DELTA,25,1044,35,14,985,no,63,-14
2025-05-22T20:05:17.753041,KXBTCD-25MAY2300-T111499.99,DELTA,25,1044,35,14,986,no,63,-1000
2025-05-22T20:05:17.793598,KXBTCD-25MAY2300-T111499.99,DELTA,25,1044,35,1014,987,no,65,1000
2025-05-22T20:05:17.794504,KXBTCD-25MAY2300-T111499.99,DELTA,25,1044,35,1014,988,yes,24,-250
2025-05-22T20:05:17.795248,KXBTCD-25MAY2300-T111499.99,DELTA,25,1044,35,1014,989,yes,14,250
2025-05-22T20:05:17.812621,KXBTCD-25MAY2300-T111499.99,DELTA,25,1044,35,1014,990,yes,22,-2000
2025-05-22T20:05:17.813695,KXBTCD-25MAY2300-T111499.99,DELTA,25,44,35,1014,991,yes,25,-1000
2025-05-22T20:05:17.814256,KXBTCD-25MAY2300-T111499.99,DELTA,32,100,35,1014,992,yes,32,100
2025-05-22T20:05:17.837643,KXBTCD-25MAY2300-T111499.99,DELTA,32,100,35,1014,993,no,13,-8000
2025-05-22T20:05:17.874583,KXBTCD-25MAY2300-T111499.99,DELTA,32,100,35,1014,994,yes,10,-200
2025-05-22T20:05:17.875285,KXBTCD-25MAY2300-T111499.99,DELTA,32,100,35,1014,995,yes,21,-1250
2025-05-22T20:05:17.875785,KXBTCD-25MAY2300-T111499.99,DELTA,32,100,35,1014,996,no,14,8000
2025-05-22T20:05:17.876263,KXBTCD-25MAY2300-T111499.99,DELTA,32,100,35,1014,997,yes,21,2000
2025-05-22T20:05:17.932797,KXBTCD-25MAY2300-T111499.99,DELTA,32,100,35,1014,998,yes,20,1250
2025-05-22T20:05:18.033508,KXBTCD-25MAY2300-T111499.99,DELTA,32,100,35,1014,999,yes,23,1000
2025-05-22T20:05:18.213392,KXBTCD-25MAY2300-T111499.99,DELTA,32,100,35,1014,1000,no,64,250
2025-05-22T20:05:18.234642,KXBTCD-25MAY2300-T111499.99,DELTA,32,100,35,1014,1001,no,54,-250
2025-05-22T20:05:18.295157,KXBTCD-25MAY2300-T111499.99,DELTA,32,100,35,1014,1002,no,63,-2000
2025-05-22T20:05:18.295838,KXBTCD-25MAY2300-T111499.99,DELTA,32,100,35,1014,1003,no,63,-1250
2025-05-22T20:05:18.352364,KXBTCD-25MAY2300-T111499.99,DELTA,32,100,35,2264,1004,no,65,1250
2025-05-22T20:05:18.573398,KXBTCD-25MAY2300-T111499.99,DELTA,32,100,35,4264,1005,no,65,2000
2025-05-22T20:05:18.693744,KXBTCD-25MAY2300-T111499.99,DELTA,32,100,35,4264,1006,yes,26,9
2025-05-22T20:05:19.112378,KXBTCD-25MAY2300-T111499.99,DELTA,26,9,35,4264,1007,yes,32,-100
2025-05-22T20:05:19.132598,KXBTCD-25MAY2300-T111499.99,DELTA,26,9,35,4264,1008,no,60,-100
2025-05-22T20:05:19.850536,KXBTCD-25MAY2300-T111499.99,DELTA,25,44,35,4264,1009,yes,26,-9
2025-05-22T20:05:19.851661,KXBTCD-25MAY2300-T111499.99,DELTA,25,14,35,4264,1010,yes,25,-30
2025-05-22T20:05:19.852371,KXBTCD-25MAY2300-T111499.99,DELTA,23,1000,35,4264,1011,yes,25,-14
2025-05-22T20:05:19.852978,KXBTCD-25MAY2300-T111499.99,DELTA,23,1000,35,4264,1012,yes,19,30
2025-05-22T20:05:19.853556,KXBTCD-25MAY2300-T111499.99,DELTA,23,1000,35,4264,1013,no,64,-30
2025-05-22T20:05:19.853986,KXBTCD-25MAY2300-T111499.99,DELTA,23,1000,35,4250,1014,no,65,-14
2025-05-22T20:05:19.854729,KXBTCD-25MAY2300-T111499.99,DELTA,23,1000,35,4250,1015,yes,19,14
2025-05-22T20:05:19.855122,KXBTCD-25MAY2300-T111499.99,DELTA,23,1000,33,30,1016,no,67,30
2025-05-22T20:05:19.855488,KXBTCD-25MAY2300-T111499.99,DELTA,23,1000,31,14,1017,no,69,14
2025-05-22T20:05:19.893320,KXBTCD-25MAY2300-T111499.99,DELTA,23,1000,31,14,1018,no,65,-1000
2025-05-22T20:05:19.933403,KXBTCD-25MAY2300-T111499.99,DELTA,23,1000,31,14,1019,no,68,1000
2025-05-22T20:05:20.393331,KXBTCD-25MAY2300-T111499.99,DELTA,23,1000,31,14,1020,yes,11,-2945
2025-05-22T20:05:20.394423,KXBTCD-25MAY2300-T111499.99,DELTA,23,1000,31,14,1021,yes,7,4628
2025-05-22T20:05:20.432403,KXBTCD-25MAY2300-T111499.99,DELTA,23,1000,31,14,1022,no,12,-2700
2025-05-22T20:05:20.433352,KXBTCD-25MAY2300-T111499.99,DELTA,23,1000,31,14,1023,no,15,2160
2025-05-22T20:05:20.452171,KXBTCD-25MAY2300-T111499.99,DELTA,23,1000,31,14,1024,yes,8,20000
2025-05-22T20:05:22.933157,KXBTCD-25MAY2300-T111499.99,DELTA,30,100,31,14,1025,yes,30,100
2025-05-22T20:05:22.933666,KXBTCD-25MAY2300-T111499.99,DELTA,30,100,31,14,1026,no,62,100
2025-05-22T20:05:23.052944,KXBTCD-25MAY2300-T111499.99,DELTA,30,100,31,23,1027,no,69,9
2025-05-22T20:05:23.092386,KXBTCD-25MAY2300-T111499.99,DELTA,30,100,31,23,1028,yes,7,-4628
2025-05-22T20:05:23.093263,KXBTCD-25MAY2300-T111499.99,DELTA,30,100,31,23,1029,yes,9,3600
2025-05-22T20:05:23.214796,KXBTCD-25MAY2300-T111499.99,DELTA,30,100,31,23,1030,yes,8,-20000
2025-05-22T20:05:23.272381,KXBTCD-25MAY2300-T111499.99,DELTA,30,100,31,23,1031,yes,10,20000
2025-05-22T20:05:23.794216,KXBTCD-25MAY2300-T111499.99,DELTA,30,100,31,23,1032,no,62,-100
2025-05-22T20:05:23.813887,KXBTCD-25MAY2300-T111499.99,DELTA,23,1000,31,23,1033,yes,30,-100
2025-05-22T20:05:24.233150,KXBTCD-25MAY2300-T111499.99,DELTA,23,1000,31,23,1034,yes,9,-3600
2025-05-22T20:05:24.234046,KXBTCD-25MAY2300-T111499.99,DELTA,23,1000,31,23,1035,yes,11,2945
2025-05-22T20:05:24.293957,KXBTCD-25MAY2300-T111499.99,DELTA,23,1000,31,23,1036,yes,10,-20000
2025-05-22T20:05:25.373258,KXBTCD-25MAY2300-T111499.99,DELTA,23,1000,31,23,1037,yes,11,-2945
2025-05-22T20:05:25.373961,KXBTCD-25MAY2300-T111499.99,DELTA,23,1000,31,23,1038,yes,7,4628
2025-05-22T20:05:25.433273,KXBTCD-25MAY2300-T111499.99,DELTA,23,1000,31,23,1039,yes,8,20000
2025-05-22T20:05:25.693134,KXBTCD-25MAY2300-T111499.99,DELTA,23,1000,31,23,1040,no,63,100
2025-05-22T20:05:26.173289,KXBTCD-25MAY2300-T111499.99,DELTA,23,1000,31,23,1041,no,63,-100
2025-05-22T20:05:26.472750,KXBTCD-25MAY2300-T111499.99,DELTA,23,1000,31,23,1042,yes,7,-4628
2025-05-22T20:05:26.473782,KXBTCD-25MAY2300-T111499.99,DELTA,23,1000,31,23,1043,yes,9,3600
2025-05-22T20:05:26.532793,KXBTCD-25MAY2300-T111499.99,DELTA,23,1000,31,23,1044,yes,8,-20000
2025-05-22T20:05:26.572429,KXBTCD-25MAY2300-T111499.99,DELTA,23,1000,31,23,1045,yes,10,20000
2025-05-22T20:05:27.120492,KXBTCD-25MAY2300-T111499.99,DELTA,29,100,31,23,1046,yes,29,100
2025-05-22T20:05:27.631952,KXBTCD-25MAY2300-T111499.99,DELTA,29,100,31,23,1047,yes,9,-3600
2025-05-22T20:05:27.633116,KXBTCD-25MAY2300-T111499.99,DELTA,29,100,31,23,1048,yes,11,2945
2025-05-22T20:05:27.633873,KXBTCD-25MAY2300-T111499.99,DELTA,29,100,31,23,1049,yes,10,-20000
2025-05-22T20:05:28.813496,KXBTCD-25MAY2300-T111499.99,DELTA,23,1000,31,23,1050,yes,29,-100
2025-05-22T20:05:29.113197,KXBTCD-25MAY2300-T111499.99,DELTA,23,1000,31,23,1051,yes,21,-2000
2025-05-22T20:05:29.133070,KXBTCD-25MAY2300-T111499.99,DELTA,23,1000,31,23,1052,yes,20,-1250
2025-05-22T20:05:29.173390,KXBTCD-25MAY2300-T111499.99,DELTA,23,1000,31,23,1053,yes,21,1250
2025-05-22T20:05:29.273386,KXBTCD-25MAY2300-T111499.99,DELTA,23,1000,31,23,1054,yes,22,2000
2025-05-22T20:05:30.088980,KXBTCD-25MAY2300-T111499.99,DELTA,23,1000,31,23,1055,no,63,100
2025-05-22T20:05:31.712774,KXBTCD-25MAY2300-T111499.99,DELTA,23,1000,31,23,1056,no,63,-100
2025-05-22T20:05:31.827786,KXBTCD-25MAY2300-T111499.99,DELTA,23,1000,31,23,1057,yes,11,-2945
2025-05-22T20:05:31.828071,KXBTCD-25MAY2300-T111499.99,DELTA,23,1000,31,23,1058,yes,7,4628
2025-05-22T20:05:31.893504,KXBTCD-25MAY2300-T111499.99,DELTA,23,1000,31,23,1059,yes,8,20000
2025-05-22T20:05:32.432486,KXBTCD-25MAY2300-T111499.99,DELTA,29,100,31,23,1060,yes,29,100
2025-05-22T20:05:33.913604,KXBTCD-25MAY2300-T111499.99,DELTA,23,1000,31,23,1061,yes,29,-100
2025-05-22T20:05:34.273830,KXBTCD-25MAY2300-T111499.99,DELTA,23,1000,31,23,1062,yes,7,-4628
2025-05-22T20:05:34.275073,KXBTCD-25MAY2300-T111499.99,DELTA,23,1000,31,23,1063,yes,9,3600
2025-05-22T20:05:34.333480,KXBTCD-25MAY2300-T111499.99,DELTA,23,1000,31,23,1064,yes,8,-20000
2025-05-22T20:05:34.393979,KXBTCD-25MAY2300-T111499.99,DELTA,23,1000,31,23,1065,yes,10,20000
2025-05-22T20:05:34.693309,KXBTCD-25MAY2300-T111499.99,DELTA,23,1000,31,23,1066,no,62,100
2025-05-22T20:05:35.372735,KXBTCD-25MAY2300-T111499.99,DELTA,23,1000,31,23,1067,yes,9,-3600
2025-05-22T20:05:35.373545,KXBTCD-25MAY2300-T111499.99,DELTA,23,1000,31,23,1068,yes,11,2945
2025-05-22T20:05:35.487776,KXBTCD-25MAY2300-T111499.99,DELTA,23,1000,31,23,1069,yes,10,-20000
2025-05-22T20:05:36.073999,KXBTCD-25MAY2300-T111499.99,DELTA,30,100,31,23,1070,yes,30,100
2025-05-22T20:05:36.352977,KXBTCD-25MAY2300-T111499.99,DELTA,30,100,31,23,1071,no,62,-100
2025-05-22T20:05:36.454135,KXBTCD-25MAY2300-T111499.99,DELTA,30,100,31,23,1072,yes,11,-2945
2025-05-22T20:05:36.455182,KXBTCD-25MAY2300-T111499.99,DELTA,30,100,31,23,1073,yes,7,4628
2025-05-22T20:05:36.513627,KXBTCD-25MAY2300-T111499.99,DELTA,30,100,31,23,1074,yes,8,20000
2025-05-22T20:05:37.094120,KXBTCD-25MAY2300-T111499.99,DELTA,23,1000,31,23,1075,yes,30,-100
2025-05-22T20:05:37.552473,KXBTCD-25MAY2300-T111499.99,DELTA,23,1000,31,23,1076,yes,7,-4628
2025-05-22T20:05:37.552848,KXBTCD-25MAY2300-T111499.99,DELTA,23,1000,31,23,1077,yes,9,3600
2025-05-22T20:05:37.612130,KXBTCD-25MAY2300-T111499.99,DELTA,23,1000,31,23,1078,yes,8,-20000
2025-05-22T20:05:37.713774,KXBTCD-25MAY2300-T111499.99,DELTA,23,1000,31,23,1079,yes,10,20000
2025-05-22T20:05:38.573155,KXBTCD-25MAY2300-T111499.99,DELTA,23,1000,31,23,1080,yes,9,-3600
2025-05-22T20:05:38.574169,KXBTCD-25MAY2300-T111499.99,DELTA,23,1000,31,23,1081,yes,11,2945
2025-05-22T20:05:38.732269,KXBTCD-25MAY2300-T111499.99,DELTA,23,1000,31,23,1082,yes,10,-20000
2025-05-22T20:05:40.599752,KXBTCD-25MAY2300-T111499.99,DELTA,23,1000,31,23,1083,no,62,100
2025-05-22T20:05:40.732375,KXBTCD-25MAY2300-T111499.99,DELTA,23,935,31,23,1084,yes,23,-65
2025-05-22T20:05:43.613283,KXBTCD-25MAY2300-T111499.99,DELTA,30,100,31,23,1085,yes,30,100
