timestamp,market_ticker,type,yes_bid_price_cents,yes_bid_qty,yes_ask_price_cents,yes_ask_qty_on_no_side,sequence_num,delta_side,delta_price_cents,delta_quantity
2025-05-22T17:05:50.313926,KXBTCD-25MAY2221-T111249.99,SNAPSHOT,76,1000,81,400,1,,,
2025-05-22T17:05:50.384540,KXBTCD-25MAY2221-T111249.99,DELTA,76,1000,81,400,2,no,15,1250
2025-05-22T17:05:50.384757,KXBTCD-25MAY2221-T111249.99,DELTA,76,1000,81,400,3,no,17,-1000
2025-05-22T17:05:50.404703,KXBTCD-25MAY2221-T111249.99,DELTA,76,1000,81,400,4,no,16,2000
2025-05-22T17:05:50.444174,KXBTCD-25MAY2221-T111249.99,DELTA,76,1000,81,1400,5,no,19,1000
2025-05-22T17:05:50.804411,KXBTCD-25MAY2221-T111249.99,DELTA,76,1000,81,1400,6,no,15,-1250
2025-05-22T17:05:50.844269,KXBTCD-25MAY2221-T111249.99,DELTA,76,1000,81,1400,7,no,16,1250
2025-05-22T17:05:50.865851,KXBTCD-25MAY2221-T111249.99,DELTA,76,1000,81,1400,8,yes,6,-5400
2025-05-22T17:05:50.866048,KXBTCD-25MAY2221-T111249.99,DELTA,76,1000,81,1400,9,yes,8,4050
2025-05-22T17:05:50.944549,KXBTCD-25MAY2221-T111249.99,DELTA,76,1000,81,1400,10,yes,7,-20000
2025-05-22T17:05:50.944734,KXBTCD-25MAY2221-T111249.99,DELTA,76,1000,81,1400,11,no,16,-1250
2025-05-22T17:05:50.984477,KXBTCD-25MAY2221-T111249.99,DELTA,76,1000,81,1400,12,no,15,1250
2025-05-22T17:05:51.128548,KXBTCD-25MAY2221-T111249.99,DELTA,76,1000,81,1400,13,yes,9,20000
2025-05-22T17:05:51.144369,KXBTCD-25MAY2221-T111249.99,DELTA,76,1000,81,1400,14,no,16,-2000
2025-05-22T17:05:51.144521,KXBTCD-25MAY2221-T111249.99,DELTA,76,1000,81,400,15,no,19,-1000
2025-05-22T17:05:51.164636,KXBTCD-25MAY2221-T111249.99,DELTA,76,1000,81,400,16,no,15,-1250
2025-05-22T17:05:51.204143,KXBTCD-25MAY2221-T111249.99,DELTA,76,1000,81,400,17,no,15,2000
2025-05-22T17:05:51.204283,KXBTCD-25MAY2221-T111249.99,DELTA,76,1000,81,400,18,no,17,1000
2025-05-22T17:05:51.204342,KXBTCD-25MAY2221-T111249.99,DELTA,76,1000,81,400,19,no,15,1250
2025-05-22T17:05:51.683482,KXBTCD-25MAY2221-T111249.99,DELTA,76,1000,81,400,20,no,15,-2000
2025-05-22T17:05:51.683680,KXBTCD-25MAY2221-T111249.99,DELTA,76,1000,81,400,21,no,17,-1000
2025-05-22T17:05:51.703745,KXBTCD-25MAY2221-T111249.99,DELTA,76,1000,81,400,22,no,15,-1250
2025-05-22T17:05:51.744534,KXBTCD-25MAY2221-T111249.99,DELTA,76,1000,81,400,23,no,16,1250
2025-05-22T17:05:51.744702,KXBTCD-25MAY2221-T111249.99,DELTA,76,1000,81,1400,24,no,19,1000
2025-05-22T17:05:51.764106,KXBTCD-25MAY2221-T111249.99,DELTA,76,1000,81,1400,25,no,16,2000
2025-05-22T17:05:51.804186,KXBTCD-25MAY2221-T111249.99,DELTA,76,1000,81,1400,26,no,16,-2000
2025-05-22T17:05:51.804615,KXBTCD-25MAY2221-T111249.99,DELTA,76,1000,81,400,27,no,19,-1000
2025-05-22T17:05:51.844097,KXBTCD-25MAY2221-T111249.99,DELTA,76,1000,81,400,28,no,17,1000
2025-05-22T17:05:51.844295,KXBTCD-25MAY2221-T111249.99,DELTA,76,1000,81,400,29,no,15,2000
2025-05-22T17:05:52.123974,KXBTCD-25MAY2221-T111249.99,DELTA,76,1000,81,400,30,yes,8,-4050
2025-05-22T17:05:52.124155,KXBTCD-25MAY2221-T111249.99,DELTA,76,1000,81,400,31,yes,10,3240
2025-05-22T17:05:52.183238,KXBTCD-25MAY2221-T111249.99,DELTA,76,1000,81,400,32,yes,9,-20000
2025-05-22T17:05:52.224130,KXBTCD-25MAY2221-T111249.99,DELTA,76,1000,81,400,33,yes,11,20000
2025-05-22T17:05:52.784408,KXBTCD-25MAY2221-T111249.99,DELTA,76,1000,81,400,34,no,15,-2000
2025-05-22T17:05:52.784564,KXBTCD-25MAY2221-T111249.99,DELTA,76,1000,81,400,35,no,17,-1000
2025-05-22T17:05:52.843977,KXBTCD-25MAY2221-T111249.99,DELTA,76,1000,81,400,36,no,16,2000
2025-05-22T17:05:52.844146,KXBTCD-25MAY2221-T111249.99,DELTA,76,1000,81,1400,37,no,19,1000
2025-05-22T17:05:53.303303,KXBTCD-25MAY2221-T111249.99,DELTA,76,1000,81,1400,38,yes,10,-3240
2025-05-22T17:05:53.303452,KXBTCD-25MAY2221-T111249.99,DELTA,76,1000,81,1400,39,yes,12,2700
2025-05-22T17:05:53.363861,KXBTCD-25MAY2221-T111249.99,DELTA,76,1000,81,1400,40,yes,11,-20000
2025-05-22T17:05:54.165403,KXBTCD-25MAY2221-T111249.99,DELTA,76,1000,81,1400,41,no,16,-2000
2025-05-22T17:05:54.184156,KXBTCD-25MAY2221-T111249.99,DELTA,76,1000,81,400,42,no,19,-1000
2025-05-22T17:05:54.184363,KXBTCD-25MAY2221-T111249.99,DELTA,76,1000,81,400,43,no,16,-1250
2025-05-22T17:05:54.243874,KXBTCD-25MAY2221-T111249.99,DELTA,76,1000,81,400,44,no,17,1000
2025-05-22T17:05:54.244067,KXBTCD-25MAY2221-T111249.99,DELTA,76,1000,81,400,45,no,15,1250
2025-05-22T17:05:54.244141,KXBTCD-25MAY2221-T111249.99,DELTA,76,1000,81,400,46,no,15,2000
2025-05-22T17:05:54.484154,KXBTCD-25MAY2221-T111249.99,DELTA,76,1000,81,400,47,yes,12,-2700
2025-05-22T17:05:54.484375,KXBTCD-25MAY2221-T111249.99,DELTA,76,1000,81,400,48,yes,4,8100
2025-05-22T17:05:54.543450,KXBTCD-25MAY2221-T111249.99,DELTA,76,1000,81,400,49,yes,5,20000
2025-05-22T17:05:55.044993,KXBTCD-25MAY2221-T111249.99,DELTA,76,1000,83,1014,50,no,19,-400
2025-05-22T17:05:55.084436,KXBTCD-25MAY2221-T111249.99,DELTA,76,1000,82,400,51,no,18,400
2025-05-22T17:05:55.144212,KXBTCD-25MAY2221-T111249.99,DELTA,76,1000,82,400,52,no,17,-1000
2025-05-22T17:05:55.183680,KXBTCD-25MAY2221-T111249.99,DELTA,76,1000,82,1400,53,no,18,1000
2025-05-22T17:05:55.303762,KXBTCD-25MAY2221-T111249.99,DELTA,76,1000,82,1400,54,no,15,-2000
2025-05-22T17:05:55.303932,KXBTCD-25MAY2221-T111249.99,DELTA,76,1000,82,400,55,no,18,-1000
2025-05-22T17:05:55.324403,KXBTCD-25MAY2221-T111249.99,DELTA,76,1000,82,400,56,no,15,-1250
2025-05-22T17:05:55.364074,KXBTCD-25MAY2221-T111249.99,DELTA,76,1000,82,400,57,no,16,2000
2025-05-22T17:05:55.364237,KXBTCD-25MAY2221-T111249.99,DELTA,76,1000,81,1000,58,no,19,1000
2025-05-22T17:05:55.383543,KXBTCD-25MAY2221-T111249.99,DELTA,76,1000,81,1000,59,no,16,1250
2025-05-22T17:05:58.084865,KXBTCD-25MAY2221-T111249.99,DELTA,75,350,81,1000,60,yes,76,-1000
2025-05-22T17:05:58.103841,KXBTCD-25MAY2221-T111249.99,DELTA,75,350,81,1000,61,no,16,-2000
2025-05-22T17:05:58.104821,KXBTCD-25MAY2221-T111249.99,DELTA,75,350,81,1000,62,no,16,-1250
2025-05-22T17:05:58.184809,KXBTCD-25MAY2221-T111249.99,DELTA,75,350,81,1000,63,no,17,1250
2025-05-22T17:05:58.184958,KXBTCD-25MAY2221-T111249.99,DELTA,75,1350,81,1000,64,yes,75,1000
2025-05-22T17:05:58.185039,KXBTCD-25MAY2221-T111249.99,DELTA,75,1350,81,1000,65,no,17,2000
2025-05-22T17:05:58.203948,KXBTCD-25MAY2221-T111249.99,DELTA,75,1350,81,1000,66,no,18,-400
2025-05-22T17:05:58.263921,KXBTCD-25MAY2221-T111249.99,DELTA,75,1350,83,3264,67,no,19,-1000
2025-05-22T17:05:58.285034,KXBTCD-25MAY2221-T111249.99,DELTA,75,1350,80,150,68,no,20,150
2025-05-22T17:05:58.325167,KXBTCD-25MAY2221-T111249.99,DELTA,75,1350,80,150,69,no,17,1000
2025-05-22T17:05:58.404083,KXBTCD-25MAY2221-T111249.99,DELTA,75,1350,80,150,70,no,17,-1000
2025-05-22T17:05:58.443679,KXBTCD-25MAY2221-T111249.99,DELTA,75,1350,80,1150,71,no,20,1000
2025-05-22T17:06:00.072669,KXBTCD-25MAY2221-T111249.99,DELTA,75,1350,80,1150,72,yes,4,-8100
2025-05-22T17:06:00.072789,KXBTCD-25MAY2221-T111249.99,DELTA,75,1350,80,1150,73,yes,6,5400
2025-05-22T17:06:00.144361,KXBTCD-25MAY2221-T111249.99,DELTA,75,1350,80,1150,74,yes,5,-20000
2025-05-22T17:06:00.204203,KXBTCD-25MAY2221-T111249.99,DELTA,75,1350,80,1150,75,yes,7,20000
2025-05-22T17:06:00.305065,KXBTCD-25MAY2221-T111249.99,DELTA,75,1350,80,1150,76,yes,60,250
2025-05-22T17:06:00.305202,KXBTCD-25MAY2221-T111249.99,DELTA,75,1350,80,1150,77,yes,70,-250
2025-05-22T17:06:00.324607,KXBTCD-25MAY2221-T111249.99,DELTA,75,350,80,1150,78,yes,75,-1000
2025-05-22T17:06:00.344726,KXBTCD-25MAY2221-T111249.99,DELTA,74,114,80,1150,79,yes,75,-350
2025-05-22T17:06:00.344874,KXBTCD-25MAY2221-T111249.99,DELTA,74,114,80,150,80,no,20,-1000
2025-05-22T17:06:00.384694,KXBTCD-25MAY2221-T111249.99,DELTA,74,114,80,150,81,yes,71,-2000
2025-05-22T17:06:00.404714,KXBTCD-25MAY2221-T111249.99,DELTA,74,114,80,150,82,yes,60,-250
2025-05-22T17:06:00.404808,KXBTCD-25MAY2221-T111249.99,DELTA,74,114,80,150,83,yes,71,-1250
2025-05-22T17:06:00.404874,KXBTCD-25MAY2221-T111249.99,DELTA,74,114,80,150,84,yes,62,-250
2025-05-22T17:06:00.425242,KXBTCD-25MAY2221-T111249.99,DELTA,74,1114,80,150,85,yes,74,1000
2025-05-22T17:06:00.425339,KXBTCD-25MAY2221-T111249.99,DELTA,74,1114,80,150,86,no,8,-250
2025-05-22T17:06:00.425463,KXBTCD-25MAY2221-T111249.99,DELTA,74,1114,79,1000,87,no,21,1000
2025-05-22T17:06:00.425524,KXBTCD-25MAY2221-T111249.99,DELTA,74,1114,79,1000,88,yes,72,250
2025-05-22T17:06:00.444344,KXBTCD-25MAY2221-T111249.99,DELTA,74,1114,79,1000,89,yes,70,250
2025-05-22T17:06:00.444547,KXBTCD-25MAY2221-T111249.99,DELTA,74,1114,79,1000,90,no,18,250
2025-05-22T17:06:00.484027,KXBTCD-25MAY2221-T111249.99,DELTA,74,1114,79,1000,91,no,20,250
2025-05-22T17:06:00.484181,KXBTCD-25MAY2221-T111249.99,DELTA,74,1214,79,1000,92,yes,74,100
2025-05-22T17:06:00.505008,KXBTCD-25MAY2221-T111249.99,DELTA,74,1214,79,1000,93,no,10,-250
2025-05-22T17:06:00.505104,KXBTCD-25MAY2221-T111249.99,DELTA,74,1214,79,1000,94,yes,69,1250
2025-05-22T17:06:00.505328,KXBTCD-25MAY2221-T111249.99,DELTA,74,1214,79,1000,95,yes,69,2000
2025-05-22T17:06:00.585632,KXBTCD-25MAY2221-T111249.99,DELTA,74,1214,79,1000,96,no,17,-2000
2025-05-22T17:06:00.587870,KXBTCD-25MAY2221-T111249.99,DELTA,74,1214,79,1000,97,yes,69,-2000
2025-05-22T17:06:00.587982,KXBTCD-25MAY2221-T111249.99,DELTA,74,1214,79,1000,98,no,17,-1250
2025-05-22T17:06:00.604603,KXBTCD-25MAY2221-T111249.99,DELTA,74,1214,79,1000,99,yes,69,-1250
2025-05-22T17:06:00.664787,KXBTCD-25MAY2221-T111249.99,DELTA,74,1214,79,1000,100,no,18,1250
2025-05-22T17:06:00.664911,KXBTCD-25MAY2221-T111249.99,DELTA,74,1214,79,1000,101,no,18,2000
2025-05-22T17:06:00.684296,KXBTCD-25MAY2221-T111249.99,DELTA,74,1214,79,1000,102,yes,71,1250
2025-05-22T17:06:00.684429,KXBTCD-25MAY2221-T111249.99,DELTA,74,1214,79,1000,103,yes,71,2000
2025-05-22T17:06:00.844726,KXBTCD-25MAY2221-T111249.99,DELTA,74,1214,79,1000,104,no,18,-1250
2025-05-22T17:06:00.905109,KXBTCD-25MAY2221-T111249.99,DELTA,74,1214,79,1000,105,no,17,1250
2025-05-22T17:06:00.944396,KXBTCD-25MAY2221-T111249.99,DELTA,74,1214,79,1000,106,no,17,-1250
2025-05-22T17:06:01.015670,KXBTCD-25MAY2221-T111249.99,DELTA,74,1214,79,1000,107,yes,71,-1250
2025-05-22T17:06:01.015770,KXBTCD-25MAY2221-T111249.99,DELTA,74,1214,79,1000,108,no,18,1250
2025-05-22T17:06:01.023761,KXBTCD-25MAY2221-T111249.99,DELTA,74,1214,79,1000,109,yes,70,1250
2025-05-22T17:06:01.043803,KXBTCD-25MAY2221-T111249.99,DELTA,74,1114,79,1000,110,yes,74,-100
2025-05-22T17:06:01.043896,KXBTCD-25MAY2221-T111249.99,DELTA,74,1114,79,1000,111,no,20,-150
2025-05-22T17:06:01.104313,KXBTCD-25MAY2221-T111249.99,DELTA,74,1114,79,1000,112,yes,73,200
2025-05-22T17:06:01.123993,KXBTCD-25MAY2221-T111249.99,DELTA,74,1114,78,50,113,no,22,50
2025-05-22T17:06:01.164206,KXBTCD-25MAY2221-T111249.99,DELTA,74,1114,78,50,114,yes,72,-250
2025-05-22T17:06:01.244662,KXBTCD-25MAY2221-T111249.99,DELTA,74,1114,78,50,115,yes,62,250
2025-05-22T17:06:01.664603,KXBTCD-25MAY2221-T111249.99,DELTA,74,1114,78,50,116,yes,71,-2000
2025-05-22T17:06:01.684174,KXBTCD-25MAY2221-T111249.99,DELTA,74,114,78,50,117,yes,74,-1000
2025-05-22T17:06:01.684326,KXBTCD-25MAY2221-T111249.99,DELTA,74,114,78,50,118,yes,36,-8000
2025-05-22T17:06:01.705284,KXBTCD-25MAY2221-T111249.99,DELTA,74,114,78,50,119,no,18,-2000
2025-05-22T17:06:01.705427,KXBTCD-25MAY2221-T111249.99,DELTA,74,114,78,50,120,no,21,-1000
2025-05-22T17:06:01.843776,KXBTCD-25MAY2221-T111249.99,DELTA,74,114,78,50,121,yes,73,1000
2025-05-22T17:06:01.843914,KXBTCD-25MAY2221-T111249.99,DELTA,74,114,78,50,122,yes,70,2000
2025-05-22T17:06:01.843987,KXBTCD-25MAY2221-T111249.99,DELTA,74,114,78,1050,123,no,22,1000
2025-05-22T17:06:01.844046,KXBTCD-25MAY2221-T111249.99,DELTA,74,114,78,1050,124,no,19,2000
2025-05-22T17:06:01.844099,KXBTCD-25MAY2221-T111249.99,DELTA,74,114,78,1050,125,yes,16,8000
2025-05-22T17:06:01.964718,KXBTCD-25MAY2221-T111249.99,DELTA,74,14,78,1050,126,yes,74,-100
2025-05-22T17:06:02.143270,KXBTCD-25MAY2221-T111249.99,DELTA,74,14,78,1300,127,no,22,250
2025-05-22T17:06:02.165143,KXBTCD-25MAY2221-T111249.99,DELTA,74,14,78,1300,128,no,12,-250
2025-05-22T17:06:02.724974,KXBTCD-25MAY2221-T111249.99,DELTA,74,14,78,1300,129,yes,6,-5400
2025-05-22T17:06:02.725176,KXBTCD-25MAY2221-T111249.99,DELTA,74,14,78,1300,130,yes,17,1905
2025-05-22T17:06:02.783661,KXBTCD-25MAY2221-T111249.99,DELTA,74,14,78,1300,131,no,2,16200
2025-05-22T17:06:02.783797,KXBTCD-25MAY2221-T111249.99,DELTA,74,14,78,1300,132,yes,7,-20000
2025-05-22T17:06:02.864056,KXBTCD-25MAY2221-T111249.99,DELTA,74,14,78,1300,133,no,3,20000
2025-05-22T17:06:03.264090,KXBTCD-25MAY2221-T111249.99,DELTA,74,14,78,1250,134,no,22,-50
2025-05-22T17:06:03.304123,KXBTCD-25MAY2221-T111249.99,DELTA,74,14,78,1250,135,no,21,250
2025-05-22T17:06:04.367011,KXBTCD-25MAY2221-T111249.99,DELTA,74,14,78,1250,136,yes,70,-1250
2025-05-22T17:06:04.403746,KXBTCD-25MAY2221-T111249.99,DELTA,74,14,78,1250,137,yes,69,1250
2025-05-22T17:06:04.503389,KXBTCD-25MAY2221-T111249.99,DELTA,73,1230,78,1250,138,yes,74,-14
2025-05-22T17:06:04.503539,KXBTCD-25MAY2221-T111249.99,DELTA,73,1230,78,1250,139,yes,72,14
2025-05-22T17:06:04.524567,KXBTCD-25MAY2221-T111249.99,DELTA,73,1200,78,1250,140,yes,73,-30
2025-05-22T17:06:04.524679,KXBTCD-25MAY2221-T111249.99,DELTA,73,1200,78,1250,141,no,19,14
2025-05-22T17:06:04.524751,KXBTCD-25MAY2221-T111249.99,DELTA,73,1200,78,1250,142,no,17,-14
2025-05-22T17:06:04.524811,KXBTCD-25MAY2221-T111249.99,DELTA,73,1200,78,1250,143,yes,71,30
2025-05-22T17:06:04.524867,KXBTCD-25MAY2221-T111249.99,DELTA,73,1200,78,1250,144,no,18,-1250
2025-05-22T17:06:04.524917,KXBTCD-25MAY2221-T111249.99,DELTA,73,1200,78,1250,145,no,18,30
2025-05-22T17:06:04.524968,KXBTCD-25MAY2221-T111249.99,DELTA,73,1200,78,1250,146,no,16,-30
2025-05-22T17:06:04.544026,KXBTCD-25MAY2221-T111249.99,DELTA,73,1200,78,1250,147,yes,72,100
2025-05-22T17:06:04.566836,KXBTCD-25MAY2221-T111249.99,DELTA,73,1200,78,1250,148,no,19,1250
2025-05-22T17:06:04.873168,KXBTCD-25MAY2221-T111249.99,DELTA,73,1200,78,1250,149,yes,70,-2000
2025-05-22T17:06:04.873310,KXBTCD-25MAY2221-T111249.99,DELTA,73,200,78,1250,150,yes,73,-1000
2025-05-22T17:06:04.873400,KXBTCD-25MAY2221-T111249.99,DELTA,73,200,78,1250,151,no,19,-2000
2025-05-22T17:06:04.884512,KXBTCD-25MAY2221-T111249.99,DELTA,73,200,78,250,152,no,22,-1000
2025-05-22T17:06:04.951119,KXBTCD-25MAY2221-T111249.99,DELTA,72,114,78,250,153,yes,73,-200
2025-05-22T17:06:04.951341,KXBTCD-25MAY2221-T111249.99,DELTA,72,114,78,250,154,no,21,-250
2025-05-22T17:06:04.968141,KXBTCD-25MAY2221-T111249.99,DELTA,72,114,78,250,155,yes,69,-1250
2025-05-22T17:06:04.984158,KXBTCD-25MAY2221-T111249.99,DELTA,72,114,78,250,156,no,19,-1250
2025-05-22T17:06:04.984282,KXBTCD-25MAY2221-T111249.99,DELTA,72,114,78,250,157,yes,71,1000
2025-05-22T17:06:04.984354,KXBTCD-25MAY2221-T111249.99,DELTA,72,114,78,250,158,no,21,2000
2025-05-22T17:06:04.984414,KXBTCD-25MAY2221-T111249.99,DELTA,72,114,78,250,159,yes,59,-3000
2025-05-22T17:06:04.984603,KXBTCD-25MAY2221-T111249.99,DELTA,72,114,78,250,160,yes,68,2000
2025-05-22T17:06:04.984683,KXBTCD-25MAY2221-T111249.99,DELTA,72,114,77,1000,161,no,23,1000
2025-05-22T17:06:05.003910,KXBTCD-25MAY2221-T111249.99,DELTA,72,114,77,1000,162,no,12,250
2025-05-22T17:06:05.004004,KXBTCD-25MAY2221-T111249.99,DELTA,72,114,77,1000,163,no,22,-250
2025-05-22T17:06:05.071556,KXBTCD-25MAY2221-T111249.99,DELTA,72,314,77,1000,164,yes,72,200
2025-05-22T17:06:05.071660,KXBTCD-25MAY2221-T111249.99,DELTA,72,314,77,1100,165,no,23,100
2025-05-22T17:06:05.072408,KXBTCD-25MAY2221-T111249.99,DELTA,72,314,77,1100,166,yes,52,3000
2025-05-22T17:06:05.072485,KXBTCD-25MAY2221-T111249.99,DELTA,72,314,77,1100,167,yes,68,1250
2025-05-22T17:06:05.085166,KXBTCD-25MAY2221-T111249.99,DELTA,72,314,77,1100,168,no,20,1250
2025-05-22T17:06:05.104504,KXBTCD-25MAY2221-T111249.99,DELTA,72,314,77,100,169,no,23,-1000
2025-05-22T17:06:05.144137,KXBTCD-25MAY2221-T111249.99,DELTA,72,314,76,1000,170,no,24,1000
2025-05-22T17:06:05.164978,KXBTCD-25MAY2221-T111249.99,DELTA,72,314,76,1000,171,no,12,-250
2025-05-22T17:06:05.204047,KXBTCD-25MAY2221-T111249.99,DELTA,72,314,76,1000,172,no,22,250
2025-05-22T17:06:06.210991,KXBTCD-25MAY2221-T111249.99,DELTA,72,314,76,1000,173,yes,68,-2000
2025-05-22T17:06:06.211189,KXBTCD-25MAY2221-T111249.99,DELTA,72,314,76,1000,174,yes,71,-1000
2025-05-22T17:06:06.224688,KXBTCD-25MAY2221-T111249.99,DELTA,72,314,76,1000,175,no,21,-2000
2025-05-22T17:06:06.224901,KXBTCD-25MAY2221-T111249.99,DELTA,72,314,77,100,176,no,24,-1000
2025-05-22T17:06:06.285283,KXBTCD-25MAY2221-T111249.99,DELTA,72,314,77,100,177,yes,69,2000
2025-05-22T17:06:06.285524,KXBTCD-25MAY2221-T111249.99,DELTA,72,314,77,100,178,no,20,2000
2025-05-22T17:06:06.285603,KXBTCD-25MAY2221-T111249.99,DELTA,72,314,77,1100,179,no,23,1000
2025-05-22T17:06:06.304608,KXBTCD-25MAY2221-T111249.99,DELTA,72,1314,77,1100,180,yes,72,1000
2025-05-22T17:06:06.424484,KXBTCD-25MAY2221-T111249.99,DELTA,72,1314,77,1100,181,yes,68,-1250
2025-05-22T17:06:06.446291,KXBTCD-25MAY2221-T111249.99,DELTA,72,1314,77,1100,182,no,20,-1250
2025-05-22T17:06:06.484190,KXBTCD-25MAY2221-T111249.99,DELTA,72,1314,77,1100,183,no,2,-16200
2025-05-22T17:06:06.484383,KXBTCD-25MAY2221-T111249.99,DELTA,72,1314,77,1100,184,no,1,32400
2025-05-22T17:06:06.484498,KXBTCD-25MAY2221-T111249.99,DELTA,72,1314,77,1100,185,yes,69,1250
2025-05-22T17:06:06.484567,KXBTCD-25MAY2221-T111249.99,DELTA,72,1314,77,1100,186,no,19,1250
2025-05-22T17:06:06.545974,KXBTCD-25MAY2221-T111249.99,DELTA,72,1314,77,1100,187,no,3,-20000
2025-05-22T17:06:06.604643,KXBTCD-25MAY2221-T111249.99,DELTA,72,1314,77,1100,188,no,2,20000
2025-05-22T17:06:07.503813,KXBTCD-25MAY2221-T111249.99,DELTA,72,1314,77,1000,189,no,23,-100
2025-05-22T17:06:07.543320,KXBTCD-25MAY2221-T111249.99,DELTA,72,1314,77,1000,190,no,22,350
2025-05-22T17:06:09.824474,KXBTCD-25MAY2221-T111249.99,DELTA,72,1314,77,1000,191,yes,69,-1250
2025-05-22T17:06:09.844609,KXBTCD-25MAY2221-T111249.99,DELTA,72,1314,77,1000,192,no,19,-1250
2025-05-22T17:06:09.884692,KXBTCD-25MAY2221-T111249.99,DELTA,72,1314,77,1000,193,yes,70,-250
2025-05-22T17:06:09.884873,KXBTCD-25MAY2221-T111249.99,DELTA,72,1314,77,1000,194,yes,60,250
2025-05-22T17:06:09.904046,KXBTCD-25MAY2221-T111249.99,DELTA,72,1314,77,1000,195,yes,69,-2000
2025-05-22T17:06:09.905082,KXBTCD-25MAY2221-T111249.99,DELTA,72,314,77,1000,196,yes,72,-1000
2025-05-22T17:06:09.945627,KXBTCD-25MAY2221-T111249.99,DELTA,72,314,77,1000,197,no,20,-2000
2025-05-22T17:06:09.964585,KXBTCD-25MAY2221-T111249.99,DELTA,72,314,77,1000,198,no,21,1250
2025-05-22T17:06:09.964712,KXBTCD-25MAY2221-T111249.99,DELTA,72,314,77,1000,199,yes,67,1250
2025-05-22T17:06:09.985351,KXBTCD-25MAY2221-T111249.99,DELTA,72,114,77,1000,200,yes,72,-200
2025-05-22T17:06:10.005057,KXBTCD-25MAY2221-T111249.99,DELTA,72,114,77,1000,201,no,22,-350
2025-05-22T17:06:10.044766,KXBTCD-25MAY2221-T111249.99,DELTA,72,114,77,1000,202,yes,71,100
2025-05-22T17:06:10.065680,KXBTCD-25MAY2221-T111249.99,DELTA,72,114,76,150,203,no,24,150
2025-05-22T17:06:10.066138,KXBTCD-25MAY2221-T111249.99,DELTA,72,114,76,150,204,yes,71,1000
2025-05-22T17:06:10.105129,KXBTCD-25MAY2221-T111249.99,DELTA,72,114,76,150,205,yes,68,2000
2025-05-22T17:06:10.124213,KXBTCD-25MAY2221-T111249.99,DELTA,72,114,76,400,206,no,24,250
2025-05-22T17:06:10.143621,KXBTCD-25MAY2221-T111249.99,DELTA,72,114,76,400,207,no,21,2000
2025-05-22T17:06:10.144268,KXBTCD-25MAY2221-T111249.99,DELTA,72,114,76,400,208,no,14,-250
2025-05-22T17:06:10.270710,KXBTCD-25MAY2221-T111249.99,DELTA,72,114,76,400,209,no,23,-1000
2025-05-22T17:06:10.363705,KXBTCD-25MAY2221-T111249.99,DELTA,72,114,76,1400,210,no,24,1000
2025-05-22T17:06:10.363860,KXBTCD-25MAY2221-T111249.99,DELTA,72,114,76,1400,211,yes,1,100
2025-05-22T17:06:10.504108,KXBTCD-25MAY2221-T111249.99,DELTA,72,14,76,1400,212,yes,72,-100
2025-05-22T17:06:11.184571,KXBTCD-25MAY2221-T111249.99,DELTA,72,14,76,1400,213,yes,70,30
2025-05-22T17:06:11.184837,KXBTCD-25MAY2221-T111249.99,DELTA,72,14,76,1400,214,yes,71,14
2025-05-22T17:06:11.185093,KXBTCD-25MAY2221-T111249.99,DELTA,72,14,76,1400,215,yes,71,-30
2025-05-22T17:06:11.185174,KXBTCD-25MAY2221-T111249.99,DELTA,71,1114,76,1400,216,yes,72,-14
2025-05-22T17:06:11.185241,KXBTCD-25MAY2221-T111249.99,DELTA,71,1114,76,1400,217,no,19,30
2025-05-22T17:06:11.205352,KXBTCD-25MAY2221-T111249.99,DELTA,71,1114,76,1400,218,no,20,14
2025-05-22T17:06:11.205471,KXBTCD-25MAY2221-T111249.99,DELTA,71,1114,76,1400,219,no,19,-14
2025-05-22T17:06:11.205532,KXBTCD-25MAY2221-T111249.99,DELTA,71,1114,76,1400,220,no,18,-30
2025-05-22T17:06:12.024840,KXBTCD-25MAY2221-T111249.99,DELTA,71,1114,76,1400,221,yes,70,100
2025-05-22T17:06:12.423132,KXBTCD-25MAY2221-T111249.99,DELTA,71,1114,76,1250,222,no,24,-150
2025-05-22T17:06:12.464227,KXBTCD-25MAY2221-T111249.99,DELTA,71,1114,76,1250,223,no,23,150
2025-05-22T17:06:12.874216,KXBTCD-25MAY2221-T111249.99,DELTA,71,1114,76,1250,224,yes,67,-1250
2025-05-22T17:06:12.874376,KXBTCD-25MAY2221-T111249.99,DELTA,71,1114,76,1250,225,no,21,-1250
2025-05-22T17:06:12.874677,KXBTCD-25MAY2221-T111249.99,DELTA,71,1114,76,1250,226,no,20,1250
2025-05-22T17:06:12.874736,KXBTCD-25MAY2221-T111249.99,DELTA,71,1114,76,1250,227,yes,68,1250
2025-05-22T17:06:13.179558,KXBTCD-25MAY2221-T111249.99,DELTA,71,1114,76,1250,228,no,14,250
2025-05-22T17:06:13.179764,KXBTCD-25MAY2221-T111249.99,DELTA,71,1114,76,1000,229,no,24,-250
2025-05-22T17:06:13.180030,KXBTCD-25MAY2221-T111249.99,DELTA,71,1114,77,150,230,no,24,-1000
2025-05-22T17:06:13.203716,KXBTCD-25MAY2221-T111249.99,DELTA,71,1114,77,1150,231,no,23,1000
2025-05-22T17:06:13.284394,KXBTCD-25MAY2221-T111249.99,DELTA,71,1014,77,1150,232,yes,71,-100
2025-05-22T17:06:13.323918,KXBTCD-25MAY2221-T111249.99,DELTA,72,250,77,1150,233,yes,72,250
2025-05-22T17:06:13.366547,KXBTCD-25MAY2221-T111249.99,DELTA,72,250,77,1150,234,yes,70,-100
2025-05-22T17:06:13.384626,KXBTCD-25MAY2221-T111249.99,DELTA,72,250,77,1000,235,no,23,-150
2025-05-22T17:06:13.446481,KXBTCD-25MAY2221-T111249.99,DELTA,72,250,77,1000,236,no,22,250
2025-05-22T17:06:13.703646,KXBTCD-25MAY2221-T111249.99,DELTA,72,250,77,1000,237,yes,68,-2000
2025-05-22T17:06:13.724475,KXBTCD-25MAY2221-T111249.99,DELTA,72,250,77,1000,238,yes,71,-1000
2025-05-22T17:06:13.724734,KXBTCD-25MAY2221-T111249.99,DELTA,72,250,77,1000,239,yes,68,-1250
2025-05-22T17:06:13.744495,KXBTCD-25MAY2221-T111249.99,DELTA,72,250,77,1000,240,no,21,-2000
2025-05-22T17:06:13.744633,KXBTCD-25MAY2221-T111249.99,DELTA,72,250,78,500,241,no,23,-1000
2025-05-22T17:06:13.765083,KXBTCD-25MAY2221-T111249.99,DELTA,72,250,78,500,242,no,20,-1250
2025-05-22T17:06:13.804659,KXBTCD-25MAY2221-T111249.99,DELTA,72,250,78,500,243,yes,58,250
2025-05-22T17:06:13.804787,KXBTCD-25MAY2221-T111249.99,DELTA,72,250,78,500,244,yes,68,-250
2025-05-22T17:06:13.884366,KXBTCD-25MAY2221-T111249.99,DELTA,72,250,78,500,245,no,19,1250
2025-05-22T17:06:13.903100,KXBTCD-25MAY2221-T111249.99,DELTA,72,250,78,1500,246,no,22,1000
2025-05-22T17:06:13.903584,KXBTCD-25MAY2221-T111249.99,DELTA,72,250,78,1500,247,yes,16,-8000
2025-05-22T17:06:13.903652,KXBTCD-25MAY2221-T111249.99,DELTA,72,250,78,1500,248,yes,69,1250
2025-05-22T17:06:13.904482,KXBTCD-25MAY2221-T111249.99,DELTA,72,250,78,1500,249,no,19,2000
2025-05-22T17:06:13.904546,KXBTCD-25MAY2221-T111249.99,DELTA,72,250,78,1500,250,yes,69,2000
2025-05-22T17:06:13.904599,KXBTCD-25MAY2221-T111249.99,DELTA,73,1000,78,1500,251,yes,73,1000
2025-05-22T17:06:13.904667,KXBTCD-25MAY2221-T111249.99,DELTA,73,1000,78,1250,252,no,22,-250
2025-05-22T17:06:13.932726,KXBTCD-25MAY2221-T111249.99,DELTA,73,1000,78,1250,253,no,19,-1250
2025-05-22T17:06:13.944060,KXBTCD-25MAY2221-T111249.99,DELTA,73,1000,78,1250,254,yes,72,-250
2025-05-22T17:06:13.963890,KXBTCD-25MAY2221-T111249.99,DELTA,73,1000,78,1250,255,yes,68,250
2025-05-22T17:06:13.963989,KXBTCD-25MAY2221-T111249.99,DELTA,73,1000,78,1250,256,yes,58,-250
2025-05-22T17:06:13.964055,KXBTCD-25MAY2221-T111249.99,DELTA,73,1000,78,1250,257,yes,69,-1250
2025-05-22T17:06:13.964115,KXBTCD-25MAY2221-T111249.99,DELTA,73,1000,78,1250,258,yes,69,-2000
2025-05-22T17:06:13.983953,KXBTCD-25MAY2221-T111249.99,DELTA,73,1000,78,1250,259,yes,18,8000
2025-05-22T17:06:13.984076,KXBTCD-25MAY2221-T111249.99,DELTA,73,1000,78,1250,260,no,19,-2000
2025-05-22T17:06:13.984250,KXBTCD-25MAY2221-T111249.99,DELTA,73,1000,78,250,261,no,22,-1000
2025-05-22T17:06:14.003370,KXBTCD-25MAY2221-T111249.99,DELTA,73,1000,78,250,262,no,18,1250
2025-05-22T17:06:14.044703,KXBTCD-25MAY2221-T111249.99,DELTA,73,1000,78,250,263,yes,67,1250
2025-05-22T17:06:14.044785,KXBTCD-25MAY2221-T111249.99,DELTA,71,14,78,250,264,yes,73,-1000
2025-05-22T17:06:14.044845,KXBTCD-25MAY2221-T111249.99,DELTA,74,150,78,250,265,yes,74,150
2025-05-22T17:06:14.063741,KXBTCD-25MAY2221-T111249.99,DELTA,74,150,78,250,266,no,21,1000
2025-05-22T17:06:14.063817,KXBTCD-25MAY2221-T111249.99,DELTA,74,150,78,250,267,no,18,2000
2025-05-22T17:06:14.063872,KXBTCD-25MAY2221-T111249.99,DELTA,74,150,78,250,268,no,21,150
2025-05-22T17:06:14.063924,KXBTCD-25MAY2221-T111249.99,DELTA,74,150,78,250,269,yes,69,2000
2025-05-22T17:06:14.104154,KXBTCD-25MAY2221-T111249.99,DELTA,74,150,78,250,270,yes,71,1000
2025-05-22T17:06:14.104341,KXBTCD-25MAY2221-T111249.99,DELTA,74,150,78,250,271,no,12,250
2025-05-22T17:06:14.104419,KXBTCD-25MAY2221-T111249.99,DELTA,74,150,79,1150,272,no,22,-250
2025-05-22T17:06:14.144828,KXBTCD-25MAY2221-T111249.99,DELTA,74,150,79,1150,273,yes,71,-1000
2025-05-22T17:06:14.144924,KXBTCD-25MAY2221-T111249.99,DELTA,74,150,79,1150,274,yes,70,250
2025-05-22T17:06:14.164951,KXBTCD-25MAY2221-T111249.99,DELTA,74,150,79,1150,275,yes,67,-1250
2025-05-22T17:06:14.184108,KXBTCD-25MAY2221-T111249.99,DELTA,74,150,78,250,276,no,22,250
2025-05-22T17:06:14.203928,KXBTCD-25MAY2221-T111249.99,DELTA,74,150,78,250,277,yes,69,-2000
2025-05-22T17:06:14.204055,KXBTCD-25MAY2221-T111249.99,DELTA,74,150,78,250,278,yes,70,1250
2025-05-22T17:06:14.204110,KXBTCD-25MAY2221-T111249.99,DELTA,74,150,78,250,279,no,12,-250
2025-05-22T17:06:14.223572,KXBTCD-25MAY2221-T111249.99,DELTA,74,1150,78,250,280,yes,74,1000
2025-05-22T17:06:14.223672,KXBTCD-25MAY2221-T111249.99,DELTA,74,1150,78,250,281,yes,60,-250
2025-05-22T17:06:14.244174,KXBTCD-25MAY2221-T111249.99,DELTA,74,1150,78,250,282,yes,71,2000
2025-05-22T17:06:14.644381,KXBTCD-25MAY2221-T111249.99,DELTA,74,150,78,250,283,yes,74,-1000
2025-05-22T17:06:14.644530,KXBTCD-25MAY2221-T111249.99,DELTA,74,150,78,250,284,yes,70,-1250
2025-05-22T17:06:14.664726,KXBTCD-25MAY2221-T111249.99,DELTA,74,150,78,250,285,no,18,-2000
2025-05-22T17:06:14.664807,KXBTCD-25MAY2221-T111249.99,DELTA,74,150,78,250,286,no,21,-1000
2025-05-22T17:06:14.684871,KXBTCD-25MAY2221-T111249.99,DELTA,74,150,78,250,287,no,18,-1250
2025-05-22T17:06:14.746576,KXBTCD-25MAY2221-T111249.99,DELTA,74,150,78,250,288,no,17,2000
2025-05-22T17:06:14.746649,KXBTCD-25MAY2221-T111249.99,DELTA,74,150,78,250,289,no,17,1250
2025-05-22T17:06:14.746701,KXBTCD-25MAY2221-T111249.99,DELTA,74,150,78,250,290,no,20,1000
2025-05-22T17:06:14.746750,KXBTCD-25MAY2221-T111249.99,DELTA,75,1000,78,250,291,yes,75,1000
2025-05-22T17:06:14.746811,KXBTCD-25MAY2221-T111249.99,DELTA,75,1000,78,250,292,yes,71,1250
2025-05-22T17:06:14.804410,KXBTCD-25MAY2221-T111249.99,DELTA,75,1000,78,250,293,yes,71,100
2025-05-22T17:06:15.344413,KXBTCD-25MAY2221-T111249.99,DELTA,75,1000,79,150,294,no,22,-250
2025-05-22T17:06:15.344549,KXBTCD-25MAY2221-T111249.99,DELTA,75,1000,79,150,295,no,12,250
2025-05-22T17:06:15.603771,KXBTCD-25MAY2221-T111249.99,DELTA,75,1000,80,1264,296,no,21,-150
2025-05-22T17:06:15.644010,KXBTCD-25MAY2221-T111249.99,DELTA,75,1000,80,1664,297,no,20,400
2025-05-22T17:06:16.323542,KXBTCD-25MAY2221-T111249.99,DELTA,75,1000,80,1664,298,yes,71,-100
2025-05-22T17:06:16.464037,KXBTCD-25MAY2221-T111249.99,DELTA,75,1000,80,1664,299,yes,17,-1905
2025-05-22T17:06:16.464292,KXBTCD-25MAY2221-T111249.99,DELTA,75,1000,80,1664,300,yes,19,1705
2025-05-22T17:06:16.525505,KXBTCD-25MAY2221-T111249.99,DELTA,75,1000,80,1664,301,no,1,-32400
2025-05-22T17:06:16.525700,KXBTCD-25MAY2221-T111249.99,DELTA,75,1000,80,1664,302,no,2,16200
2025-05-22T17:06:16.584191,KXBTCD-25MAY2221-T111249.99,DELTA,75,1000,80,1664,303,no,2,-20000
2025-05-22T17:06:16.624317,KXBTCD-25MAY2221-T111249.99,DELTA,75,1000,80,1664,304,no,3,20000
2025-05-22T17:06:16.937637,KXBTCD-25MAY2221-T111249.99,DELTA,74,150,80,1664,305,yes,75,-1000
2025-05-22T17:06:16.937828,KXBTCD-25MAY2221-T111249.99,DELTA,74,150,80,1664,306,no,17,-2000
2025-05-22T17:06:16.938098,KXBTCD-25MAY2221-T111249.99,DELTA,74,150,80,664,307,no,20,-1000
2025-05-22T17:06:17.028099,KXBTCD-25MAY2221-T111249.99,DELTA,74,150,80,664,308,no,18,2000
2025-05-22T17:06:17.028284,KXBTCD-25MAY2221-T111249.99,DELTA,74,1150,80,664,309,yes,74,1000
2025-05-22T17:06:17.028404,KXBTCD-25MAY2221-T111249.99,DELTA,74,1150,79,1000,310,no,21,1000
2025-05-22T17:06:17.223853,KXBTCD-25MAY2221-T111249.99,DELTA,74,150,79,1000,311,yes,74,-1000
2025-05-22T17:06:17.224024,KXBTCD-25MAY2221-T111249.99,DELTA,74,150,79,1000,312,no,18,-2000
2025-05-22T17:06:17.244686,KXBTCD-25MAY2221-T111249.99,DELTA,74,150,80,664,313,no,21,-1000
2025-05-22T17:06:17.284104,KXBTCD-25MAY2221-T111249.99,DELTA,74,150,80,1664,314,no,20,1000
2025-05-22T17:06:17.284265,KXBTCD-25MAY2221-T111249.99,DELTA,75,1000,80,1664,315,yes,75,1000
2025-05-22T17:06:17.284333,KXBTCD-25MAY2221-T111249.99,DELTA,75,1000,80,1664,316,no,17,2000
2025-05-22T17:06:17.604279,KXBTCD-25MAY2221-T111249.99,DELTA,75,1000,80,1664,317,yes,72,100
2025-05-22T17:06:18.384964,KXBTCD-25MAY2221-T111249.99,DELTA,75,1000,80,1664,318,yes,74,-150
2025-05-22T17:06:18.426528,KXBTCD-25MAY2221-T111249.99,DELTA,75,1000,80,1664,319,yes,73,250
2025-05-22T17:06:18.444440,KXBTCD-25MAY2221-T111249.99,DELTA,73,250,80,1664,320,yes,75,-1000
2025-05-22T17:06:18.503510,KXBTCD-25MAY2221-T111249.99,DELTA,74,1000,80,1664,321,yes,74,1000
2025-05-22T17:06:18.917889,KXBTCD-25MAY2221-T111249.99,DELTA,74,1000,80,1664,322,no,17,-2000
2025-05-22T17:06:18.918026,KXBTCD-25MAY2221-T111249.99,DELTA,74,1000,80,664,323,no,20,-1000
2025-05-22T17:06:18.918101,KXBTCD-25MAY2221-T111249.99,DELTA,74,1000,80,664,324,no,18,2000
2025-05-22T17:06:18.918165,KXBTCD-25MAY2221-T111249.99,DELTA,74,1000,79,1000,325,no,21,1000
2025-05-22T17:06:19.124321,KXBTCD-25MAY2221-T111249.99,DELTA,74,1000,79,1000,326,no,12,-250
2025-05-22T17:06:19.144279,KXBTCD-25MAY2221-T111249.99,DELTA,74,1000,78,250,327,no,22,250
2025-05-22T17:06:19.144379,KXBTCD-25MAY2221-T111249.99,DELTA,74,1000,78,250,328,yes,71,-1250
2025-05-22T17:06:19.164243,KXBTCD-25MAY2221-T111249.99,DELTA,74,1000,78,250,329,no,17,-1250
2025-05-22T17:06:19.183369,KXBTCD-25MAY2221-T111249.99,DELTA,74,1000,78,250,330,no,20,-400
2025-05-22T17:06:19.224181,KXBTCD-25MAY2221-T111249.99,DELTA,74,1000,78,250,331,yes,70,1250
2025-05-22T17:06:19.224267,KXBTCD-25MAY2221-T111249.99,DELTA,74,1000,78,250,332,no,18,1250
2025-05-22T17:06:19.243733,KXBTCD-25MAY2221-T111249.99,DELTA,74,1000,78,450,333,no,22,200
2025-05-22T17:06:19.284840,KXBTCD-25MAY2221-T111249.99,DELTA,74,1000,78,450,334,yes,70,-1250
2025-05-22T17:06:19.343849,KXBTCD-25MAY2221-T111249.99,DELTA,74,1000,78,450,335,yes,71,1250
2025-05-22T17:06:20.104299,KXBTCD-25MAY2221-T111249.99,DELTA,74,1000,78,450,336,yes,19,-1705
2025-05-22T17:06:20.163668,KXBTCD-25MAY2221-T111249.99,DELTA,74,1000,78,450,337,yes,73,-250
2025-05-22T17:06:20.185932,KXBTCD-25MAY2221-T111249.99,DELTA,74,1000,78,450,338,yes,72,350
2025-05-22T17:06:20.224180,KXBTCD-25MAY2221-T111249.99,DELTA,72,450,78,450,339,yes,74,-1000
2025-05-22T17:06:20.300411,KXBTCD-25MAY2221-T111249.99,DELTA,73,1000,78,450,340,yes,73,1000
2025-05-22T17:06:20.365361,KXBTCD-25MAY2221-T111249.99,DELTA,73,1000,78,450,341,yes,71,-2000
2025-05-22T17:06:20.385062,KXBTCD-25MAY2221-T111249.99,DELTA,73,1000,78,450,342,yes,71,-1250
2025-05-22T17:06:20.385180,KXBTCD-25MAY2221-T111249.99,DELTA,73,1000,78,450,343,no,18,-2000
2025-05-22T17:06:20.404373,KXBTCD-25MAY2221-T111249.99,DELTA,73,1000,78,450,344,no,21,-1000
2025-05-22T17:06:20.404471,KXBTCD-25MAY2221-T111249.99,DELTA,73,1000,78,450,345,no,18,-1250
2025-05-22T17:06:20.444149,KXBTCD-25MAY2221-T111249.99,DELTA,73,1000,78,450,346,yes,60,250
2025-05-22T17:06:20.444256,KXBTCD-25MAY2221-T111249.99,DELTA,73,1000,78,450,347,yes,70,-250
2025-05-22T17:06:20.484648,KXBTCD-25MAY2221-T111249.99,DELTA,73,1000,78,450,348,yes,72,-350
2025-05-22T17:06:20.526469,KXBTCD-25MAY2221-T111249.99,DELTA,73,1000,78,450,349,yes,70,2000
2025-05-22T17:06:20.526897,KXBTCD-25MAY2221-T111249.99,DELTA,73,1000,78,450,350,yes,69,1250
2025-05-22T17:06:20.527088,KXBTCD-25MAY2221-T111249.99,DELTA,73,1000,78,450,351,no,19,1250
2025-05-22T17:06:20.545237,KXBTCD-25MAY2221-T111249.99,DELTA,73,1000,78,450,352,no,19,2000
2025-05-22T17:06:20.545484,KXBTCD-25MAY2221-T111249.99,DELTA,73,1000,78,1450,353,no,22,1000
2025-05-22T17:06:20.545865,KXBTCD-25MAY2221-T111249.99,DELTA,72,100,78,1450,354,yes,73,-1000
2025-05-22T17:06:20.565468,KXBTCD-25MAY2221-T111249.99,DELTA,72,150,78,1450,355,yes,72,50
2025-05-22T17:06:20.584583,KXBTCD-25MAY2221-T111249.99,DELTA,72,150,78,1450,356,yes,70,-2000
2025-05-22T17:06:20.604385,KXBTCD-25MAY2221-T111249.99,DELTA,72,150,78,1450,357,yes,69,-1250
2025-05-22T17:06:20.604498,KXBTCD-25MAY2221-T111249.99,DELTA,72,1150,78,1450,358,yes,72,1000
2025-05-22T17:06:20.604579,KXBTCD-25MAY2221-T111249.99,DELTA,72,1150,78,1450,359,no,19,-2000
2025-05-22T17:06:20.623772,KXBTCD-25MAY2221-T111249.99,DELTA,72,1150,78,450,360,no,22,-1000
2025-05-22T17:06:20.623897,KXBTCD-25MAY2221-T111249.99,DELTA,72,1150,78,450,361,no,19,-1250
2025-05-22T17:06:20.724154,KXBTCD-25MAY2221-T111249.99,DELTA,72,1150,78,450,362,no,20,1250
2025-05-22T17:06:20.724302,KXBTCD-25MAY2221-T111249.99,DELTA,72,1150,77,1000,363,no,23,1000
2025-05-22T17:06:20.724371,KXBTCD-25MAY2221-T111249.99,DELTA,72,1150,77,1000,364,yes,68,1250
2025-05-22T17:06:20.724538,KXBTCD-25MAY2221-T111249.99,DELTA,72,1150,77,1000,365,no,20,2000
2025-05-22T17:06:20.724591,KXBTCD-25MAY2221-T111249.99,DELTA,72,1150,77,1000,366,yes,69,2000
2025-05-22T17:06:20.805481,KXBTCD-25MAY2221-T111249.99,DELTA,72,1150,77,1000,367,no,20,-1250
2025-05-22T17:06:20.845046,KXBTCD-25MAY2221-T111249.99,DELTA,72,1150,77,1000,368,no,19,1250
2025-05-22T17:06:21.225793,KXBTCD-25MAY2221-T111249.99,DELTA,72,1150,77,1000,369,yes,19,1705
2025-05-22T17:06:21.443884,KXBTCD-25MAY2221-T111249.99,DELTA,72,1100,77,1000,370,yes,72,-50
2025-05-22T17:06:21.483638,KXBTCD-25MAY2221-T111249.99,DELTA,72,1250,77,1000,371,yes,72,150
2025-05-22T17:06:22.063906,KXBTCD-25MAY2221-T111249.99,DELTA,72,1100,77,1000,372,yes,72,-150
2025-05-22T17:06:22.084670,KXBTCD-25MAY2221-T111249.99,DELTA,72,1450,77,1000,373,yes,72,350
2025-05-22T17:06:22.467399,KXBTCD-25MAY2221-T111249.99,DELTA,72,1450,77,1000,374,no,19,-1250
2025-05-22T17:06:22.503982,KXBTCD-25MAY2221-T111249.99,DELTA,72,1450,77,1000,375,no,20,1250
2025-05-22T17:06:22.804314,KXBTCD-25MAY2221-T111249.99,DELTA,72,450,77,1000,376,yes,72,-1000
2025-05-22T17:06:22.824777,KXBTCD-25MAY2221-T111249.99,DELTA,72,450,77,1000,377,yes,68,-1250
2025-05-22T17:06:22.824871,KXBTCD-25MAY2221-T111249.99,DELTA,72,450,77,1000,378,no,20,-2000
2025-05-22T17:06:22.843832,KXBTCD-25MAY2221-T111249.99,DELTA,72,450,78,450,379,no,23,-1000
2025-05-22T17:06:22.843912,KXBTCD-25MAY2221-T111249.99,DELTA,72,450,78,450,380,no,20,-1250
2025-05-22T17:06:22.923485,KXBTCD-25MAY2221-T111249.99,DELTA,72,450,78,450,381,no,19,1250
2025-05-22T17:06:22.923592,KXBTCD-25MAY2221-T111249.99,DELTA,73,1000,78,450,382,yes,73,1000
2025-05-22T17:06:22.923651,KXBTCD-25MAY2221-T111249.99,DELTA,73,1000,78,1450,383,no,22,1000
2025-05-22T17:06:22.923706,KXBTCD-25MAY2221-T111249.99,DELTA,73,1000,78,1450,384,no,19,2000
2025-05-22T17:06:22.923754,KXBTCD-25MAY2221-T111249.99,DELTA,73,1000,78,1450,385,yes,69,1250
2025-05-22T17:06:23.214935,KXBTCD-25MAY2221-T111249.99,DELTA,73,1000,78,1450,386,yes,60,-250
2025-05-22T17:06:23.215047,KXBTCD-25MAY2221-T111249.99,DELTA,73,1000,78,1450,387,yes,70,250
2025-05-22T17:06:23.223928,KXBTCD-25MAY2221-T111249.99,DELTA,73,1000,78,1450,388,yes,69,-2000
2025-05-22T17:06:23.285963,KXBTCD-25MAY2221-T111249.99,DELTA,73,1000,78,1450,389,yes,70,2000
2025-05-22T17:06:23.583286,KXBTCD-25MAY2221-T111249.99,DELTA,73,1000,78,1450,390,yes,70,-2000
2025-05-22T17:06:23.583416,KXBTCD-25MAY2221-T111249.99,DELTA,72,450,78,1450,391,yes,73,-1000
2025-05-22T17:06:23.603622,KXBTCD-25MAY2221-T111249.99,DELTA,72,450,78,1450,392,no,19,-2000
2025-05-22T17:06:23.603774,KXBTCD-25MAY2221-T111249.99,DELTA,72,450,78,450,393,no,22,-1000
2025-05-22T17:06:23.664035,KXBTCD-25MAY2221-T111249.99,DELTA,72,450,78,450,394,no,20,2000
2025-05-22T17:06:23.664726,KXBTCD-25MAY2221-T111249.99,DELTA,72,1450,78,450,395,yes,72,1000
2025-05-22T17:06:23.664791,KXBTCD-25MAY2221-T111249.99,DELTA,72,1450,78,450,396,yes,69,2000
2025-05-22T17:06:23.723492,KXBTCD-25MAY2221-T111249.99,DELTA,72,1450,77,1000,397,no,23,1000
2025-05-22T17:06:24.124386,KXBTCD-25MAY2221-T111249.99,DELTA,72,1450,77,1000,398,yes,70,-250
2025-05-22T17:06:24.124520,KXBTCD-25MAY2221-T111249.99,DELTA,72,1450,77,1000,399,yes,60,250
2025-05-22T17:06:24.144148,KXBTCD-25MAY2221-T111249.99,DELTA,72,1450,77,1000,400,yes,69,-2000
2025-05-22T17:06:24.144242,KXBTCD-25MAY2221-T111249.99,DELTA,72,450,77,1000,401,yes,72,-1000
2025-05-22T17:06:24.224955,KXBTCD-25MAY2221-T111249.99,DELTA,72,450,77,1000,402,no,20,-2000
2025-05-22T17:06:24.225592,KXBTCD-25MAY2221-T111249.99,DELTA,72,450,78,450,403,no,23,-1000
2025-05-22T17:06:24.283442,KXBTCD-25MAY2221-T111249.99,DELTA,72,450,78,450,404,yes,69,2000
2025-05-22T17:06:24.283571,KXBTCD-25MAY2221-T111249.99,DELTA,72,450,78,450,405,no,19,2000
2025-05-22T17:06:24.283647,KXBTCD-25MAY2221-T111249.99,DELTA,72,450,78,1450,406,no,22,1000
2025-05-22T17:06:24.283714,KXBTCD-25MAY2221-T111249.99,DELTA,73,1000,78,1450,407,yes,73,1000
2025-05-22T17:06:25.805412,KXBTCD-25MAY2221-T111249.99,DELTA,73,1000,78,1450,408,no,19,-1250
2025-05-22T17:06:25.845442,KXBTCD-25MAY2221-T111249.99,DELTA,73,1000,78,1450,409,no,18,1250
2025-05-22T17:06:26.224753,KXBTCD-25MAY2221-T111249.99,DELTA,73,1000,78,1450,410,no,18,-1250
2025-05-22T17:06:26.264011,KXBTCD-25MAY2221-T111249.99,DELTA,73,1000,78,1450,411,no,19,1250
2025-05-22T17:06:27.663644,KXBTCD-25MAY2221-T111249.99,DELTA,73,1000,78,1450,412,no,19,-1250
2025-05-22T17:06:27.704157,KXBTCD-25MAY2221-T111249.99,DELTA,73,1000,78,1450,413,no,18,1250
2025-05-22T17:06:28.283297,KXBTCD-25MAY2221-T111249.99,DELTA,73,1000,78,1450,414,no,18,-1250
2025-05-22T17:06:28.304809,KXBTCD-25MAY2221-T111249.99,DELTA,73,1000,78,1450,415,yes,60,-250
2025-05-22T17:06:28.305000,KXBTCD-25MAY2221-T111249.99,DELTA,73,1000,78,1450,416,yes,70,250
2025-05-22T17:06:28.324276,KXBTCD-25MAY2221-T111249.99,DELTA,73,1000,78,1450,417,no,19,1250
2025-05-22T17:06:28.363302,KXBTCD-25MAY2221-T111249.99,DELTA,73,1000,78,1450,418,yes,69,-2000
2025-05-22T17:06:28.404087,KXBTCD-25MAY2221-T111249.99,DELTA,73,1000,78,1450,419,yes,70,2000
2025-05-22T17:06:28.864162,KXBTCD-25MAY2221-T111249.99,DELTA,73,1000,78,1450,420,yes,70,-250
2025-05-22T17:06:28.884286,KXBTCD-25MAY2221-T111249.99,DELTA,73,1000,78,1450,421,yes,60,250
2025-05-22T17:06:28.903653,KXBTCD-25MAY2221-T111249.99,DELTA,73,1000,78,1450,422,yes,70,-2000
2025-05-22T17:06:28.924071,KXBTCD-25MAY2221-T111249.99,DELTA,72,450,78,1450,423,yes,73,-1000
2025-05-22T17:06:28.924276,KXBTCD-25MAY2221-T111249.99,DELTA,72,450,78,1450,424,yes,69,-1250
2025-05-22T17:06:28.944712,KXBTCD-25MAY2221-T111249.99,DELTA,72,450,78,1450,425,no,19,-2000
2025-05-22T17:06:28.945058,KXBTCD-25MAY2221-T111249.99,DELTA,72,450,78,450,426,no,22,-1000
2025-05-22T17:06:28.963077,KXBTCD-25MAY2221-T111249.99,DELTA,72,450,78,450,427,no,19,-1250
2025-05-22T17:06:29.024806,KXBTCD-25MAY2221-T111249.99,DELTA,72,450,78,450,428,no,20,1250
2025-05-22T17:06:29.025038,KXBTCD-25MAY2221-T111249.99,DELTA,72,1450,78,450,429,yes,72,1000
2025-05-22T17:06:29.025127,KXBTCD-25MAY2221-T111249.99,DELTA,72,1450,77,1000,430,no,23,1000
2025-05-22T17:06:29.025181,KXBTCD-25MAY2221-T111249.99,DELTA,72,1450,77,1000,431,no,20,2000
2025-05-22T17:06:29.025237,KXBTCD-25MAY2221-T111249.99,DELTA,72,1450,77,1000,432,yes,68,1250
2025-05-22T17:06:29.025292,KXBTCD-25MAY2221-T111249.99,DELTA,72,1450,77,1000,433,yes,69,2000
2025-05-22T17:06:29.145855,KXBTCD-25MAY2221-T111249.99,DELTA,72,1450,77,1000,434,no,14,-250
2025-05-22T17:06:29.146062,KXBTCD-25MAY2221-T111249.99,DELTA,72,1450,76,250,435,no,24,250
2025-05-22T17:06:29.765177,KXBTCD-25MAY2221-T111249.99,DELTA,72,1350,76,250,436,yes,72,-100
2025-05-22T17:06:30.005058,KXBTCD-25MAY2221-T111249.99,DELTA,72,1350,76,250,437,no,20,-1250
2025-05-22T17:06:30.064121,KXBTCD-25MAY2221-T111249.99,DELTA,72,1350,76,250,438,no,19,1250
2025-05-22T17:06:30.168992,KXBTCD-25MAY2221-T111249.99,DELTA,72,1350,76,250,439,no,14,250
2025-05-22T17:06:30.184354,KXBTCD-25MAY2221-T111249.99,DELTA,72,1350,77,1000,440,no,24,-250
2025-05-22T17:06:30.304298,KXBTCD-25MAY2221-T111249.99,DELTA,72,350,77,1000,441,yes,72,-1000
2025-05-22T17:06:30.304496,KXBTCD-25MAY2221-T111249.99,DELTA,72,350,77,1000,442,yes,68,-1250
2025-05-22T17:06:30.324666,KXBTCD-25MAY2221-T111249.99,DELTA,72,350,77,1000,443,no,20,-2000
2025-05-22T17:06:30.324778,KXBTCD-25MAY2221-T111249.99,DELTA,72,350,78,450,444,no,23,-1000
2025-05-22T17:06:30.344429,KXBTCD-25MAY2221-T111249.99,DELTA,72,350,78,450,445,no,19,-1250
2025-05-22T17:06:30.383906,KXBTCD-25MAY2221-T111249.99,DELTA,72,350,78,250,446,no,22,-200
2025-05-22T17:06:30.403824,KXBTCD-25MAY2221-T111249.99,DELTA,72,350,78,250,447,no,18,2000
2025-05-22T17:06:30.403913,KXBTCD-25MAY2221-T111249.99,DELTA,72,350,78,250,448,no,17,1250
2025-05-22T17:06:30.423701,KXBTCD-25MAY2221-T111249.99,DELTA,72,350,78,250,449,yes,69,1250
2025-05-22T17:06:30.423795,KXBTCD-25MAY2221-T111249.99,DELTA,72,350,78,250,450,no,21,1000
2025-05-22T17:06:30.423866,KXBTCD-25MAY2221-T111249.99,DELTA,73,1000,78,250,451,yes,73,1000
2025-05-22T17:06:30.463686,KXBTCD-25MAY2221-T111249.99,DELTA,73,1000,78,250,452,no,21,300
2025-05-22T17:06:30.806239,KXBTCD-25MAY2221-T111249.99,DELTA,73,1000,78,250,453,no,2,-16200
2025-05-22T17:06:30.806424,KXBTCD-25MAY2221-T111249.99,DELTA,73,1000,78,250,454,no,3,10800
2025-05-22T17:06:30.864919,KXBTCD-25MAY2221-T111249.99,DELTA,73,1000,78,250,455,no,3,-20000
2025-05-22T17:06:30.883937,KXBTCD-25MAY2221-T111249.99,DELTA,73,1000,78,250,456,no,17,-1250
2025-05-22T17:06:30.924539,KXBTCD-25MAY2221-T111249.99,DELTA,73,1000,78,250,457,no,18,1250
2025-05-22T17:06:30.924664,KXBTCD-25MAY2221-T111249.99,DELTA,73,1000,78,250,458,no,4,20000
2025-05-22T17:06:31.123408,KXBTCD-25MAY2221-T111249.99,DELTA,73,1000,78,250,459,yes,60,-250
2025-05-22T17:06:31.143800,KXBTCD-25MAY2221-T111249.99,DELTA,73,1000,78,250,460,yes,70,250
2025-05-22T17:06:31.204934,KXBTCD-25MAY2221-T111249.99,DELTA,73,1000,78,250,461,yes,69,-2000
2025-05-22T17:06:31.224637,KXBTCD-25MAY2221-T111249.99,DELTA,73,1000,78,250,462,yes,69,-1250
2025-05-22T17:06:31.263390,KXBTCD-25MAY2221-T111249.99,DELTA,73,1000,78,250,463,yes,71,2000
2025-05-22T17:06:31.283629,KXBTCD-25MAY2221-T111249.99,DELTA,73,1000,78,250,464,yes,70,1250
2025-05-22T17:06:31.803960,KXBTCD-25MAY2221-T111249.99,DELTA,73,1000,78,250,465,yes,70,-1250
2025-05-22T17:06:31.844672,KXBTCD-25MAY2221-T111249.99,DELTA,73,1000,78,250,466,yes,71,1250
2025-05-22T17:06:32.384149,KXBTCD-25MAY2221-T111249.99,DELTA,73,1000,78,250,467,yes,71,100
2025-05-22T17:06:32.404074,KXBTCD-25MAY2221-T111249.99,DELTA,73,1000,78,250,468,no,18,-1250
2025-05-22T17:06:32.464035,KXBTCD-25MAY2221-T111249.99,DELTA,73,1000,78,250,469,no,17,1250
2025-05-22T17:06:33.343878,KXBTCD-25MAY2221-T111249.99,DELTA,73,1000,78,250,470,yes,71,-1250
2025-05-22T17:06:33.344446,KXBTCD-25MAY2221-T111249.99,DELTA,73,1000,78,250,471,no,17,-1250
2025-05-22T17:06:33.383980,KXBTCD-25MAY2221-T111249.99,DELTA,73,1000,78,250,472,yes,70,1250
2025-05-22T17:06:33.384161,KXBTCD-25MAY2221-T111249.99,DELTA,73,1000,78,250,473,no,18,1250
2025-05-22T17:06:33.865195,KXBTCD-25MAY2221-T111249.99,DELTA,73,1000,78,250,474,yes,71,-2000
2025-05-22T17:06:33.884014,KXBTCD-25MAY2221-T111249.99,DELTA,73,1000,78,250,475,no,18,-2000
2025-05-22T17:06:33.884121,KXBTCD-25MAY2221-T111249.99,DELTA,73,1000,78,250,476,no,21,-1000
2025-05-22T17:06:33.943837,KXBTCD-25MAY2221-T111249.99,DELTA,73,1000,78,250,477,yes,70,2000
2025-05-22T17:06:33.943937,KXBTCD-25MAY2221-T111249.99,DELTA,73,1000,78,250,478,no,19,2000
2025-05-22T17:06:33.944005,KXBTCD-25MAY2221-T111249.99,DELTA,73,1000,78,1250,479,no,22,1000
2025-05-22T17:06:34.564204,KXBTCD-25MAY2221-T111249.99,DELTA,73,1000,78,1250,480,yes,60,250
2025-05-22T17:06:34.564378,KXBTCD-25MAY2221-T111249.99,DELTA,73,1000,78,1250,481,yes,70,-250
2025-05-22T17:06:34.564450,KXBTCD-25MAY2221-T111249.99,DELTA,73,1000,78,1250,482,no,21,-300
2025-05-22T17:06:34.584676,KXBTCD-25MAY2221-T111249.99,DELTA,73,1000,78,1250,483,yes,70,-2000
2025-05-22T17:06:34.604257,KXBTCD-25MAY2221-T111249.99,DELTA,72,350,78,1250,484,yes,73,-1000
2025-05-22T17:06:34.604675,KXBTCD-25MAY2221-T111249.99,DELTA,72,350,77,50,485,no,23,50
2025-05-22T17:06:34.604786,KXBTCD-25MAY2221-T111249.99,DELTA,72,350,77,50,486,yes,70,-1250
2025-05-22T17:06:34.624253,KXBTCD-25MAY2221-T111249.99,DELTA,72,350,77,50,487,no,19,-2000
2025-05-22T17:06:34.624414,KXBTCD-25MAY2221-T111249.99,DELTA,72,350,77,50,488,no,22,-1000
2025-05-22T17:06:34.643645,KXBTCD-25MAY2221-T111249.99,DELTA,72,350,77,50,489,no,18,-1250
2025-05-22T17:06:34.724703,KXBTCD-25MAY2221-T111249.99,DELTA,72,350,77,50,490,yes,68,1250
2025-05-22T17:06:34.724875,KXBTCD-25MAY2221-T111249.99,DELTA,72,350,77,1050,491,no,23,1000
2025-05-22T17:06:34.724948,KXBTCD-25MAY2221-T111249.99,DELTA,72,350,77,1050,492,no,20,1250
2025-05-22T17:06:34.725018,KXBTCD-25MAY2221-T111249.99,DELTA,72,350,77,1050,493,no,20,2000
2025-05-22T17:06:34.725080,KXBTCD-25MAY2221-T111249.99,DELTA,72,350,77,1050,494,yes,69,2000
2025-05-22T17:06:34.725141,KXBTCD-25MAY2221-T111249.99,DELTA,72,1350,77,1050,495,yes,72,1000
2025-05-22T17:06:34.984911,KXBTCD-25MAY2221-T111249.99,DELTA,72,1350,77,1000,496,no,23,-50
2025-05-22T17:06:35.023645,KXBTCD-25MAY2221-T111249.99,DELTA,72,1350,77,1050,497,no,23,50
2025-05-22T17:06:35.083759,KXBTCD-25MAY2221-T111249.99,DELTA,72,1350,77,1000,498,no,23,-50
2025-05-22T17:06:35.123998,KXBTCD-25MAY2221-T111249.99,DELTA,72,1350,77,1000,499,yes,68,-1250
2025-05-22T17:06:35.124597,KXBTCD-25MAY2221-T111249.99,DELTA,72,1350,77,1000,500,no,22,300
2025-05-22T17:06:35.124672,KXBTCD-25MAY2221-T111249.99,DELTA,72,1350,77,1000,501,no,20,-1250
2025-05-22T17:06:35.184665,KXBTCD-25MAY2221-T111249.99,DELTA,72,1350,77,1000,502,yes,69,1250
2025-05-22T17:06:35.284214,KXBTCD-25MAY2221-T111249.99,DELTA,72,1350,77,1000,503,no,19,1250
2025-05-22T17:06:36.303677,KXBTCD-25MAY2221-T111249.99,DELTA,72,1350,77,1000,504,yes,69,-1250
2025-05-22T17:06:36.404124,KXBTCD-25MAY2221-T111249.99,DELTA,72,1350,77,1000,505,yes,69,-2000
2025-05-22T17:06:36.404286,KXBTCD-25MAY2221-T111249.99,DELTA,72,1350,77,1000,506,no,19,-1250
2025-05-22T17:06:36.485565,KXBTCD-25MAY2221-T111249.99,DELTA,72,350,77,1000,507,yes,72,-1000
2025-05-22T17:06:36.504721,KXBTCD-25MAY2221-T111249.99,DELTA,72,350,77,1000,508,no,21,1250
2025-05-22T17:06:36.504857,KXBTCD-25MAY2221-T111249.99,DELTA,72,350,77,1000,509,yes,66,1250
2025-05-22T17:06:36.504931,KXBTCD-25MAY2221-T111249.99,DELTA,72,350,77,1000,510,no,20,-2000
2025-05-22T17:06:36.603909,KXBTCD-25MAY2221-T111249.99,DELTA,72,350,77,1000,511,no,22,2000
2025-05-22T17:06:36.604867,KXBTCD-25MAY2221-T111249.99,DELTA,72,350,77,1000,512,yes,67,2000
2025-05-22T17:06:36.604941,KXBTCD-25MAY2221-T111249.99,DELTA,72,350,77,1000,513,yes,70,1000
2025-05-22T17:06:36.683999,KXBTCD-25MAY2221-T111249.99,DELTA,71,114,77,1000,514,yes,72,-350
2025-05-22T17:06:36.766146,KXBTCD-25MAY2221-T111249.99,DELTA,71,114,77,1000,515,yes,68,14
2025-05-22T17:06:36.766335,KXBTCD-25MAY2221-T111249.99,DELTA,71,114,77,1000,516,yes,67,30
2025-05-22T17:06:36.766571,KXBTCD-25MAY2221-T111249.99,DELTA,71,114,77,1000,517,yes,67,-2000
2025-05-22T17:06:36.766652,KXBTCD-25MAY2221-T111249.99,DELTA,71,114,77,1000,518,no,22,-300
2025-05-22T17:06:36.784616,KXBTCD-25MAY2221-T111249.99,DELTA,71,114,77,1000,519,yes,70,-30
2025-05-22T17:06:36.784722,KXBTCD-25MAY2221-T111249.99,DELTA,71,100,77,1000,520,yes,71,-14
2025-05-22T17:06:36.804723,KXBTCD-25MAY2221-T111249.99,DELTA,71,100,77,1014,521,no,23,14
2025-05-22T17:06:36.804844,KXBTCD-25MAY2221-T111249.99,DELTA,71,100,77,1014,522,yes,70,-1000
2025-05-22T17:06:36.804907,KXBTCD-25MAY2221-T111249.99,DELTA,71,100,77,1014,523,no,22,30
2025-05-22T17:06:36.804970,KXBTCD-25MAY2221-T111249.99,DELTA,71,100,77,1014,524,no,20,-14
2025-05-22T17:06:36.805029,KXBTCD-25MAY2221-T111249.99,DELTA,71,100,77,1014,525,no,19,-30
2025-05-22T17:06:36.805388,KXBTCD-25MAY2221-T111249.99,DELTA,71,100,77,1014,526,yes,66,-1250
2025-05-22T17:06:36.904849,KXBTCD-25MAY2221-T111249.99,DELTA,71,100,77,1014,527,no,22,-2000
2025-05-22T17:06:37.004056,KXBTCD-25MAY2221-T111249.99,DELTA,71,100,77,1014,528,no,21,-1250
2025-05-22T17:06:37.083950,KXBTCD-25MAY2221-T111249.99,DELTA,71,100,77,3014,529,no,23,2000
2025-05-22T17:06:37.084626,KXBTCD-25MAY2221-T111249.99,DELTA,71,100,77,3014,530,yes,69,1000
2025-05-22T17:06:37.084843,KXBTCD-25MAY2221-T111249.99,DELTA,71,100,77,3014,531,no,22,1250
2025-05-22T17:06:37.084941,KXBTCD-25MAY2221-T111249.99,DELTA,71,100,77,3014,532,yes,66,2000
2025-05-22T17:06:37.184235,KXBTCD-25MAY2221-T111249.99,DELTA,71,100,77,3014,533,yes,65,1250
2025-05-22T17:06:37.384151,KXBTCD-25MAY2221-T111249.99,DELTA,71,100,76,250,534,no,24,250
2025-05-22T17:06:37.384320,KXBTCD-25MAY2221-T111249.99,DELTA,71,100,76,250,535,no,14,-250
2025-05-22T17:06:37.385387,KXBTCD-25MAY2221-T111249.99,DELTA,71,100,76,250,536,yes,70,100
2025-05-22T17:06:37.403471,KXBTCD-25MAY2221-T111249.99,DELTA,70,100,76,250,537,yes,71,-100
2025-05-22T17:06:37.403653,KXBTCD-25MAY2221-T111249.99,DELTA,70,100,75,150,538,no,25,150
2025-05-22T17:06:37.504080,KXBTCD-25MAY2221-T111249.99,DELTA,70,100,75,150,539,yes,58,250
2025-05-22T17:06:37.583714,KXBTCD-25MAY2221-T111249.99,DELTA,70,100,75,150,540,no,23,-1000
2025-05-22T17:06:37.585008,KXBTCD-25MAY2221-T111249.99,DELTA,70,100,75,150,541,yes,68,-250
2025-05-22T17:06:37.803989,KXBTCD-25MAY2221-T111249.99,DELTA,70,100,75,150,542,yes,69,-1000
2025-05-22T17:06:37.804234,KXBTCD-25MAY2221-T111249.99,DELTA,70,100,75,1150,543,no,25,1000
2025-05-22T17:06:38.105920,KXBTCD-25MAY2221-T111249.99,DELTA,70,100,75,1150,544,yes,68,1000
2025-05-22T17:06:38.284166,KXBTCD-25MAY2221-T111249.99,DELTA,70,100,74,250,545,no,26,250
2025-05-22T17:06:38.284490,KXBTCD-25MAY2221-T111249.99,DELTA,70,100,74,250,546,no,16,-250
2025-05-22T17:06:38.383955,KXBTCD-25MAY2221-T111249.99,DELTA,68,1014,74,250,547,yes,70,-100
2025-05-22T17:06:38.384287,KXBTCD-25MAY2221-T111249.99,DELTA,68,1014,74,250,548,no,25,-1000
2025-05-22T17:06:38.583143,KXBTCD-25MAY2221-T111249.99,DELTA,68,1014,75,150,549,no,26,-250
2025-05-22T17:06:38.583396,KXBTCD-25MAY2221-T111249.99,DELTA,68,1014,75,150,550,no,16,250
2025-05-22T17:06:38.685877,KXBTCD-25MAY2221-T111249.99,DELTA,70,50,75,150,551,yes,70,50
2025-05-22T17:06:38.784178,KXBTCD-25MAY2221-T111249.99,DELTA,70,50,74,1000,552,no,26,1000
2025-05-22T17:06:38.883978,KXBTCD-25MAY2221-T111249.99,DELTA,70,50,74,1250,553,no,26,250
2025-05-22T17:06:38.884280,KXBTCD-25MAY2221-T111249.99,DELTA,70,50,74,1250,554,no,16,-250
2025-05-22T17:06:39.605579,KXBTCD-25MAY2221-T111249.99,DELTA,70,50,74,1000,555,no,26,-250
2025-05-22T17:06:39.606080,KXBTCD-25MAY2221-T111249.99,DELTA,70,50,74,1000,556,no,16,250
2025-05-22T17:06:39.684044,KXBTCD-25MAY2221-T111249.99,DELTA,70,50,75,150,557,no,26,-1000
2025-05-22T17:06:39.704513,KXBTCD-25MAY2221-T111249.99,DELTA,70,50,75,150,558,yes,66,-2000
2025-05-22T17:06:39.804833,KXBTCD-25MAY2221-T111249.99,DELTA,68,1014,75,150,559,yes,70,-50
2025-05-22T17:06:39.805595,KXBTCD-25MAY2221-T111249.99,DELTA,68,1014,75,1150,560,no,25,1000
2025-05-22T17:06:39.805765,KXBTCD-25MAY2221-T111249.99,DELTA,68,14,75,1150,561,yes,68,-1000
2025-05-22T17:06:39.904833,KXBTCD-25MAY2221-T111249.99,DELTA,68,14,75,1150,562,yes,65,-1250
2025-05-22T17:06:39.983767,KXBTCD-25MAY2221-T111249.99,DELTA,69,100,75,1150,563,yes,69,100
2025-05-22T17:06:39.984031,KXBTCD-25MAY2221-T111249.99,DELTA,69,100,75,1150,564,no,23,-2000
2025-05-22T17:06:40.089483,KXBTCD-25MAY2221-T111249.99,DELTA,70,200,75,1150,565,yes,70,200
2025-05-22T17:06:40.104500,KXBTCD-25MAY2221-T111249.99,DELTA,70,200,75,1150,566,yes,56,250
2025-05-22T17:06:40.104856,KXBTCD-25MAY2221-T111249.99,DELTA,70,200,75,1150,567,yes,66,-250
2025-05-22T17:06:40.504842,KXBTCD-25MAY2221-T111249.99,DELTA,70,200,75,1088,568,no,25,-62
2025-05-22T17:06:40.505668,KXBTCD-25MAY2221-T111249.99,DELTA,70,200,75,1088,569,yes,68,1000
2025-05-22T17:06:40.506235,KXBTCD-25MAY2221-T111249.99,DELTA,70,200,75,1088,570,yes,67,2000
2025-05-22T17:06:40.506714,KXBTCD-25MAY2221-T111249.99,DELTA,70,200,75,1088,571,yes,66,1250
2025-05-22T17:06:40.507189,KXBTCD-25MAY2221-T111249.99,DELTA,70,200,75,1088,572,no,22,2000
2025-05-22T17:06:40.685306,KXBTCD-25MAY2221-T111249.99,DELTA,70,200,75,1088,573,yes,67,-2000
2025-05-22T17:06:40.685646,KXBTCD-25MAY2221-T111249.99,DELTA,70,200,75,1000,574,no,25,-88
2025-05-22T17:06:40.686335,KXBTCD-25MAY2221-T111249.99,DELTA,70,200,75,1000,575,yes,68,-1000
2025-05-22T17:06:40.784778,KXBTCD-25MAY2221-T111249.99,DELTA,70,200,75,1000,576,yes,66,-1250
2025-05-22T17:06:40.785167,KXBTCD-25MAY2221-T111249.99,DELTA,70,200,75,1100,577,no,25,100
2025-05-22T17:06:40.883988,KXBTCD-25MAY2221-T111249.99,DELTA,70,200,75,1100,578,no,22,-1250
2025-05-22T17:06:41.286372,KXBTCD-25MAY2221-T111249.99,DELTA,70,200,75,1100,579,yes,69,1000
2025-05-22T17:06:41.287358,KXBTCD-25MAY2221-T111249.99,DELTA,70,200,75,1100,580,no,22,1250
2025-05-22T17:06:41.304554,KXBTCD-25MAY2221-T111249.99,DELTA,70,200,75,1100,581,yes,65,1250
2025-05-22T17:06:41.305209,KXBTCD-25MAY2221-T111249.99,DELTA,70,200,75,1100,582,no,22,-2000
2025-05-22T17:06:41.485244,KXBTCD-25MAY2221-T111249.99,DELTA,70,200,75,1100,583,yes,65,2000
2025-05-22T17:06:41.485787,KXBTCD-25MAY2221-T111249.99,DELTA,70,200,75,100,584,no,25,-1000
2025-05-22T17:06:41.544533,KXBTCD-25MAY2221-T111249.99,DELTA,70,200,74,1000,585,no,26,1000
2025-05-22T17:06:41.604460,KXBTCD-25MAY2221-T111249.99,DELTA,70,200,74,1000,586,yes,56,-250
2025-05-22T17:06:41.604899,KXBTCD-25MAY2221-T111249.99,DELTA,70,200,74,1000,587,yes,66,250
2025-05-22T17:06:41.664941,KXBTCD-25MAY2221-T111249.99,DELTA,70,200,74,1000,588,yes,65,-2000
2025-05-22T17:06:41.684612,KXBTCD-25MAY2221-T111249.99,DELTA,70,200,74,1000,589,yes,65,-1250
2025-05-22T17:06:41.724012,KXBTCD-25MAY2221-T111249.99,DELTA,70,200,74,1000,590,yes,67,2000
2025-05-22T17:06:41.743543,KXBTCD-25MAY2221-T111249.99,DELTA,70,200,74,1000,591,yes,66,1250
2025-05-22T17:06:41.844922,KXBTCD-25MAY2221-T111249.99,DELTA,70,200,74,1000,592,no,23,2000
2025-05-22T17:06:41.884738,KXBTCD-25MAY2221-T111249.99,DELTA,70,200,74,1000,593,no,23,-2000
2025-05-22T17:06:41.903696,KXBTCD-25MAY2221-T111249.99,DELTA,70,200,75,100,594,no,26,-1000
2025-05-22T17:06:41.943974,KXBTCD-25MAY2221-T111249.99,DELTA,70,200,75,1100,595,no,25,1000
2025-05-22T17:06:41.944452,KXBTCD-25MAY2221-T111249.99,DELTA,70,200,75,1100,596,no,22,2000
2025-05-22T17:06:42.223759,KXBTCD-25MAY2221-T111249.99,DELTA,70,200,75,1100,597,yes,69,-1000
2025-05-22T17:06:42.224453,KXBTCD-25MAY2221-T111249.99,DELTA,70,200,75,1100,598,no,22,-1250
2025-05-22T17:06:42.224639,KXBTCD-25MAY2221-T111249.99,DELTA,70,200,75,1000,599,no,25,-100
2025-05-22T17:06:42.284699,KXBTCD-25MAY2221-T111249.99,DELTA,70,200,75,1000,600,no,24,150
2025-05-22T17:06:42.304849,KXBTCD-25MAY2221-T111249.99,DELTA,70,1200,75,1000,601,yes,70,1000
2025-05-22T17:06:42.305186,KXBTCD-25MAY2221-T111249.99,DELTA,70,1200,75,1000,602,no,21,1250
2025-05-22T17:06:42.364644,KXBTCD-25MAY2221-T111249.99,DELTA,70,200,75,1000,603,yes,70,-1000
2025-05-22T17:06:42.364981,KXBTCD-25MAY2221-T111249.99,DELTA,70,200,75,1000,604,yes,66,-1250
2025-05-22T17:06:42.404274,KXBTCD-25MAY2221-T111249.99,DELTA,70,200,75,1000,605,no,24,-150
2025-05-22T17:06:42.424852,KXBTCD-25MAY2221-T111249.99,DELTA,71,1000,75,1000,606,yes,71,1000
2025-05-22T17:06:42.425132,KXBTCD-25MAY2221-T111249.99,DELTA,71,1000,75,1000,607,yes,67,1250
2025-05-22T17:06:42.444901,KXBTCD-25MAY2221-T111249.99,DELTA,71,1000,75,1000,608,no,23,350
2025-05-22T17:06:42.645194,KXBTCD-25MAY2221-T111249.99,DELTA,71,1000,75,1000,609,no,22,-2000
2025-05-22T17:06:42.684253,KXBTCD-25MAY2221-T111249.99,DELTA,71,1000,75,1000,610,no,21,2000
2025-05-22T17:06:42.684469,KXBTCD-25MAY2221-T111249.99,DELTA,71,1000,76,250,611,no,25,-1000
2025-05-22T17:06:42.870754,KXBTCD-25MAY2221-T111249.99,DELTA,71,1000,76,1250,612,no,24,1000
2025-05-22T17:06:43.184166,KXBTCD-25MAY2221-T111249.99,DELTA,71,1000,76,1250,613,yes,58,-250
2025-05-22T17:06:43.184390,KXBTCD-25MAY2221-T111249.99,DELTA,71,1000,76,1250,614,yes,68,250
2025-05-22T17:06:43.264592,KXBTCD-25MAY2221-T111249.99,DELTA,71,1000,76,1250,615,yes,67,-2000
2025-05-22T17:06:43.304287,KXBTCD-25MAY2221-T111249.99,DELTA,71,1000,76,1250,616,yes,69,-100
2025-05-22T17:06:43.444250,KXBTCD-25MAY2221-T111249.99,DELTA,71,1000,76,1250,617,yes,68,2000
2025-05-22T17:06:43.917444,KXBTCD-25MAY2221-T111249.99,DELTA,71,1000,76,1000,618,no,24,-250
2025-05-22T17:06:43.917865,KXBTCD-25MAY2221-T111249.99,DELTA,71,1000,76,1000,619,no,14,250
2025-05-22T17:06:43.918338,KXBTCD-25MAY2221-T111249.99,DELTA,71,1000,76,1000,620,no,4,250
2025-05-22T17:06:43.918494,KXBTCD-25MAY2221-T111249.99,DELTA,71,1000,76,1000,621,no,16,-250
2025-05-22T17:06:43.918592,KXBTCD-25MAY2221-T111249.99,DELTA,71,1000,76,1000,622,yes,68,-2000
2025-05-22T17:06:43.918704,KXBTCD-25MAY2221-T111249.99,DELTA,71,1000,76,1000,623,no,10,250
2025-05-22T17:06:43.918792,KXBTCD-25MAY2221-T111249.99,DELTA,71,1000,76,1000,624,yes,70,-200
2025-05-22T17:06:43.918870,KXBTCD-25MAY2221-T111249.99,DELTA,71,1000,76,1000,625,yes,67,-1250
2025-05-22T17:06:43.918949,KXBTCD-25MAY2221-T111249.99,DELTA,71,1000,76,1000,626,no,14,-250
2025-05-22T17:06:43.924830,KXBTCD-25MAY2221-T111249.99,DELTA,71,1000,76,1000,627,no,21,-2000
2025-05-22T17:06:43.925017,KXBTCD-25MAY2221-T111249.99,DELTA,71,1000,77,364,628,no,24,-1000
2025-05-22T17:06:43.944646,KXBTCD-25MAY2221-T111249.99,DELTA,71,1000,77,364,629,no,21,-1250
2025-05-22T17:06:43.964736,KXBTCD-25MAY2221-T111249.99,DELTA,72,100,77,364,630,yes,72,100
2025-05-22T17:06:44.013548,KXBTCD-25MAY2221-T111249.99,DELTA,72,100,77,364,631,no,22,-250
2025-05-22T17:06:44.013769,KXBTCD-25MAY2221-T111249.99,DELTA,72,100,77,364,632,yes,71,-1000
2025-05-22T17:06:44.013888,KXBTCD-25MAY2221-T111249.99,DELTA,72,100,77,364,633,no,18,-250
2025-05-22T17:06:44.026898,KXBTCD-25MAY2221-T111249.99,DELTA,72,100,77,364,634,yes,69,30
2025-05-22T17:06:44.027128,KXBTCD-25MAY2221-T111249.99,DELTA,72,100,77,364,635,yes,70,14
2025-05-22T17:06:44.027375,KXBTCD-25MAY2221-T111249.99,DELTA,72,100,77,364,636,yes,67,-30
2025-05-22T17:06:44.027493,KXBTCD-25MAY2221-T111249.99,DELTA,72,100,77,364,637,no,20,-250
2025-05-22T17:06:44.027600,KXBTCD-25MAY2221-T111249.99,DELTA,72,100,77,364,638,no,20,30
2025-05-22T17:06:44.027708,KXBTCD-25MAY2221-T111249.99,DELTA,72,100,77,364,639,no,22,-30
2025-05-22T17:06:44.027814,KXBTCD-25MAY2221-T111249.99,DELTA,72,100,77,364,640,no,21,14
2025-05-22T17:06:44.045166,KXBTCD-25MAY2221-T111249.99,DELTA,72,100,77,14,641,no,23,-350
2025-05-22T17:06:44.045401,KXBTCD-25MAY2221-T111249.99,DELTA,72,100,77,14,642,yes,68,-14
2025-05-22T17:06:44.045534,KXBTCD-25MAY2221-T111249.99,DELTA,72,100,77,14,643,no,6,250
2025-05-22T17:06:44.064614,KXBTCD-25MAY2221-T111249.99,DELTA,72,100,79,14,644,no,23,-14
2025-05-22T17:06:44.064867,KXBTCD-25MAY2221-T111249.99,DELTA,72,100,79,14,645,no,12,250
2025-05-22T17:06:44.064956,KXBTCD-25MAY2221-T111249.99,DELTA,72,100,79,14,646,no,8,250
2025-05-22T17:06:44.065047,KXBTCD-25MAY2221-T111249.99,DELTA,72,100,78,1000,647,no,22,1000
2025-05-22T17:06:44.084888,KXBTCD-25MAY2221-T111249.99,DELTA,72,100,78,1000,648,yes,69,2000
2025-05-22T17:06:44.085175,KXBTCD-25MAY2221-T111249.99,DELTA,72,100,78,1000,649,no,19,2000
2025-05-22T17:06:44.104885,KXBTCD-25MAY2221-T111249.99,DELTA,72,100,78,1000,650,no,18,1250
2025-05-22T17:06:44.126074,KXBTCD-25MAY2221-T111249.99,DELTA,72,100,78,1000,651,yes,58,250
2025-05-22T17:06:44.126347,KXBTCD-25MAY2221-T111249.99,DELTA,72,100,78,1000,652,yes,69,1250
2025-05-22T17:06:44.126515,KXBTCD-25MAY2221-T111249.99,DELTA,72,100,78,1000,653,yes,68,-250
2025-05-22T17:06:44.126640,KXBTCD-25MAY2221-T111249.99,DELTA,72,100,78,1000,654,no,2,250
2025-05-22T17:06:44.126727,KXBTCD-25MAY2221-T111249.99,DELTA,72,100,78,1000,655,no,12,-250
2025-05-22T17:06:44.144361,KXBTCD-25MAY2221-T111249.99,DELTA,72,100,78,1000,656,no,4,-250
2025-05-22T17:06:44.144598,KXBTCD-25MAY2221-T111249.99,DELTA,72,100,78,1000,657,no,8,-250
2025-05-22T17:06:44.144689,KXBTCD-25MAY2221-T111249.99,DELTA,72,100,78,1100,658,no,22,100
2025-05-22T17:06:44.144772,KXBTCD-25MAY2221-T111249.99,DELTA,72,100,78,1100,659,no,20,250
2025-05-22T17:06:44.166576,KXBTCD-25MAY2221-T111249.99,DELTA,72,100,78,1350,660,no,22,250
2025-05-22T17:06:44.166757,KXBTCD-25MAY2221-T111249.99,DELTA,72,100,78,1350,661,yes,58,-250
2025-05-22T17:06:44.166884,KXBTCD-25MAY2221-T111249.99,DELTA,72,100,78,1350,662,no,19,-2000
2025-05-22T17:06:44.166983,KXBTCD-25MAY2221-T111249.99,DELTA,72,100,78,1350,663,no,2,-250
2025-05-22T17:06:44.167129,KXBTCD-25MAY2221-T111249.99,DELTA,72,100,78,1350,664,no,14,250
2025-05-22T17:06:44.167213,KXBTCD-25MAY2221-T111249.99,DELTA,72,100,78,350,665,no,22,-1000
2025-05-22T17:06:44.244721,KXBTCD-25MAY2221-T111249.99,DELTA,72,100,78,350,666,no,11,2000
2025-05-22T17:06:44.264088,KXBTCD-25MAY2221-T111249.99,DELTA,72,100,78,1350,667,no,22,1000
2025-05-22T17:06:44.289027,KXBTCD-25MAY2221-T111249.99,DELTA,72,100,78,1350,668,no,18,-1250
2025-05-22T17:06:44.289202,KXBTCD-25MAY2221-T111249.99,DELTA,72,100,78,1350,669,no,10,-250
2025-05-22T17:06:44.303541,KXBTCD-25MAY2221-T111249.99,DELTA,72,100,78,1350,670,no,6,-250
2025-05-22T17:06:44.303772,KXBTCD-25MAY2221-T111249.99,DELTA,73,1000,78,1350,671,yes,73,1000
2025-05-22T17:06:44.303904,KXBTCD-25MAY2221-T111249.99,DELTA,73,1000,78,1350,672,no,16,250
2025-05-22T17:06:44.325313,KXBTCD-25MAY2221-T111249.99,DELTA,73,1000,78,1350,673,no,18,250
2025-05-22T17:06:44.347411,KXBTCD-25MAY2221-T111249.99,DELTA,73,1000,78,1350,674,no,11,-2000
2025-05-22T17:06:44.404483,KXBTCD-25MAY2221-T111249.99,DELTA,73,1000,78,1350,675,no,19,2000
2025-05-22T17:06:44.485189,KXBTCD-25MAY2221-T111249.99,DELTA,73,1000,78,1350,676,no,15,1250
2025-05-22T17:06:44.524499,KXBTCD-25MAY2221-T111249.99,DELTA,73,1000,78,1350,677,no,15,-1250
2025-05-22T17:06:44.605337,KXBTCD-25MAY2221-T111249.99,DELTA,73,1000,78,1350,678,no,18,1250
2025-05-22T17:06:44.684182,KXBTCD-25MAY2221-T111249.99,DELTA,73,1000,78,1350,679,no,19,-2000
2025-05-22T17:06:44.704753,KXBTCD-25MAY2221-T111249.99,DELTA,73,1000,78,1350,680,yes,69,-2000
2025-05-22T17:06:44.704912,KXBTCD-25MAY2221-T111249.99,DELTA,73,1000,78,350,681,no,22,-1000
2025-05-22T17:06:44.704985,KXBTCD-25MAY2221-T111249.99,DELTA,73,1000,78,350,682,yes,69,-1250
2025-05-22T17:06:44.763681,KXBTCD-25MAY2221-T111249.99,DELTA,73,1000,78,350,683,yes,67,1250
2025-05-22T17:06:44.763860,KXBTCD-25MAY2221-T111249.99,DELTA,73,1000,78,350,684,no,21,1000
2025-05-22T17:06:44.763937,KXBTCD-25MAY2221-T111249.99,DELTA,73,1000,78,350,685,no,18,2000
2025-05-22T17:06:44.904223,KXBTCD-25MAY2221-T111249.99,DELTA,73,1000,78,350,686,yes,72,-100
2025-05-22T17:06:44.904716,KXBTCD-25MAY2221-T111249.99,DELTA,73,1000,78,250,687,no,22,-100
2025-05-22T17:06:44.944456,KXBTCD-25MAY2221-T111249.99,DELTA,73,1250,78,250,688,yes,73,250
2025-05-22T17:06:44.944630,KXBTCD-25MAY2221-T111249.99,DELTA,73,1250,78,250,689,no,21,350
2025-05-22T17:06:45.064455,KXBTCD-25MAY2221-T111249.99,DELTA,73,250,78,250,690,yes,73,-1000
2025-05-22T17:06:45.143975,KXBTCD-25MAY2221-T111249.99,DELTA,74,1000,78,250,691,yes,74,1000
2025-05-22T17:06:45.283910,KXBTCD-25MAY2221-T111249.99,DELTA,74,1000,78,250,692,yes,70,100
2025-05-22T17:06:45.704426,KXBTCD-25MAY2221-T111249.99,DELTA,74,1000,78,250,693,yes,70,-100
2025-05-22T17:06:46.244284,KXBTCD-25MAY2221-T111249.99,DELTA,74,1000,78,250,694,yes,67,2000
2025-05-22T17:06:46.865103,KXBTCD-25MAY2221-T111249.99,DELTA,74,927,78,250,695,yes,74,-73
2025-05-22T17:06:46.884668,KXBTCD-25MAY2221-T111249.99,DELTA,74,927,78,250,696,no,3,-10800
2025-05-22T17:06:46.884839,KXBTCD-25MAY2221-T111249.99,DELTA,74,927,78,250,697,no,4,8100
2025-05-22T17:06:47.285136,KXBTCD-25MAY2221-T111249.99,DELTA,73,250,78,250,698,yes,74,-927
2025-05-22T17:06:47.285280,KXBTCD-25MAY2221-T111249.99,DELTA,73,250,78,250,699,no,18,-2000
2025-05-22T17:06:47.305874,KXBTCD-25MAY2221-T111249.99,DELTA,73,250,78,250,700,no,21,-1000
2025-05-22T17:06:47.363874,KXBTCD-25MAY2221-T111249.99,DELTA,73,250,78,1250,701,no,22,1000
2025-05-22T17:06:47.384838,KXBTCD-25MAY2221-T111249.99,DELTA,73,250,78,1250,702,no,19,2000
2025-05-22T17:06:47.484303,KXBTCD-25MAY2221-T111249.99,DELTA,73,250,78,1250,703,no,19,-2000
2025-05-22T17:06:47.504410,KXBTCD-25MAY2221-T111249.99,DELTA,73,250,78,1250,704,no,4,-20000
2025-05-22T17:06:47.504511,KXBTCD-25MAY2221-T111249.99,DELTA,73,250,78,250,705,no,22,-1000
2025-05-22T17:06:47.504575,KXBTCD-25MAY2221-T111249.99,DELTA,73,250,78,250,706,no,18,-1250
2025-05-22T17:06:47.563901,KXBTCD-25MAY2221-T111249.99,DELTA,73,250,78,250,707,no,5,20000
2025-05-22T17:06:47.604501,KXBTCD-25MAY2221-T111249.99,DELTA,73,250,78,250,708,no,18,2000
2025-05-22T17:06:47.644418,KXBTCD-25MAY2221-T111249.99,DELTA,73,250,78,250,709,no,17,1250
2025-05-22T17:06:47.664258,KXBTCD-25MAY2221-T111249.99,DELTA,73,250,78,250,710,no,21,1000
2025-05-22T17:06:47.743625,KXBTCD-25MAY2221-T111249.99,DELTA,73,250,78,250,711,yes,68,9
2025-05-22T17:06:47.944228,KXBTCD-25MAY2221-T111249.99,DELTA,73,250,78,250,712,yes,71,100
2025-05-22T17:06:48.633629,KXBTCD-25MAY2221-T111249.99,DELTA,73,250,79,1364,713,no,22,-250
2025-05-22T17:06:48.639020,KXBTCD-25MAY2221-T111249.99,DELTA,73,250,79,1364,714,no,12,250
2025-05-22T17:06:48.764341,KXBTCD-25MAY2221-T111249.99,DELTA,73,1250,79,1364,715,yes,73,1000
2025-05-22T17:06:48.891428,KXBTCD-25MAY2221-T111249.99,DELTA,73,250,79,1364,716,yes,73,-1000
2025-05-22T17:06:48.923487,KXBTCD-25MAY2221-T111249.99,DELTA,74,1000,79,1364,717,yes,74,1000
2025-05-22T17:06:48.984763,KXBTCD-25MAY2221-T111249.99,DELTA,74,1000,79,1364,718,yes,60,-250
2025-05-22T17:06:48.985055,KXBTCD-25MAY2221-T111249.99,DELTA,74,1000,79,1364,719,no,4,-8100
2025-05-22T17:06:48.985127,KXBTCD-25MAY2221-T111249.99,DELTA,74,1000,79,1364,720,no,5,6480
2025-05-22T17:06:48.985192,KXBTCD-25MAY2221-T111249.99,DELTA,74,1000,79,1364,721,yes,68,250
2025-05-22T17:06:48.985245,KXBTCD-25MAY2221-T111249.99,DELTA,74,1000,79,1364,722,yes,70,250
2025-05-22T17:06:49.244550,KXBTCD-25MAY2221-T111249.99,DELTA,74,1000,79,1364,723,yes,67,-2000
2025-05-22T17:06:49.244712,KXBTCD-25MAY2221-T111249.99,DELTA,74,1000,79,1364,724,yes,67,-1250
2025-05-22T17:06:49.263950,KXBTCD-25MAY2221-T111249.99,DELTA,74,1000,79,1364,725,no,5,-20000
2025-05-22T17:06:49.304193,KXBTCD-25MAY2221-T111249.99,DELTA,74,1000,79,1364,726,no,6,20000
2025-05-22T17:06:49.304555,KXBTCD-25MAY2221-T111249.99,DELTA,74,1000,79,1364,727,yes,71,2000
2025-05-22T17:06:49.383872,KXBTCD-25MAY2221-T111249.99,DELTA,74,1000,79,1364,728,yes,71,1250
2025-05-22T17:06:49.504022,KXBTCD-25MAY2221-T111249.99,DELTA,74,1000,79,1364,729,yes,68,-9
2025-05-22T17:06:49.616551,KXBTCD-25MAY2221-T111249.99,DELTA,74,1000,79,1364,730,yes,71,-100
2025-05-22T17:06:50.083254,KXBTCD-25MAY2221-T111249.99,DELTA,74,1000,79,1364,731,no,5,-6480
2025-05-22T17:06:50.083408,KXBTCD-25MAY2221-T111249.99,DELTA,74,1000,79,1364,732,no,4,8100
2025-05-22T17:06:50.124017,KXBTCD-25MAY2221-T111249.99,DELTA,74,1000,78,250,733,no,22,250
2025-05-22T17:06:50.124207,KXBTCD-25MAY2221-T111249.99,DELTA,74,1000,78,250,734,no,12,-250
2025-05-22T17:06:50.145398,KXBTCD-25MAY2221-T111249.99,DELTA,74,1000,78,250,735,no,6,-20000
2025-05-22T17:06:50.184998,KXBTCD-25MAY2221-T111249.99,DELTA,74,1000,78,250,736,no,5,20000
2025-05-22T17:06:50.904101,KXBTCD-25MAY2221-T111249.99,DELTA,74,1000,78,250,737,yes,71,-1250
2025-05-22T17:06:50.904266,KXBTCD-25MAY2221-T111249.99,DELTA,74,1000,78,250,738,no,17,-1250
2025-05-22T17:06:50.964695,KXBTCD-25MAY2221-T111249.99,DELTA,74,1000,78,250,739,no,18,1250
2025-05-22T17:06:50.964841,KXBTCD-25MAY2221-T111249.99,DELTA,74,1000,78,250,740,yes,71,-2000
2025-05-22T17:06:50.965102,KXBTCD-25MAY2221-T111249.99,DELTA,74,1000,78,250,741,yes,70,1250
2025-05-22T17:06:50.965205,KXBTCD-25MAY2221-T111249.99,DELTA,73,250,78,250,742,yes,74,-1000
2025-05-22T17:06:50.984036,KXBTCD-25MAY2221-T111249.99,DELTA,73,250,78,250,743,no,18,-2000
2025-05-22T17:06:50.984251,KXBTCD-25MAY2221-T111249.99,DELTA,73,250,78,250,744,no,21,-1000
2025-05-22T17:06:51.004214,KXBTCD-25MAY2221-T111249.99,DELTA,70,1514,78,250,745,yes,73,-250
2025-05-22T17:06:51.068815,KXBTCD-25MAY2221-T111249.99,DELTA,70,1514,78,1250,746,no,22,1000
2025-05-22T17:06:51.068917,KXBTCD-25MAY2221-T111249.99,DELTA,73,1000,78,1250,747,yes,73,1000
2025-05-22T17:06:51.068979,KXBTCD-25MAY2221-T111249.99,DELTA,73,1000,78,1250,748,no,19,2000
2025-05-22T17:06:51.069031,KXBTCD-25MAY2221-T111249.99,DELTA,73,1000,78,1250,749,yes,72,300
2025-05-22T17:06:51.084742,KXBTCD-25MAY2221-T111249.99,DELTA,73,1000,78,1250,750,yes,70,2000
2025-05-22T17:06:51.104936,KXBTCD-25MAY2221-T111249.99,DELTA,72,300,78,1250,751,yes,73,-1000
2025-05-22T17:06:51.164373,KXBTCD-25MAY2221-T111249.99,DELTA,72,1300,78,1250,752,yes,72,1000
2025-05-22T17:06:51.164522,KXBTCD-25MAY2221-T111249.99,DELTA,72,1300,78,1250,753,yes,70,-2000
2025-05-22T17:06:51.243489,KXBTCD-25MAY2221-T111249.99,DELTA,72,1300,78,1250,754,yes,69,2000
2025-05-22T17:06:51.324238,KXBTCD-25MAY2221-T111249.99,DELTA,72,1300,78,1250,755,yes,71,100
2025-05-22T17:06:51.445175,KXBTCD-25MAY2221-T111249.99,DELTA,72,1300,78,1250,756,yes,70,-1250
2025-05-22T17:06:51.465030,KXBTCD-25MAY2221-T111249.99,DELTA,72,1300,78,1250,757,no,19,-2000
2025-05-22T17:06:51.465157,KXBTCD-25MAY2221-T111249.99,DELTA,72,1300,78,250,758,no,22,-1000
2025-05-22T17:06:51.484734,KXBTCD-25MAY2221-T111249.99,DELTA,72,1300,78,250,759,no,18,-1250
2025-05-22T17:06:51.544931,KXBTCD-25MAY2221-T111249.99,DELTA,72,1300,78,250,760,yes,68,1250
2025-05-22T17:06:51.545038,KXBTCD-25MAY2221-T111249.99,DELTA,72,1300,77,1000,761,no,23,1000
2025-05-22T17:06:51.545094,KXBTCD-25MAY2221-T111249.99,DELTA,72,1300,77,1000,762,no,20,2000
2025-05-22T17:06:51.584605,KXBTCD-25MAY2221-T111249.99,DELTA,72,1300,77,1000,763,no,19,1250
2025-05-22T17:06:51.644062,KXBTCD-25MAY2221-T111249.99,DELTA,72,1300,77,1000,764,yes,69,-2000
2025-05-22T17:06:51.644188,KXBTCD-25MAY2221-T111249.99,DELTA,72,300,77,1000,765,yes,72,-1000
2025-05-22T17:06:51.664350,KXBTCD-25MAY2221-T111249.99,DELTA,72,300,77,1000,766,no,20,-2000
2025-05-22T17:06:51.664471,KXBTCD-25MAY2221-T111249.99,DELTA,72,300,77,1000,767,yes,68,-1250
2025-05-22T17:06:51.664524,KXBTCD-25MAY2221-T111249.99,DELTA,72,300,78,250,768,no,23,-1000
2025-05-22T17:06:51.724256,KXBTCD-25MAY2221-T111249.99,DELTA,72,300,78,250,769,yes,69,1250
2025-05-22T17:06:51.724378,KXBTCD-25MAY2221-T111249.99,DELTA,72,300,78,250,770,yes,70,2000
2025-05-22T17:06:51.724440,KXBTCD-25MAY2221-T111249.99,DELTA,73,1000,78,250,771,yes,73,1000
2025-05-22T17:06:51.744833,KXBTCD-25MAY2221-T111249.99,DELTA,73,1000,78,1250,772,no,22,1000
2025-05-22T17:06:51.744940,KXBTCD-25MAY2221-T111249.99,DELTA,73,1000,78,1250,773,no,19,2000
2025-05-22T17:06:52.543566,KXBTCD-25MAY2221-T111249.99,DELTA,73,1000,78,1250,774,yes,69,-1250
2025-05-22T17:06:52.543778,KXBTCD-25MAY2221-T111249.99,DELTA,73,1000,78,1250,775,no,19,-1250
2025-05-22T17:06:52.603935,KXBTCD-25MAY2221-T111249.99,DELTA,73,1000,78,1250,776,yes,70,1250
2025-05-22T17:06:52.703573,KXBTCD-25MAY2221-T111249.99,DELTA,73,1000,78,1250,777,no,18,1250
2025-05-22T17:06:53.755571,KXBTCD-25MAY2221-T111249.99,DELTA,73,1000,78,1250,778,yes,70,-2000
2025-05-22T17:06:53.767435,KXBTCD-25MAY2221-T111249.99,DELTA,73,1000,78,1250,779,yes,70,-1250
2025-05-22T17:06:53.767553,KXBTCD-25MAY2221-T111249.99,DELTA,73,1000,78,1250,780,no,19,-2000
2025-05-22T17:06:53.767745,KXBTCD-25MAY2221-T111249.99,DELTA,73,1000,78,250,781,no,22,-1000
2025-05-22T17:06:53.844782,KXBTCD-25MAY2221-T111249.99,DELTA,73,1000,78,250,782,no,21,1000
2025-05-22T17:06:53.844914,KXBTCD-25MAY2221-T111249.99,DELTA,73,1000,78,250,783,no,18,2000
2025-05-22T17:06:53.844981,KXBTCD-25MAY2221-T111249.99,DELTA,73,1000,78,250,784,yes,71,2000
2025-05-22T17:06:53.866343,KXBTCD-25MAY2221-T111249.99,DELTA,73,1000,78,250,785,yes,71,1250
2025-05-22T17:06:55.165619,KXBTCD-25MAY2221-T111249.99,DELTA,73,1000,78,250,786,yes,71,-2000
2025-05-22T17:06:55.165803,KXBTCD-25MAY2221-T111249.99,DELTA,73,1000,78,250,787,yes,71,-1250
2025-05-22T17:06:55.165869,KXBTCD-25MAY2221-T111249.99,DELTA,73,1000,78,250,788,no,18,-2000
2025-05-22T17:06:55.165923,KXBTCD-25MAY2221-T111249.99,DELTA,73,1000,78,250,789,no,21,-1000
2025-05-22T17:06:55.165973,KXBTCD-25MAY2221-T111249.99,DELTA,73,1000,78,250,790,yes,60,250
2025-05-22T17:06:55.166024,KXBTCD-25MAY2221-T111249.99,DELTA,73,1000,78,250,791,yes,70,-250
2025-05-22T17:06:55.184348,KXBTCD-25MAY2221-T111249.99,DELTA,73,1000,78,250,792,no,19,2000
2025-05-22T17:06:55.184516,KXBTCD-25MAY2221-T111249.99,DELTA,73,1000,78,250,793,no,18,-1250
2025-05-22T17:06:55.184591,KXBTCD-25MAY2221-T111249.99,DELTA,73,1000,78,250,794,yes,70,2000
2025-05-22T17:06:55.184647,KXBTCD-25MAY2221-T111249.99,DELTA,73,1000,78,1250,795,no,22,1000
2025-05-22T17:06:55.203856,KXBTCD-25MAY2221-T111249.99,DELTA,73,1000,78,1250,796,yes,69,1250
2025-05-22T17:06:55.263659,KXBTCD-25MAY2221-T111249.99,DELTA,73,1000,78,1250,797,no,19,1250
2025-05-22T17:06:55.263816,KXBTCD-25MAY2221-T111249.99,DELTA,73,1000,78,1250,798,yes,70,-2000
2025-05-22T17:06:55.324688,KXBTCD-25MAY2221-T111249.99,DELTA,73,1000,78,1250,799,yes,69,2000
2025-05-22T17:06:55.842994,KXBTCD-25MAY2221-T111249.99,DELTA,73,1000,78,1250,800,no,4,-8100
2025-05-22T17:06:55.843201,KXBTCD-25MAY2221-T111249.99,DELTA,73,1000,78,1250,801,no,5,6480
2025-05-22T17:06:55.864305,KXBTCD-25MAY2221-T111249.99,DELTA,73,1000,78,1250,802,no,5,-20000
2025-05-22T17:06:55.924365,KXBTCD-25MAY2221-T111249.99,DELTA,73,1000,78,1250,803,no,6,20000
2025-05-22T17:06:56.024768,KXBTCD-25MAY2221-T111249.99,DELTA,73,1000,78,1250,804,no,19,-2000
2025-05-22T17:06:56.024953,KXBTCD-25MAY2221-T111249.99,DELTA,73,1000,78,250,805,no,22,-1000
2025-05-22T17:06:56.044308,KXBTCD-25MAY2221-T111249.99,DELTA,73,1000,78,250,806,no,19,-1250
2025-05-22T17:06:56.124302,KXBTCD-25MAY2221-T111249.99,DELTA,73,1000,78,250,807,yes,60,-250
2025-05-22T17:06:56.124434,KXBTCD-25MAY2221-T111249.99,DELTA,73,1000,78,250,808,no,18,1250
2025-05-22T17:06:56.143436,KXBTCD-25MAY2221-T111249.99,DELTA,73,1000,78,250,809,yes,70,250
2025-05-22T17:06:56.204362,KXBTCD-25MAY2221-T111249.99,DELTA,73,1000,78,250,810,yes,69,-2000
2025-05-22T17:06:56.223531,KXBTCD-25MAY2221-T111249.99,DELTA,73,1000,78,250,811,yes,69,-1250
2025-05-22T17:06:56.264029,KXBTCD-25MAY2221-T111249.99,DELTA,73,1000,78,250,812,no,21,1000
2025-05-22T17:06:56.283106,KXBTCD-25MAY2221-T111249.99,DELTA,73,1000,78,250,813,yes,71,2000
2025-05-22T17:06:56.323989,KXBTCD-25MAY2221-T111249.99,DELTA,73,1000,78,250,814,yes,70,1250
2025-05-22T17:06:56.484462,KXBTCD-25MAY2221-T111249.99,DELTA,73,1000,78,250,815,yes,70,-1250
2025-05-22T17:06:56.525073,KXBTCD-25MAY2221-T111249.99,DELTA,73,1000,78,250,816,yes,71,1250
2025-05-22T17:06:56.644194,KXBTCD-25MAY2221-T111249.99,DELTA,73,1000,78,250,817,no,18,-1250
2025-05-22T17:06:56.683665,KXBTCD-25MAY2221-T111249.99,DELTA,73,1000,78,250,818,no,18,2000
2025-05-22T17:06:56.704093,KXBTCD-25MAY2221-T111249.99,DELTA,73,1000,78,250,819,no,17,1250
2025-05-22T17:06:56.804153,KXBTCD-25MAY2221-T111249.99,DELTA,73,1000,78,250,820,yes,72,-300
2025-05-22T17:06:56.864908,KXBTCD-25MAY2221-T111249.99,DELTA,74,100,78,250,821,yes,74,100
2025-05-22T17:06:56.865051,KXBTCD-25MAY2221-T111249.99,DELTA,74,100,78,250,822,yes,73,-1000
2025-05-22T17:06:57.044336,KXBTCD-25MAY2221-T111249.99,DELTA,71,3350,78,250,823,yes,74,-100
2025-05-22T17:06:57.044792,KXBTCD-25MAY2221-T111249.99,DELTA,71,3350,78,250,824,no,21,-350
2025-05-22T17:06:57.086003,KXBTCD-25MAY2221-T111249.99,DELTA,71,3350,78,250,825,no,18,-2000
2025-05-22T17:06:57.086136,KXBTCD-25MAY2221-T111249.99,DELTA,74,250,78,250,826,yes,74,250
2025-05-22T17:06:57.086204,KXBTCD-25MAY2221-T111249.99,DELTA,74,250,78,250,827,no,21,-1000
2025-05-22T17:06:57.104998,KXBTCD-25MAY2221-T111249.99,DELTA,74,250,78,250,828,no,20,400
2025-05-22T17:06:57.145205,KXBTCD-25MAY2221-T111249.99,DELTA,74,250,78,250,829,no,10,250
2025-05-22T17:06:57.145329,KXBTCD-25MAY2221-T111249.99,DELTA,74,250,79,14,830,no,22,-250
2025-05-22T17:06:57.145389,KXBTCD-25MAY2221-T111249.99,DELTA,74,250,79,14,831,no,20,1000
2025-05-22T17:06:57.145443,KXBTCD-25MAY2221-T111249.99,DELTA,74,250,79,14,832,no,17,2000
2025-05-22T17:06:57.164078,KXBTCD-25MAY2221-T111249.99,DELTA,74,250,79,14,833,no,12,250
2025-05-22T17:06:57.164180,KXBTCD-25MAY2221-T111249.99,DELTA,74,250,79,14,834,no,20,-250
2025-05-22T17:06:57.203656,KXBTCD-25MAY2221-T111249.99,DELTA,74,250,79,14,835,no,10,-250
2025-05-22T17:06:57.503702,KXBTCD-25MAY2221-T111249.99,DELTA,74,250,79,14,836,yes,71,-100
2025-05-22T17:06:57.964038,KXBTCD-25MAY2221-T111249.99,DELTA,74,250,79,14,837,yes,72,1000
2025-05-22T17:06:58.004422,KXBTCD-25MAY2221-T111249.99,DELTA,74,250,79,14,838,yes,72,-1000
2025-05-22T17:06:58.123932,KXBTCD-25MAY2221-T111249.99,DELTA,74,250,79,14,839,no,5,-6480
2025-05-22T17:06:58.124066,KXBTCD-25MAY2221-T111249.99,DELTA,74,250,79,14,840,no,4,8100
2025-05-22T17:06:58.215969,KXBTCD-25MAY2221-T111249.99,DELTA,74,250,79,14,841,no,6,-20000
2025-05-22T17:06:58.283599,KXBTCD-25MAY2221-T111249.99,DELTA,74,250,79,14,842,no,5,20000
2025-05-22T17:06:58.344344,KXBTCD-25MAY2221-T111249.99,DELTA,75,1000,79,14,843,yes,75,1000
2025-05-22T17:06:58.524276,KXBTCD-25MAY2221-T111249.99,DELTA,75,1000,79,14,844,yes,72,14
2025-05-22T17:06:58.544910,KXBTCD-25MAY2221-T111249.99,DELTA,75,1000,79,14,845,yes,70,-14
2025-05-22T17:06:58.545098,KXBTCD-25MAY2221-T111249.99,DELTA,75,1000,79,14,846,no,19,14
2025-05-22T17:06:58.545292,KXBTCD-25MAY2221-T111249.99,DELTA,75,1000,79,14,847,yes,69,-30
2025-05-22T17:06:58.545362,KXBTCD-25MAY2221-T111249.99,DELTA,75,1000,79,14,848,no,20,-30
2025-05-22T17:06:58.545427,KXBTCD-25MAY2221-T111249.99,DELTA,75,1000,80,1400,849,no,21,-14
2025-05-22T17:06:58.564295,KXBTCD-25MAY2221-T111249.99,DELTA,75,1000,80,1400,850,yes,71,30
2025-05-22T17:06:58.583817,KXBTCD-25MAY2221-T111249.99,DELTA,75,1000,80,1400,851,no,18,30
2025-05-22T17:06:59.084206,KXBTCD-25MAY2221-T111249.99,DELTA,75,1000,80,1400,852,no,17,-1250
2025-05-22T17:06:59.126951,KXBTCD-25MAY2221-T111249.99,DELTA,75,1000,80,1400,853,no,16,1250
2025-05-22T17:06:59.175804,KXBTCD-25MAY2221-T111249.99,DELTA,75,1000,80,400,854,no,20,-1000
2025-05-22T17:06:59.243671,KXBTCD-25MAY2221-T111249.99,DELTA,75,1000,80,400,855,no,4,-8100
2025-05-22T17:06:59.243799,KXBTCD-25MAY2221-T111249.99,DELTA,75,1000,80,400,856,no,5,6480
2025-05-22T17:06:59.303171,KXBTCD-25MAY2221-T111249.99,DELTA,75,1000,80,400,857,no,19,1000
2025-05-22T17:06:59.443518,KXBTCD-25MAY2221-T111249.99,DELTA,75,1000,80,400,858,no,17,-2000
2025-05-22T17:06:59.503319,KXBTCD-25MAY2221-T111249.99,DELTA,75,1000,80,400,859,no,16,2000
2025-05-22T17:06:59.784415,KXBTCD-25MAY2221-T111249.99,DELTA,75,1000,80,400,860,yes,73,100
2025-05-22T17:06:59.884207,KXBTCD-25MAY2221-T111249.99,DELTA,75,1000,80,400,861,no,5,-20000
2025-05-22T17:06:59.944469,KXBTCD-25MAY2221-T111249.99,DELTA,75,1000,80,400,862,no,6,20000
2025-05-22T17:07:00.004122,KXBTCD-25MAY2221-T111249.99,DELTA,75,1000,80,400,863,no,16,-2000
2025-05-22T17:07:00.004238,KXBTCD-25MAY2221-T111249.99,DELTA,75,1000,80,400,864,no,19,-1000
2025-05-22T17:07:00.024072,KXBTCD-25MAY2221-T111249.99,DELTA,75,1000,80,400,865,no,16,-1250
2025-05-22T17:07:00.064978,KXBTCD-25MAY2221-T111249.99,DELTA,75,1000,80,400,866,no,17,2000
2025-05-22T17:07:00.103540,KXBTCD-25MAY2221-T111249.99,DELTA,75,1000,80,400,867,no,17,1250
2025-05-22T17:07:00.205035,KXBTCD-25MAY2221-T111249.99,DELTA,75,1000,80,1400,868,no,20,1000
2025-05-22T17:07:00.385349,KXBTCD-25MAY2221-T111249.99,DELTA,75,1000,80,1400,869,no,5,-6480
2025-05-22T17:07:00.385508,KXBTCD-25MAY2221-T111249.99,DELTA,75,1000,80,1400,870,no,4,8100
2025-05-22T17:07:00.603539,KXBTCD-25MAY2221-T111249.99,DELTA,75,1000,80,1400,871,no,6,-20000
2025-05-22T17:07:00.664818,KXBTCD-25MAY2221-T111249.99,DELTA,75,1000,80,1400,872,no,5,20000
2025-05-22T17:07:01.124624,KXBTCD-25MAY2221-T111249.99,DELTA,74,250,80,1400,873,yes,75,-1000
2025-05-22T17:07:01.124774,KXBTCD-25MAY2221-T111249.99,DELTA,74,250,80,1400,874,no,17,-2000
2025-05-22T17:07:01.144430,KXBTCD-25MAY2221-T111249.99,DELTA,74,250,80,400,875,no,20,-1000
2025-05-22T17:07:01.224371,KXBTCD-25MAY2221-T111249.99,DELTA,74,1250,80,400,876,yes,74,1000
2025-05-22T17:07:01.243479,KXBTCD-25MAY2221-T111249.99,DELTA,74,1250,80,400,877,no,18,2000
2025-05-22T17:07:01.463337,KXBTCD-25MAY2221-T111249.99,DELTA,74,1250,80,400,878,no,4,-8100
2025-05-22T17:07:01.463489,KXBTCD-25MAY2221-T111249.99,DELTA,74,1250,80,400,879,no,5,6480
2025-05-22T17:07:01.824533,KXBTCD-25MAY2221-T111249.99,DELTA,74,1250,79,1000,880,no,21,1000
2025-05-22T17:07:02.044185,KXBTCD-25MAY2221-T111249.99,DELTA,74,250,79,1000,881,yes,74,-1000
2025-05-22T17:07:02.103454,KXBTCD-25MAY2221-T111249.99,DELTA,74,250,79,1000,882,no,5,-20000
2025-05-22T17:07:02.164298,KXBTCD-25MAY2221-T111249.99,DELTA,74,250,79,1000,883,no,18,-2000
2025-05-22T17:07:02.184581,KXBTCD-25MAY2221-T111249.99,DELTA,74,250,80,400,884,no,21,-1000
2025-05-22T17:07:02.223471,KXBTCD-25MAY2221-T111249.99,DELTA,74,250,80,400,885,no,17,2000
2025-05-22T17:07:02.243562,KXBTCD-25MAY2221-T111249.99,DELTA,74,250,80,1400,886,no,20,1000
2025-05-22T17:07:02.423545,KXBTCD-25MAY2221-T111249.99,DELTA,75,1000,80,1400,887,yes,75,1000
2025-05-22T17:07:02.443136,KXBTCD-25MAY2221-T111249.99,DELTA,75,1000,80,1400,888,no,6,20000
2025-05-22T17:07:02.563356,KXBTCD-25MAY2221-T111249.99,DELTA,75,1000,80,1400,889,no,5,-6480
2025-05-22T17:07:02.563547,KXBTCD-25MAY2221-T111249.99,DELTA,75,1000,80,1400,890,no,4,8100
2025-05-22T17:07:02.644201,KXBTCD-25MAY2221-T111249.99,DELTA,75,1000,80,1400,891,no,6,-20000
2025-05-22T17:07:03.244208,KXBTCD-25MAY2221-T111249.99,DELTA,75,1000,80,1400,892,no,5,20000
2025-05-22T17:07:03.505122,KXBTCD-25MAY2221-T111249.99,DELTA,75,1000,80,1400,893,no,17,-2000
2025-05-22T17:07:03.522961,KXBTCD-25MAY2221-T111249.99,DELTA,75,1000,80,400,894,no,20,-1000
2025-05-22T17:07:03.523100,KXBTCD-25MAY2221-T111249.99,DELTA,74,250,80,400,895,yes,75,-1000
2025-05-22T17:07:03.684864,KXBTCD-25MAY2221-T111249.99,DELTA,74,250,80,400,896,no,18,2000
2025-05-22T17:07:03.804309,KXBTCD-25MAY2221-T111249.99,DELTA,74,250,79,1000,897,no,21,1000
2025-05-22T17:07:04.204870,KXBTCD-25MAY2221-T111249.99,DELTA,74,1250,79,1000,898,yes,74,1000
2025-05-22T17:07:05.303745,KXBTCD-25MAY2221-T111249.99,DELTA,74,1250,75,25,899,no,25,25
2025-05-22T17:07:06.683332,KXBTCD-25MAY2221-T111249.99,DELTA,74,1000,75,25,900,yes,74,-250
2025-05-22T17:07:06.724676,KXBTCD-25MAY2221-T111249.99,DELTA,74,1000,75,25,901,yes,73,300
2025-05-22T17:07:06.883336,KXBTCD-25MAY2221-T111249.99,DELTA,74,1000,75,25,902,no,4,-8100
2025-05-22T17:07:06.883539,KXBTCD-25MAY2221-T111249.99,DELTA,74,1000,75,25,903,no,5,6480
2025-05-22T17:07:07.024413,KXBTCD-25MAY2221-T111249.99,DELTA,74,1000,75,25,904,no,5,-20000
2025-05-22T17:07:07.124275,KXBTCD-25MAY2221-T111249.99,DELTA,74,1000,75,25,905,no,12,-250
2025-05-22T17:07:07.143750,KXBTCD-25MAY2221-T111249.99,DELTA,74,1000,75,25,906,no,22,250
2025-05-22T17:07:07.223541,KXBTCD-25MAY2221-T111249.99,DELTA,74,1000,75,25,907,no,20,250
2025-05-22T17:07:07.505513,KXBTCD-25MAY2221-T111249.99,DELTA,74,1000,75,25,908,yes,71,-1250
2025-05-22T17:07:07.505707,KXBTCD-25MAY2221-T111249.99,DELTA,74,1000,75,25,909,yes,73,-100
2025-05-22T17:07:07.603737,KXBTCD-25MAY2221-T111249.99,DELTA,74,1000,75,25,910,yes,70,1250
2025-05-22T17:07:07.643554,KXBTCD-25MAY2221-T111249.99,DELTA,74,1000,75,25,911,no,6,20000
2025-05-22T17:07:07.683623,KXBTCD-25MAY2221-T111249.99,DELTA,74,1000,75,25,912,no,17,-1250
2025-05-22T17:07:07.883686,KXBTCD-25MAY2221-T111249.99,DELTA,74,1000,75,25,913,no,18,1250
2025-05-22T17:07:09.285100,KXBTCD-25MAY2221-T111249.99,DELTA,74,1000,75,25,914,no,5,-6480
2025-05-22T17:07:09.285404,KXBTCD-25MAY2221-T111249.99,DELTA,74,1000,75,25,915,no,4,8100
2025-05-22T17:07:09.344592,KXBTCD-25MAY2221-T111249.99,DELTA,74,1000,75,25,916,no,6,-20000
2025-05-22T17:07:09.984339,KXBTCD-25MAY2221-T111249.99,DELTA,74,1000,75,25,917,yes,72,100
2025-05-22T17:07:10.265147,KXBTCD-25MAY2221-T111249.99,DELTA,74,1000,75,25,918,no,5,20000
2025-05-22T17:07:10.444269,KXBTCD-25MAY2221-T111249.99,DELTA,74,1000,75,25,919,no,4,-8100
2025-05-22T17:07:10.444616,KXBTCD-25MAY2221-T111249.99,DELTA,74,1000,75,25,920,no,5,6480
2025-05-22T17:07:10.885313,KXBTCD-25MAY2221-T111249.99,DELTA,74,1000,75,25,921,yes,70,-1250
2025-05-22T17:07:10.886348,KXBTCD-25MAY2221-T111249.99,DELTA,74,1000,75,25,922,no,5,-20000
2025-05-22T17:07:10.925060,KXBTCD-25MAY2221-T111249.99,DELTA,74,1000,75,25,923,yes,71,1250
2025-05-22T17:07:10.925659,KXBTCD-25MAY2221-T111249.99,DELTA,74,1000,75,25,924,no,6,20000
2025-05-22T17:07:11.405652,KXBTCD-25MAY2221-T111249.99,DELTA,74,1000,75,25,925,yes,72,-100
2025-05-22T17:07:11.525561,KXBTCD-25MAY2221-T111249.99,DELTA,74,1000,75,25,926,no,5,-6480
2025-05-22T17:07:11.526609,KXBTCD-25MAY2221-T111249.99,DELTA,74,1000,75,25,927,no,4,8100
2025-05-22T17:07:11.565392,KXBTCD-25MAY2221-T111249.99,DELTA,74,1000,75,25,928,no,12,250
2025-05-22T17:07:11.566002,KXBTCD-25MAY2221-T111249.99,DELTA,74,1000,75,25,929,no,22,-250
2025-05-22T17:07:11.625664,KXBTCD-25MAY2221-T111249.99,DELTA,74,1000,75,25,930,no,6,-20000
2025-05-22T17:07:11.684644,KXBTCD-25MAY2221-T111249.99,DELTA,74,1000,75,25,931,no,18,-1250
2025-05-22T17:07:11.783775,KXBTCD-25MAY2221-T111249.99,DELTA,74,1000,75,25,932,no,18,-2000
2025-05-22T17:07:11.804035,KXBTCD-25MAY2221-T111249.99,DELTA,74,1000,75,25,933,no,5,20000
2025-05-22T17:07:11.884146,KXBTCD-25MAY2221-T111249.99,DELTA,74,1000,75,25,934,no,17,2000
2025-05-22T17:07:12.086999,KXBTCD-25MAY2221-T111249.99,DELTA,74,1000,75,25,935,no,21,-1000
2025-05-22T17:07:12.147374,KXBTCD-25MAY2221-T111249.99,DELTA,74,1000,75,25,936,yes,73,-300
2025-05-22T17:07:12.165468,KXBTCD-25MAY2221-T111249.99,DELTA,74,1000,75,25,937,yes,71,-2000
2025-05-22T17:07:12.185894,KXBTCD-25MAY2221-T111249.99,DELTA,74,1000,75,25,938,yes,71,-1250
2025-05-22T17:07:12.186547,KXBTCD-25MAY2221-T111249.99,DELTA,74,1000,75,25,939,yes,18,-8000
2025-05-22T17:07:12.186896,KXBTCD-25MAY2221-T111249.99,DELTA,74,1000,75,25,940,no,20,-400
2025-05-22T17:07:12.205270,KXBTCD-25MAY2221-T111249.99,DELTA,74,1000,75,25,941,no,17,-2000
2025-05-22T17:07:12.206699,KXBTCD-25MAY2221-T111249.99,DELTA,72,14,75,25,942,yes,74,-1000
2025-05-22T17:07:12.207244,KXBTCD-25MAY2221-T111249.99,DELTA,72,264,75,25,943,yes,72,250
2025-05-22T17:07:12.207699,KXBTCD-25MAY2221-T111249.99,DELTA,72,264,75,25,944,yes,62,-250
2025-05-22T17:07:12.267592,KXBTCD-25MAY2221-T111249.99,DELTA,72,264,75,25,945,no,20,-250
2025-05-22T17:07:12.324542,KXBTCD-25MAY2221-T111249.99,DELTA,72,264,81,14,946,no,25,-25
2025-05-22T17:07:12.325347,KXBTCD-25MAY2221-T111249.99,DELTA,75,275,81,14,947,yes,75,275
2025-05-22T17:07:12.325910,KXBTCD-25MAY2221-T111249.99,DELTA,75,275,81,14,948,yes,23,8000
2025-05-22T17:07:12.345645,KXBTCD-25MAY2221-T111249.99,DELTA,75,275,81,14,949,no,10,250
2025-05-22T17:07:12.346291,KXBTCD-25MAY2221-T111249.99,DELTA,75,275,79,9,950,no,21,9
2025-05-22T17:07:12.346816,KXBTCD-25MAY2221-T111249.99,DELTA,75,275,79,9,951,no,19,350
2025-05-22T17:07:12.363982,KXBTCD-25MAY2221-T111249.99,DELTA,75,275,79,9,952,yes,72,-250
2025-05-22T17:07:12.404234,KXBTCD-25MAY2221-T111249.99,DELTA,75,275,79,9,953,yes,71,1250
2025-05-22T17:07:12.404656,KXBTCD-25MAY2221-T111249.99,DELTA,75,275,79,9,954,no,20,250
2025-05-22T17:07:12.404942,KXBTCD-25MAY2221-T111249.99,DELTA,75,275,79,9,955,no,10,-250
2025-05-22T17:07:12.425711,KXBTCD-25MAY2221-T111249.99,DELTA,75,275,79,9,956,no,16,2000
2025-05-22T17:07:12.519205,KXBTCD-25MAY2221-T111249.99,DELTA,75,275,79,9,957,no,20,1000
2025-05-22T17:07:12.564452,KXBTCD-25MAY2221-T111249.99,DELTA,75,275,79,9,958,yes,19,-1705
2025-05-22T17:07:12.564675,KXBTCD-25MAY2221-T111249.99,DELTA,75,275,79,9,959,yes,24,1350
2025-05-22T17:07:12.605195,KXBTCD-25MAY2221-T111249.99,DELTA,75,275,79,9,960,no,4,-8100
2025-05-22T17:07:12.605998,KXBTCD-25MAY2221-T111249.99,DELTA,75,275,79,9,961,no,5,6480
2025-05-22T17:07:12.643815,KXBTCD-25MAY2221-T111249.99,DELTA,72,14,79,9,962,yes,75,-275
2025-05-22T17:07:12.664202,KXBTCD-25MAY2221-T111249.99,DELTA,72,14,79,9,963,no,19,-350
2025-05-22T17:07:12.664892,KXBTCD-25MAY2221-T111249.99,DELTA,72,1014,79,9,964,yes,72,1000
2025-05-22T17:07:12.665369,KXBTCD-25MAY2221-T111249.99,DELTA,73,30,79,9,965,yes,73,30
2025-05-22T17:07:12.685927,KXBTCD-25MAY2221-T111249.99,DELTA,73,30,79,9,966,yes,71,-30
2025-05-22T17:07:12.686686,KXBTCD-25MAY2221-T111249.99,DELTA,73,30,79,9,967,no,16,30
2025-05-22T17:07:12.687264,KXBTCD-25MAY2221-T111249.99,DELTA,74,14,79,9,968,yes,74,14
2025-05-22T17:07:12.688015,KXBTCD-25MAY2221-T111249.99,DELTA,74,14,79,9,969,yes,72,-14
2025-05-22T17:07:12.688923,KXBTCD-25MAY2221-T111249.99,DELTA,74,14,79,9,970,no,19,-14
2025-05-22T17:07:12.689642,KXBTCD-25MAY2221-T111249.99,DELTA,74,14,79,9,971,no,17,14
2025-05-22T17:07:12.689967,KXBTCD-25MAY2221-T111249.99,DELTA,74,14,79,9,972,no,18,-30
2025-05-22T17:07:12.704177,KXBTCD-25MAY2221-T111249.99,DELTA,74,14,79,9,973,yes,72,250
2025-05-22T17:07:12.745695,KXBTCD-25MAY2221-T111249.99,DELTA,77,50,79,9,974,yes,77,50
2025-05-22T17:07:12.804213,KXBTCD-25MAY2221-T111249.99,DELTA,77,50,79,9,975,no,18,300
2025-05-22T17:07:12.824306,KXBTCD-25MAY2221-T111249.99,DELTA,77,50,79,9,976,no,20,-1000
2025-05-22T17:07:12.864933,KXBTCD-25MAY2221-T111249.99,DELTA,77,50,79,9,977,yes,71,2000
2025-05-22T17:07:12.947443,KXBTCD-25MAY2221-T111249.99,DELTA,74,14,79,9,978,yes,77,-50
2025-05-22T17:07:12.991509,KXBTCD-25MAY2221-T111249.99,DELTA,77,200,79,9,979,yes,77,200
2025-05-22T17:07:13.067664,KXBTCD-25MAY2221-T111249.99,DELTA,77,200,80,250,980,no,21,-9
2025-05-22T17:07:13.144700,KXBTCD-25MAY2221-T111249.99,DELTA,77,200,80,250,981,yes,74,250
2025-05-22T17:07:13.145045,KXBTCD-25MAY2221-T111249.99,DELTA,77,200,82,550,982,no,20,-250
2025-05-22T17:07:13.168021,KXBTCD-25MAY2221-T111249.99,DELTA,77,200,82,550,983,no,16,-2000
2025-05-22T17:07:13.184190,KXBTCD-25MAY2221-T111249.99,DELTA,77,200,82,550,984,no,10,250
2025-05-22T17:07:13.204407,KXBTCD-25MAY2221-T111249.99,DELTA,77,200,82,550,985,yes,64,-250
2025-05-22T17:07:13.287326,KXBTCD-25MAY2221-T111249.99,DELTA,77,200,82,550,986,yes,74,100
2025-05-22T17:07:13.384451,KXBTCD-25MAY2221-T111249.99,DELTA,77,200,82,550,987,yes,71,-2000
2025-05-22T17:07:13.404322,KXBTCD-25MAY2221-T111249.99,DELTA,77,200,82,550,988,yes,72,-1000
2025-05-22T17:07:13.404635,KXBTCD-25MAY2221-T111249.99,DELTA,77,200,82,550,989,yes,71,-1250
2025-05-22T17:07:13.465781,KXBTCD-25MAY2221-T111249.99,DELTA,77,200,82,550,990,no,15,2000
2025-05-22T17:07:13.566934,KXBTCD-25MAY2221-T111249.99,DELTA,77,200,82,550,991,yes,74,1250
2025-05-22T17:07:13.586391,KXBTCD-25MAY2221-T111249.99,DELTA,77,200,82,550,992,no,15,-2000
2025-05-22T17:07:13.624463,KXBTCD-25MAY2221-T111249.99,DELTA,77,200,82,1550,993,no,18,1000
2025-05-22T17:07:13.672218,KXBTCD-25MAY2221-T111249.99,DELTA,77,1200,82,1550,994,yes,77,1000
2025-05-22T17:07:13.672366,KXBTCD-25MAY2221-T111249.99,DELTA,77,1200,82,1250,995,no,18,-300
2025-05-22T17:07:13.704143,KXBTCD-25MAY2221-T111249.99,DELTA,77,1200,82,1250,996,no,17,400
2025-05-22T17:07:13.750280,KXBTCD-25MAY2221-T111249.99,DELTA,77,1200,82,1250,997,no,5,-6480
2025-05-22T17:07:13.750496,KXBTCD-25MAY2221-T111249.99,DELTA,77,1200,82,1250,998,no,3,10800
2025-05-22T17:07:13.750576,KXBTCD-25MAY2221-T111249.99,DELTA,77,1200,82,1000,999,no,18,-250
2025-05-22T17:07:13.750638,KXBTCD-25MAY2221-T111249.99,DELTA,77,1200,82,1000,1000,no,8,250
2025-05-22T17:07:13.767021,KXBTCD-25MAY2221-T111249.99,DELTA,77,1200,83,414,1001,no,18,-1000
2025-05-22T17:07:13.767248,KXBTCD-25MAY2221-T111249.99,DELTA,77,1200,83,414,1002,no,14,2000
2025-05-22T17:07:13.805815,KXBTCD-25MAY2221-T111249.99,DELTA,77,1200,83,414,1003,no,16,1000
2025-05-22T17:07:13.844775,KXBTCD-25MAY2221-T111249.99,DELTA,77,1200,83,414,1004,no,5,-20000
2025-05-22T17:07:13.943282,KXBTCD-25MAY2221-T111249.99,DELTA,77,1200,83,414,1005,yes,74,2000
2025-05-22T17:07:13.964078,KXBTCD-25MAY2221-T111249.99,DELTA,77,1200,83,414,1006,no,4,20000
2025-05-22T17:07:14.146508,KXBTCD-25MAY2221-T111249.99,DELTA,77,1200,83,414,1007,yes,74,-2000
2025-05-22T17:07:14.164707,KXBTCD-25MAY2221-T111249.99,DELTA,77,200,83,414,1008,yes,77,-1000
2025-05-22T17:07:14.164948,KXBTCD-25MAY2221-T111249.99,DELTA,77,200,83,414,1009,yes,74,-1250
2025-05-22T17:07:14.224349,KXBTCD-25MAY2221-T111249.99,DELTA,77,200,83,1664,1010,no,17,1250
2025-05-22T17:07:14.285059,KXBTCD-25MAY2221-T111249.99,DELTA,77,200,83,414,1011,no,17,-1250
2025-05-22T17:07:14.285612,KXBTCD-25MAY2221-T111249.99,DELTA,77,200,83,414,1012,yes,75,1250
2025-05-22T17:07:14.304340,KXBTCD-25MAY2221-T111249.99,DELTA,77,200,83,414,1013,no,14,-2000
2025-05-22T17:07:14.323886,KXBTCD-25MAY2221-T111249.99,DELTA,77,200,83,414,1014,no,14,1250
2025-05-22T17:07:14.385117,KXBTCD-25MAY2221-T111249.99,DELTA,77,200,83,414,1015,no,13,2000
2025-05-22T17:07:14.428290,KXBTCD-25MAY2221-T111249.99,DELTA,78,1000,83,414,1016,yes,78,1000
2025-05-22T17:07:14.444179,KXBTCD-25MAY2221-T111249.99,DELTA,78,1000,83,414,1017,yes,75,2000
2025-05-22T17:07:15.964688,KXBTCD-25MAY2221-T111249.99,DELTA,78,1000,83,414,1018,no,14,-1250
2025-05-22T17:07:16.145391,KXBTCD-25MAY2221-T111249.99,DELTA,78,1000,83,414,1019,yes,66,-250
2025-05-22T17:07:16.146426,KXBTCD-25MAY2221-T111249.99,DELTA,78,1000,83,414,1020,yes,76,250
2025-05-22T17:07:16.226248,KXBTCD-25MAY2221-T111249.99,DELTA,78,1000,83,414,1021,yes,75,-2000
2025-05-22T17:07:16.244756,KXBTCD-25MAY2221-T111249.99,DELTA,78,1000,83,414,1022,yes,75,-1250
2025-05-22T17:07:16.284379,KXBTCD-25MAY2221-T111249.99,DELTA,78,1000,83,414,1023,yes,76,2000
2025-05-22T17:07:16.534322,KXBTCD-25MAY2221-T111249.99,DELTA,78,1000,83,414,1024,no,13,1250
2025-05-22T17:07:16.547081,KXBTCD-25MAY2221-T111249.99,DELTA,78,1000,83,414,1025,yes,76,1250
2025-05-22T17:07:17.564499,KXBTCD-25MAY2221-T111249.99,DELTA,78,1000,83,14,1026,no,17,-400
2025-05-22T17:07:17.584187,KXBTCD-25MAY2221-T111249.99,DELTA,78,1000,83,14,1027,no,16,400
2025-05-22T17:07:18.623349,KXBTCD-25MAY2221-T111249.99,DELTA,78,1000,83,14,1028,yes,77,-200
2025-05-22T17:07:18.663104,KXBTCD-25MAY2221-T111249.99,DELTA,79,50,83,14,1029,yes,79,50
2025-05-22T17:07:18.683807,KXBTCD-25MAY2221-T111249.99,DELTA,79,50,83,14,1030,yes,76,-1250
2025-05-22T17:07:18.724240,KXBTCD-25MAY2221-T111249.99,DELTA,79,50,83,14,1031,yes,78,-1000
2025-05-22T17:07:18.743068,KXBTCD-25MAY2221-T111249.99,DELTA,79,50,83,14,1032,yes,77,1250
2025-05-22T17:07:18.785074,KXBTCD-25MAY2221-T111249.99,DELTA,79,1050,83,14,1033,yes,79,1000
2025-05-22T17:07:19.837409,KXBTCD-25MAY2221-T111249.99,DELTA,79,1050,83,14,1034,no,3,-10800
2025-05-22T17:07:19.838225,KXBTCD-25MAY2221-T111249.99,DELTA,79,1050,83,14,1035,no,2,16200
2025-05-22T17:07:19.864518,KXBTCD-25MAY2221-T111249.99,DELTA,79,1050,83,14,1036,no,4,-20000
2025-05-22T17:07:19.905182,KXBTCD-25MAY2221-T111249.99,DELTA,79,1050,83,14,1037,no,3,20000
2025-05-22T17:07:20.565405,KXBTCD-25MAY2221-T111249.99,DELTA,79,1050,83,14,1038,yes,76,-2000
2025-05-22T17:07:20.566414,KXBTCD-25MAY2221-T111249.99,DELTA,79,1000,83,14,1039,yes,79,-50
2025-05-22T17:07:20.566836,KXBTCD-25MAY2221-T111249.99,DELTA,77,1250,83,14,1040,yes,79,-1000
2025-05-22T17:07:20.584020,KXBTCD-25MAY2221-T111249.99,DELTA,77,1250,83,14,1041,no,13,-2000
2025-05-22T17:07:20.584892,KXBTCD-25MAY2221-T111249.99,DELTA,79,200,83,14,1042,yes,79,200
2025-05-22T17:07:20.585241,KXBTCD-25MAY2221-T111249.99,DELTA,79,200,83,14,1043,no,16,-1000
2025-05-22T17:07:20.658657,KXBTCD-25MAY2221-T111249.99,DELTA,79,200,83,14,1044,no,15,1000
2025-05-22T17:07:20.659690,KXBTCD-25MAY2221-T111249.99,DELTA,79,200,83,14,1045,no,12,2000
2025-05-22T17:07:20.890328,KXBTCD-25MAY2221-T111249.99,DELTA,79,200,83,14,1046,yes,77,2000
2025-05-22T17:07:20.890903,KXBTCD-25MAY2221-T111249.99,DELTA,79,200,83,14,1047,yes,77,1000
2025-05-22T17:07:20.891609,KXBTCD-25MAY2221-T111249.99,DELTA,79,200,83,14,1048,yes,77,-1000
2025-05-22T17:07:20.891877,KXBTCD-25MAY2221-T111249.99,DELTA,80,1000,83,14,1049,yes,80,1000
2025-05-22T17:07:20.892203,KXBTCD-25MAY2221-T111249.99,DELTA,80,1000,83,14,1050,yes,76,14
2025-05-22T17:07:20.892665,KXBTCD-25MAY2221-T111249.99,DELTA,80,1000,83,14,1051,yes,74,-14
2025-05-22T17:07:20.893644,KXBTCD-25MAY2221-T111249.99,DELTA,80,1000,84,680,1052,no,17,-14
2025-05-22T17:07:20.894096,KXBTCD-25MAY2221-T111249.99,DELTA,80,1000,84,680,1053,no,15,14
2025-05-22T17:07:20.894543,KXBTCD-25MAY2221-T111249.99,DELTA,80,1000,84,680,1054,yes,75,30
2025-05-22T17:07:20.895329,KXBTCD-25MAY2221-T111249.99,DELTA,80,1000,84,680,1055,yes,73,-30
2025-05-22T17:07:20.895655,KXBTCD-25MAY2221-T111249.99,DELTA,80,1000,84,680,1056,no,14,30
2025-05-22T17:07:20.895987,KXBTCD-25MAY2221-T111249.99,DELTA,80,1000,84,650,1057,no,16,-30
2025-05-22T17:07:21.345075,KXBTCD-25MAY2221-T111249.99,DELTA,80,1000,84,650,1058,yes,74,-100
2025-05-22T17:07:22.164358,KXBTCD-25MAY2221-T111249.99,DELTA,80,1000,84,650,1059,no,2,-16200
2025-05-22T17:07:22.165069,KXBTCD-25MAY2221-T111249.99,DELTA,80,1000,84,650,1060,no,1,32400
2025-05-22T17:07:22.226414,KXBTCD-25MAY2221-T111249.99,DELTA,80,1000,84,650,1061,no,3,-20000
2025-05-22T17:07:22.265541,KXBTCD-25MAY2221-T111249.99,DELTA,80,1000,84,650,1062,no,2,20000
2025-05-22T17:07:24.066630,KXBTCD-25MAY2221-T111249.99,DELTA,80,1000,84,650,1063,yes,75,100
2025-05-22T17:07:24.364953,KXBTCD-25MAY2221-T111249.99,DELTA,80,1000,84,650,1064,no,1,-32400
2025-05-22T17:07:24.445406,KXBTCD-25MAY2221-T111249.99,DELTA,80,1000,84,650,1065,no,2,-20000
2025-05-22T17:07:25.343970,KXBTCD-25MAY2221-T111249.99,DELTA,80,1000,84,250,1066,no,16,-400
2025-05-22T17:07:25.390644,KXBTCD-25MAY2221-T111249.99,DELTA,80,1000,84,250,1067,no,15,400
2025-05-22T17:07:26.583917,KXBTCD-25MAY2221-T111249.99,DELTA,80,1000,84,250,1068,no,1,32400
2025-05-22T17:07:26.644335,KXBTCD-25MAY2221-T111249.99,DELTA,80,1000,84,250,1069,yes,77,-2000
2025-05-22T17:07:26.644954,KXBTCD-25MAY2221-T111249.99,DELTA,79,200,84,250,1070,yes,80,-1000
2025-05-22T17:07:26.664252,KXBTCD-25MAY2221-T111249.99,DELTA,79,200,84,250,1071,no,12,-2000
2025-05-22T17:07:26.664957,KXBTCD-25MAY2221-T111249.99,DELTA,79,200,84,250,1072,no,2,20000
2025-05-22T17:07:26.665405,KXBTCD-25MAY2221-T111249.99,DELTA,79,200,84,250,1073,no,15,-1000
2025-05-22T17:07:26.723778,KXBTCD-25MAY2221-T111249.99,DELTA,79,200,84,1250,1074,no,16,1000
2025-05-22T17:07:26.724183,KXBTCD-25MAY2221-T111249.99,DELTA,79,1200,84,1250,1075,yes,79,1000
2025-05-22T17:07:26.724316,KXBTCD-25MAY2221-T111249.99,DELTA,79,1200,84,1250,1076,yes,76,2000
2025-05-22T17:07:26.724424,KXBTCD-25MAY2221-T111249.99,DELTA,79,1200,84,1250,1077,no,13,2000
2025-05-22T17:07:28.064877,KXBTCD-25MAY2221-T111249.99,DELTA,79,1200,84,1250,1078,yes,77,-1250
2025-05-22T17:07:28.144475,KXBTCD-25MAY2221-T111249.99,DELTA,79,1200,84,1250,1079,yes,76,1250
2025-05-22T17:07:30.826033,KXBTCD-25MAY2221-T111249.99,DELTA,79,1200,84,1250,1080,no,13,-1250
2025-05-22T17:07:30.884474,KXBTCD-25MAY2221-T111249.99,DELTA,79,1200,84,1250,1081,no,14,1250
