timestamp,market_ticker,type,yes_bid_price_cents,yes_bid_qty,yes_ask_price_cents,yes_ask_qty_on_no_side,sequence_num,delta_side,delta_price_cents,delta_quantity
2025-05-19T16:05:05.798010,KXBTCD-25MAY1920-T105499.99,SNAPSHOT,68,14,74,30,1,,,
2025-05-19T16:05:05.892985,KXBTCD-25MAY1920-T105499.99,DELTA,68,14,74,30,2,yes,66,-1000
2025-05-19T16:05:05.961090,KXBTCD-25MAY1920-T105499.99,DELTA,68,14,74,30,3,no,24,50
2025-05-19T16:05:05.992752,KXBTCD-25MAY1920-T105499.99,DELTA,68,14,74,30,4,yes,66,1000
2025-05-19T16:05:05.993501,KXBTCD-25MAY1920-T105499.99,DELTA,68,14,74,30,5,no,24,-50
2025-05-19T16:05:07.051647,KXBTCD-25MAY1920-T105499.99,DELTA,68,14,74,30,6,no,24,50
2025-05-19T16:05:07.072892,KXBTCD-25MAY1920-T105499.99,DELTA,68,14,74,30,7,no,21,-2000
2025-05-19T16:05:07.092509,KXBTCD-25MAY1920-T105499.99,DELTA,68,14,74,30,8,no,24,-50
2025-05-19T16:05:07.132157,KXBTCD-25MAY1920-T105499.99,DELTA,68,14,74,30,9,no,20,2000
2025-05-19T16:05:07.873525,KXBTCD-25MAY1920-T105499.99,DELTA,68,14,74,30,10,yes,67,50
2025-05-19T16:05:07.874019,KXBTCD-25MAY1920-T105499.99,DELTA,68,14,74,30,11,yes,67,-50
2025-05-19T16:05:07.874153,KXBTCD-25MAY1920-T105499.99,DELTA,68,14,74,30,12,yes,66,-1000
2025-05-19T16:05:07.885852,KXBTCD-25MAY1920-T105499.99,DELTA,68,1014,74,30,13,yes,68,1000
2025-05-19T16:05:08.133505,KXBTCD-25MAY1920-T105499.99,DELTA,68,14,74,30,14,yes,68,-1000
2025-05-19T16:05:08.152362,KXBTCD-25MAY1920-T105499.99,DELTA,68,14,74,30,15,no,24,50
2025-05-19T16:05:08.192794,KXBTCD-25MAY1920-T105499.99,DELTA,68,14,74,30,16,no,24,-50
2025-05-19T16:05:08.193151,KXBTCD-25MAY1920-T105499.99,DELTA,68,14,74,30,17,yes,66,1000
2025-05-19T16:05:08.534753,KXBTCD-25MAY1920-T105499.99,DELTA,68,14,74,30,18,no,10,-3240
2025-05-19T16:05:08.535758,KXBTCD-25MAY1920-T105499.99,DELTA,68,14,74,30,19,no,6,5400
2025-05-19T16:05:08.633124,KXBTCD-25MAY1920-T105499.99,DELTA,68,14,74,30,20,no,11,-20000
2025-05-19T16:05:08.672000,KXBTCD-25MAY1920-T105499.99,DELTA,68,14,74,30,21,no,7,20000
2025-05-19T16:05:08.853227,KXBTCD-25MAY1920-T105499.99,DELTA,68,14,74,30,22,yes,67,50
2025-05-19T16:05:08.913205,KXBTCD-25MAY1920-T105499.99,DELTA,68,14,74,30,23,yes,67,-50
2025-05-19T16:05:08.931878,KXBTCD-25MAY1920-T105499.99,DELTA,68,14,74,30,24,yes,66,-1000
2025-05-19T16:05:08.992274,KXBTCD-25MAY1920-T105499.99,DELTA,68,14,74,30,25,yes,66,1000
2025-05-19T16:05:09.253798,KXBTCD-25MAY1920-T105499.99,DELTA,68,14,74,30,26,no,24,50
2025-05-19T16:05:09.292275,KXBTCD-25MAY1920-T105499.99,DELTA,68,14,74,30,27,no,24,-50
2025-05-19T16:05:09.718771,KXBTCD-25MAY1920-T105499.99,DELTA,68,14,74,30,28,no,6,-5400
2025-05-19T16:05:09.719807,KXBTCD-25MAY1920-T105499.99,DELTA,68,14,74,30,29,no,8,4050
2025-05-19T16:05:09.720250,KXBTCD-25MAY1920-T105499.99,DELTA,68,14,74,30,30,no,7,-20000
2025-05-19T16:05:09.720553,KXBTCD-25MAY1920-T105499.99,DELTA,68,14,74,30,31,no,9,20000
2025-05-19T16:05:09.952722,KXBTCD-25MAY1920-T105499.99,DELTA,68,14,74,30,32,yes,67,50
2025-05-19T16:05:09.992680,KXBTCD-25MAY1920-T105499.99,DELTA,68,14,74,30,33,yes,67,-50
2025-05-19T16:05:10.012287,KXBTCD-25MAY1920-T105499.99,DELTA,68,14,74,30,34,yes,66,-1000
2025-05-19T16:05:10.051731,KXBTCD-25MAY1920-T105499.99,DELTA,68,14,74,30,35,no,20,-1250
2025-05-19T16:05:10.052149,KXBTCD-25MAY1920-T105499.99,DELTA,68,14,74,30,36,yes,66,1000
2025-05-19T16:05:10.113620,KXBTCD-25MAY1920-T105499.99,DELTA,68,14,74,30,37,no,19,1250
2025-05-19T16:05:10.335426,KXBTCD-25MAY1920-T105499.99,DELTA,68,14,74,30,38,no,24,50
2025-05-19T16:05:10.372111,KXBTCD-25MAY1920-T105499.99,DELTA,68,14,74,30,39,no,24,-50
2025-05-19T16:05:10.693391,KXBTCD-25MAY1920-T105499.99,DELTA,68,14,74,30,40,no,8,-4050
2025-05-19T16:05:10.694368,KXBTCD-25MAY1920-T105499.99,DELTA,68,14,74,30,41,no,10,3240
2025-05-19T16:05:10.773400,KXBTCD-25MAY1920-T105499.99,DELTA,68,14,74,30,42,no,9,-20000
2025-05-19T16:05:10.813192,KXBTCD-25MAY1920-T105499.99,DELTA,68,14,74,30,43,no,11,20000
2025-05-19T16:05:11.052773,KXBTCD-25MAY1920-T105499.99,DELTA,68,14,74,30,44,yes,67,50
2025-05-19T16:05:11.093022,KXBTCD-25MAY1920-T105499.99,DELTA,68,14,74,30,45,yes,67,-50
2025-05-19T16:05:11.133887,KXBTCD-25MAY1920-T105499.99,DELTA,68,14,74,30,46,yes,66,-1000
2025-05-19T16:05:11.151880,KXBTCD-25MAY1920-T105499.99,DELTA,68,14,74,30,47,no,20,-250
2025-05-19T16:05:11.152352,KXBTCD-25MAY1920-T105499.99,DELTA,68,14,74,30,48,no,10,250
2025-05-19T16:05:11.171974,KXBTCD-25MAY1920-T105499.99,DELTA,68,14,74,30,49,yes,66,1000
2025-05-19T16:05:11.233329,KXBTCD-25MAY1920-T105499.99,DELTA,68,14,74,30,50,no,20,-2000
2025-05-19T16:05:11.233869,KXBTCD-25MAY1920-T105499.99,DELTA,68,14,74,30,51,no,21,-1000
2025-05-19T16:05:11.292705,KXBTCD-25MAY1920-T105499.99,DELTA,68,14,74,30,52,no,19,1000
2025-05-19T16:05:11.293320,KXBTCD-25MAY1920-T105499.99,DELTA,68,14,74,30,53,no,19,2000
2025-05-19T16:05:11.412679,KXBTCD-25MAY1920-T105499.99,DELTA,68,14,74,30,54,no,24,50
2025-05-19T16:05:11.472735,KXBTCD-25MAY1920-T105499.99,DELTA,68,14,74,30,55,no,24,-50
2025-05-19T16:05:11.473036,KXBTCD-25MAY1920-T105499.99,DELTA,68,14,74,30,56,no,20,50
2025-05-19T16:05:11.531627,KXBTCD-25MAY1920-T105499.99,DELTA,68,14,74,30,57,no,19,-1000
2025-05-19T16:05:11.571188,KXBTCD-25MAY1920-T105499.99,DELTA,68,14,74,30,58,no,21,1000
2025-05-19T16:05:12.133992,KXBTCD-25MAY1920-T105499.99,DELTA,68,14,74,30,59,no,10,-250
2025-05-19T16:05:12.134207,KXBTCD-25MAY1920-T105499.99,DELTA,68,14,74,30,60,no,20,250
2025-05-19T16:05:12.134308,KXBTCD-25MAY1920-T105499.99,DELTA,68,14,74,30,61,yes,67,50
2025-05-19T16:05:12.191554,KXBTCD-25MAY1920-T105499.99,DELTA,68,14,74,30,62,yes,66,-1000
2025-05-19T16:05:12.213679,KXBTCD-25MAY1920-T105499.99,DELTA,68,14,74,30,63,no,19,-2000
2025-05-19T16:05:12.261475,KXBTCD-25MAY1920-T105499.99,DELTA,68,14,74,30,64,yes,67,-50
2025-05-19T16:05:12.261849,KXBTCD-25MAY1920-T105499.99,DELTA,68,14,74,30,65,yes,66,50
2025-05-19T16:05:12.261943,KXBTCD-25MAY1920-T105499.99,DELTA,68,14,74,30,66,no,20,2000
2025-05-19T16:05:12.272697,KXBTCD-25MAY1920-T105499.99,DELTA,68,1014,74,30,67,yes,68,1000
2025-05-19T16:05:12.273031,KXBTCD-25MAY1920-T105499.99,DELTA,68,1014,74,30,68,no,20,-50
2025-05-19T16:05:12.273117,KXBTCD-25MAY1920-T105499.99,DELTA,68,1014,74,30,69,no,24,50
2025-05-19T16:05:12.345634,KXBTCD-25MAY1920-T105499.99,DELTA,68,1014,74,30,70,no,24,-50
2025-05-19T16:05:12.345860,KXBTCD-25MAY1920-T105499.99,DELTA,68,1014,74,30,71,no,22,50
2025-05-19T16:05:12.346160,KXBTCD-25MAY1920-T105499.99,DELTA,68,14,74,30,72,yes,68,-1000
2025-05-19T16:05:12.346261,KXBTCD-25MAY1920-T105499.99,DELTA,68,14,74,30,73,yes,66,-50
2025-05-19T16:05:12.346335,KXBTCD-25MAY1920-T105499.99,DELTA,69,50,74,30,74,yes,69,50
2025-05-19T16:05:12.383318,KXBTCD-25MAY1920-T105499.99,DELTA,69,50,74,30,75,yes,67,1000
2025-05-19T16:05:12.396544,KXBTCD-25MAY1920-T105499.99,DELTA,68,14,74,30,76,yes,69,-50
2025-05-19T16:05:12.396703,KXBTCD-25MAY1920-T105499.99,DELTA,68,14,74,30,77,yes,66,50
2025-05-19T16:05:12.440098,KXBTCD-25MAY1920-T105499.99,DELTA,68,14,74,30,78,yes,67,-1000
2025-05-19T16:05:12.440374,KXBTCD-25MAY1920-T105499.99,DELTA,68,14,74,30,79,no,21,-1000
2025-05-19T16:05:12.452730,KXBTCD-25MAY1920-T105499.99,DELTA,68,14,74,30,80,yes,66,-50
2025-05-19T16:05:12.452977,KXBTCD-25MAY1920-T105499.99,DELTA,68,64,74,30,81,yes,68,50
2025-05-19T16:05:12.472052,KXBTCD-25MAY1920-T105499.99,DELTA,68,64,74,30,82,yes,67,1000
2025-05-19T16:05:12.472256,KXBTCD-25MAY1920-T105499.99,DELTA,68,64,74,30,83,no,23,1000
2025-05-19T16:05:12.512408,KXBTCD-25MAY1920-T105499.99,DELTA,68,14,74,30,84,yes,68,-50
2025-05-19T16:05:12.512747,KXBTCD-25MAY1920-T105499.99,DELTA,68,14,74,30,85,yes,66,50
2025-05-19T16:05:12.572950,KXBTCD-25MAY1920-T105499.99,DELTA,68,14,74,30,86,yes,66,-50
2025-05-19T16:05:12.573250,KXBTCD-25MAY1920-T105499.99,DELTA,68,64,74,30,87,yes,68,50
2025-05-19T16:05:12.732973,KXBTCD-25MAY1920-T105499.99,DELTA,68,64,74,30,88,yes,67,-1000
2025-05-19T16:05:12.794199,KXBTCD-25MAY1920-T105499.99,DELTA,68,14,74,30,89,yes,68,-50
2025-05-19T16:05:12.794584,KXBTCD-25MAY1920-T105499.99,DELTA,68,14,74,30,90,yes,66,50
2025-05-19T16:05:12.832918,KXBTCD-25MAY1920-T105499.99,DELTA,68,14,74,30,91,no,10,-3240
2025-05-19T16:05:12.833215,KXBTCD-25MAY1920-T105499.99,DELTA,68,14,74,30,92,no,6,5400
2025-05-19T16:05:12.853980,KXBTCD-25MAY1920-T105499.99,DELTA,69,1000,74,30,93,yes,69,1000
2025-05-19T16:05:12.961618,KXBTCD-25MAY1920-T105499.99,DELTA,69,1000,74,30,94,no,22,-50
2025-05-19T16:05:12.962062,KXBTCD-25MAY1920-T105499.99,DELTA,69,1000,74,30,95,no,24,50
2025-05-19T16:05:12.962491,KXBTCD-25MAY1920-T105499.99,DELTA,69,1000,74,30,96,no,11,-20000
2025-05-19T16:05:12.962723,KXBTCD-25MAY1920-T105499.99,DELTA,68,14,74,30,97,yes,69,-1000
2025-05-19T16:05:12.962874,KXBTCD-25MAY1920-T105499.99,DELTA,68,14,74,30,98,yes,66,-50
2025-05-19T16:05:12.962997,KXBTCD-25MAY1920-T105499.99,DELTA,70,50,74,30,99,yes,70,50
2025-05-19T16:05:12.997670,KXBTCD-25MAY1920-T105499.99,DELTA,70,50,74,30,100,no,7,20000
2025-05-19T16:05:12.997888,KXBTCD-25MAY1920-T105499.99,DELTA,70,50,74,30,101,yes,67,1000
2025-05-19T16:05:12.997972,KXBTCD-25MAY1920-T105499.99,DELTA,70,50,74,30,102,no,23,-1000
2025-05-19T16:05:12.998054,KXBTCD-25MAY1920-T105499.99,DELTA,70,50,74,30,103,no,23,-20
2025-05-19T16:05:12.998134,KXBTCD-25MAY1920-T105499.99,DELTA,70,50,74,30,104,no,22,20
2025-05-19T16:05:13.036295,KXBTCD-25MAY1920-T105499.99,DELTA,68,14,74,30,105,yes,70,-50
2025-05-19T16:05:13.036567,KXBTCD-25MAY1920-T105499.99,DELTA,68,14,74,30,106,yes,66,50
2025-05-19T16:05:13.036653,KXBTCD-25MAY1920-T105499.99,DELTA,68,14,74,30,107,yes,67,-1000
2025-05-19T16:05:13.036719,KXBTCD-25MAY1920-T105499.99,DELTA,68,14,74,30,108,no,21,1000
2025-05-19T16:05:13.078795,KXBTCD-25MAY1920-T105499.99,DELTA,71,1000,74,30,109,yes,71,1000
2025-05-19T16:05:13.166017,KXBTCD-25MAY1920-T105499.99,DELTA,71,1000,74,30,110,yes,66,-50
2025-05-19T16:05:13.166286,KXBTCD-25MAY1920-T105499.99,DELTA,72,50,74,30,111,yes,72,50
2025-05-19T16:05:13.192010,KXBTCD-25MAY1920-T105499.99,DELTA,72,50,74,30,112,yes,71,-1000
2025-05-19T16:05:13.253301,KXBTCD-25MAY1920-T105499.99,DELTA,72,1050,74,30,113,yes,72,1000
2025-05-19T16:05:13.253527,KXBTCD-25MAY1920-T105499.99,DELTA,72,1000,74,30,114,yes,72,-50
2025-05-19T16:05:13.253850,KXBTCD-25MAY1920-T105499.99,DELTA,72,1000,74,30,115,yes,66,50
2025-05-19T16:05:13.312276,KXBTCD-25MAY1920-T105499.99,DELTA,68,14,74,30,116,yes,72,-1000
2025-05-19T16:05:13.332146,KXBTCD-25MAY1920-T105499.99,DELTA,68,14,74,30,117,yes,66,-50
2025-05-19T16:05:13.332453,KXBTCD-25MAY1920-T105499.99,DELTA,73,50,74,30,118,yes,73,50
2025-05-19T16:05:13.352295,KXBTCD-25MAY1920-T105499.99,DELTA,73,50,74,30,119,yes,67,1000
2025-05-19T16:05:13.393671,KXBTCD-25MAY1920-T105499.99,DELTA,68,14,74,30,120,yes,73,-50
2025-05-19T16:05:13.394019,KXBTCD-25MAY1920-T105499.99,DELTA,68,14,74,30,121,yes,66,50
2025-05-19T16:05:13.394128,KXBTCD-25MAY1920-T105499.99,DELTA,68,14,74,30,122,yes,67,-1000
2025-05-19T16:05:13.433590,KXBTCD-25MAY1920-T105499.99,DELTA,68,14,74,30,123,yes,66,1000
2025-05-19T16:05:13.486081,KXBTCD-25MAY1920-T105499.99,DELTA,68,14,74,30,124,yes,66,-1000
2025-05-19T16:05:13.535889,KXBTCD-25MAY1920-T105499.99,DELTA,68,14,74,30,125,yes,67,1000
2025-05-19T16:05:15.455329,KXBTCD-25MAY1920-T105499.99,DELTA,68,14,74,30,126,no,19,-1250
2025-05-19T16:05:15.493710,KXBTCD-25MAY1920-T105499.99,DELTA,68,14,74,30,127,no,20,1250
2025-05-19T16:05:15.634315,KXBTCD-25MAY1920-T105499.99,DELTA,68,14,74,30,128,yes,66,-50
2025-05-19T16:05:15.634592,KXBTCD-25MAY1920-T105499.99,DELTA,68,64,74,30,129,yes,68,50
2025-05-19T16:05:15.693801,KXBTCD-25MAY1920-T105499.99,DELTA,68,64,74,30,130,yes,67,-1000
2025-05-19T16:05:15.732933,KXBTCD-25MAY1920-T105499.99,DELTA,69,1000,74,30,131,yes,69,1000
2025-05-19T16:05:15.812540,KXBTCD-25MAY1920-T105499.99,DELTA,69,1000,74,30,132,yes,68,-50
2025-05-19T16:05:15.812921,KXBTCD-25MAY1920-T105499.99,DELTA,70,50,74,30,133,yes,70,50
2025-05-19T16:05:15.872003,KXBTCD-25MAY1920-T105499.99,DELTA,70,50,74,30,134,yes,69,-1000
2025-05-19T16:05:15.872238,KXBTCD-25MAY1920-T105499.99,DELTA,70,50,74,30,135,no,20,-250
2025-05-19T16:05:15.872608,KXBTCD-25MAY1920-T105499.99,DELTA,70,50,74,30,136,no,10,250
2025-05-19T16:05:15.932343,KXBTCD-25MAY1920-T105499.99,DELTA,71,1000,74,30,137,yes,71,1000
2025-05-19T16:05:15.932943,KXBTCD-25MAY1920-T105499.99,DELTA,71,1000,74,30,138,no,20,-2000
2025-05-19T16:05:15.953005,KXBTCD-25MAY1920-T105499.99,DELTA,71,1000,74,30,139,no,21,-1000
2025-05-19T16:05:15.953336,KXBTCD-25MAY1920-T105499.99,DELTA,71,1000,74,30,140,no,20,-1250
2025-05-19T16:05:16.013992,KXBTCD-25MAY1920-T105499.99,DELTA,71,1000,74,30,141,yes,70,-50
2025-05-19T16:05:16.014243,KXBTCD-25MAY1920-T105499.99,DELTA,72,50,74,30,142,yes,72,50
2025-05-19T16:05:16.014332,KXBTCD-25MAY1920-T105499.99,DELTA,72,50,74,30,143,no,19,1250
2025-05-19T16:05:16.014403,KXBTCD-25MAY1920-T105499.99,DELTA,72,50,74,30,144,no,19,2000
2025-05-19T16:05:16.032039,KXBTCD-25MAY1920-T105499.99,DELTA,72,50,74,30,145,no,19,1000
2025-05-19T16:05:16.072439,KXBTCD-25MAY1920-T105499.99,DELTA,72,50,74,30,146,yes,71,-1000
2025-05-19T16:05:16.112706,KXBTCD-25MAY1920-T105499.99,DELTA,72,1050,74,30,147,yes,72,1000
2025-05-19T16:05:16.213708,KXBTCD-25MAY1920-T105499.99,DELTA,72,1000,74,30,148,yes,72,-50
2025-05-19T16:05:16.214195,KXBTCD-25MAY1920-T105499.99,DELTA,73,50,74,30,149,yes,73,50
2025-05-19T16:05:16.251731,KXBTCD-25MAY1920-T105499.99,DELTA,73,50,74,30,150,no,10,-250
2025-05-19T16:05:16.274938,KXBTCD-25MAY1920-T105499.99,DELTA,73,50,74,30,151,no,20,250
2025-05-19T16:05:16.275357,KXBTCD-25MAY1920-T105499.99,DELTA,73,50,74,30,152,yes,72,-1000
2025-05-19T16:05:16.333119,KXBTCD-25MAY1920-T105499.99,DELTA,73,50,74,30,153,yes,66,1000
2025-05-19T16:05:16.333494,KXBTCD-25MAY1920-T105499.99,DELTA,73,50,74,30,154,no,19,-2000
2025-05-19T16:05:16.352410,KXBTCD-25MAY1920-T105499.99,DELTA,73,50,74,30,155,no,19,-1000
2025-05-19T16:05:16.352772,KXBTCD-25MAY1920-T105499.99,DELTA,73,50,74,30,156,no,19,-1250
2025-05-19T16:05:16.411912,KXBTCD-25MAY1920-T105499.99,DELTA,73,50,74,30,157,no,20,1250
2025-05-19T16:05:16.412290,KXBTCD-25MAY1920-T105499.99,DELTA,73,50,74,30,158,no,21,1000
2025-05-19T16:05:16.412636,KXBTCD-25MAY1920-T105499.99,DELTA,73,50,74,30,159,no,20,2000
2025-05-19T16:05:16.711981,KXBTCD-25MAY1920-T105499.99,DELTA,73,50,74,30,160,no,6,-5400
2025-05-19T16:05:16.712338,KXBTCD-25MAY1920-T105499.99,DELTA,73,50,74,30,161,no,8,4050
2025-05-19T16:05:16.775853,KXBTCD-25MAY1920-T105499.99,DELTA,73,50,74,30,162,no,7,-20000
2025-05-19T16:05:16.865468,KXBTCD-25MAY1920-T105499.99,DELTA,73,50,74,30,163,no,9,20000
2025-05-19T16:05:18.091340,KXBTCD-25MAY1920-T105499.99,DELTA,73,50,74,30,164,no,20,-1250
2025-05-19T16:05:18.152627,KXBTCD-25MAY1920-T105499.99,DELTA,73,50,74,30,165,no,19,1250
2025-05-19T16:05:18.152898,KXBTCD-25MAY1920-T105499.99,DELTA,73,50,74,30,166,yes,56,-250
2025-05-19T16:05:18.173059,KXBTCD-25MAY1920-T105499.99,DELTA,73,50,74,30,167,yes,64,250
2025-05-19T16:05:18.173289,KXBTCD-25MAY1920-T105499.99,DELTA,73,50,74,30,168,no,20,-250
2025-05-19T16:05:18.173395,KXBTCD-25MAY1920-T105499.99,DELTA,73,50,74,30,169,yes,66,250
2025-05-19T16:05:18.192200,KXBTCD-25MAY1920-T105499.99,DELTA,73,50,74,30,170,no,10,250
2025-05-19T16:05:18.212423,KXBTCD-25MAY1920-T105499.99,DELTA,73,50,74,30,171,yes,69,9
2025-05-19T16:05:18.233002,KXBTCD-25MAY1920-T105499.99,DELTA,73,50,74,30,172,yes,63,-2000
2025-05-19T16:05:18.252647,KXBTCD-25MAY1920-T105499.99,DELTA,73,50,74,30,173,yes,66,-1000
2025-05-19T16:05:18.252845,KXBTCD-25MAY1920-T105499.99,DELTA,73,50,74,30,174,yes,63,-1250
2025-05-19T16:05:18.272391,KXBTCD-25MAY1920-T105499.99,DELTA,73,50,74,30,175,no,20,-2000
2025-05-19T16:05:18.272633,KXBTCD-25MAY1920-T105499.99,DELTA,73,50,74,30,176,no,21,-1000
2025-05-19T16:05:18.352997,KXBTCD-25MAY1920-T105499.99,DELTA,73,50,74,30,177,yes,67,1250
2025-05-19T16:05:18.353326,KXBTCD-25MAY1920-T105499.99,DELTA,73,50,74,30,178,no,19,2000
2025-05-19T16:05:18.353727,KXBTCD-25MAY1920-T105499.99,DELTA,73,50,74,30,179,no,19,1000
2025-05-19T16:05:18.353842,KXBTCD-25MAY1920-T105499.99,DELTA,73,50,74,30,180,yes,67,1000
2025-05-19T16:05:18.353951,KXBTCD-25MAY1920-T105499.99,DELTA,73,50,74,30,181,yes,67,2000
2025-05-19T16:05:18.454938,KXBTCD-25MAY1920-T105499.99,DELTA,69,9,74,30,182,yes,73,-50
2025-05-19T16:05:18.455757,KXBTCD-25MAY1920-T105499.99,DELTA,69,9,74,30,183,yes,68,50
2025-05-19T16:05:18.456391,KXBTCD-25MAY1920-T105499.99,DELTA,69,9,74,30,184,yes,67,30
2025-05-19T16:05:18.456634,KXBTCD-25MAY1920-T105499.99,DELTA,71,14,74,30,185,yes,71,14
2025-05-19T16:05:18.456805,KXBTCD-25MAY1920-T105499.99,DELTA,71,14,74,30,186,yes,67,-1000
2025-05-19T16:05:18.457266,KXBTCD-25MAY1920-T105499.99,DELTA,71,14,74,30,187,no,18,-250
2025-05-19T16:05:18.457537,KXBTCD-25MAY1920-T105499.99,DELTA,71,14,74,30,188,no,23,14
2025-05-19T16:05:18.457697,KXBTCD-25MAY1920-T105499.99,DELTA,71,14,74,30,189,no,23,30
2025-05-19T16:05:18.473323,KXBTCD-25MAY1920-T105499.99,DELTA,71,14,74,30,190,yes,65,-30
2025-05-19T16:05:18.473757,KXBTCD-25MAY1920-T105499.99,DELTA,71,14,74,30,191,yes,68,-14
2025-05-19T16:05:18.493102,KXBTCD-25MAY1920-T105499.99,DELTA,71,14,74,30,192,no,25,-14
2025-05-19T16:05:18.493476,KXBTCD-25MAY1920-T105499.99,DELTA,71,14,76,50,193,no,26,-30
2025-05-19T16:05:18.493795,KXBTCD-25MAY1920-T105499.99,DELTA,71,14,76,50,194,yes,15,-8000
2025-05-19T16:05:18.493874,KXBTCD-25MAY1920-T105499.99,DELTA,71,14,76,50,195,no,19,-2000
2025-05-19T16:05:18.514924,KXBTCD-25MAY1920-T105499.99,DELTA,71,14,76,50,196,no,19,-1250
2025-05-19T16:05:18.515111,KXBTCD-25MAY1920-T105499.99,DELTA,73,1000,76,50,197,yes,73,1000
2025-05-19T16:05:18.515170,KXBTCD-25MAY1920-T105499.99,DELTA,73,1000,76,50,198,yes,68,-50
2025-05-19T16:05:18.515227,KXBTCD-25MAY1920-T105499.99,DELTA,73,1050,76,50,199,yes,73,50
2025-05-19T16:05:18.532932,KXBTCD-25MAY1920-T105499.99,DELTA,73,1050,77,44,200,no,24,-50
2025-05-19T16:05:18.533171,KXBTCD-25MAY1920-T105499.99,DELTA,73,1050,77,94,201,no,23,50
2025-05-19T16:05:18.533228,KXBTCD-25MAY1920-T105499.99,DELTA,73,1050,77,94,202,no,8,250
2025-05-19T16:05:18.571869,KXBTCD-25MAY1920-T105499.99,DELTA,73,1050,77,94,203,no,19,-1000
2025-05-19T16:05:18.572044,KXBTCD-25MAY1920-T105499.99,DELTA,73,1000,77,94,204,yes,73,-50
2025-05-19T16:05:18.572103,KXBTCD-25MAY1920-T105499.99,DELTA,74,50,77,94,205,yes,74,50
2025-05-19T16:05:18.592888,KXBTCD-25MAY1920-T105499.99,DELTA,74,50,77,94,206,yes,73,-1000
2025-05-19T16:05:18.593057,KXBTCD-25MAY1920-T105499.99,DELTA,74,50,77,94,207,no,17,1250
2025-05-19T16:05:18.593122,KXBTCD-25MAY1920-T105499.99,DELTA,74,50,77,94,208,yes,20,8000
2025-05-19T16:05:18.593177,KXBTCD-25MAY1920-T105499.99,DELTA,74,50,77,94,209,no,17,2000
2025-05-19T16:05:18.632180,KXBTCD-25MAY1920-T105499.99,DELTA,74,50,77,94,210,no,16,-250
2025-05-19T16:05:18.672444,KXBTCD-25MAY1920-T105499.99,DELTA,74,50,77,94,211,no,17,1000
2025-05-19T16:05:18.672638,KXBTCD-25MAY1920-T105499.99,DELTA,75,1000,77,94,212,yes,75,1000
2025-05-19T16:05:18.712407,KXBTCD-25MAY1920-T105499.99,DELTA,75,1000,77,94,213,no,17,-1000
2025-05-19T16:05:18.732084,KXBTCD-25MAY1920-T105499.99,DELTA,75,1000,77,94,214,no,16,250
2025-05-19T16:05:18.751648,KXBTCD-25MAY1920-T105499.99,DELTA,75,1000,77,94,215,yes,74,-50
2025-05-19T16:05:18.751858,KXBTCD-25MAY1920-T105499.99,DELTA,75,1050,77,94,216,yes,75,50
2025-05-19T16:05:18.772044,KXBTCD-25MAY1920-T105499.99,DELTA,75,1050,77,94,217,no,15,1000
2025-05-19T16:05:18.812514,KXBTCD-25MAY1920-T105499.99,DELTA,75,1050,77,94,218,no,17,-2000
2025-05-19T16:05:18.812747,KXBTCD-25MAY1920-T105499.99,DELTA,75,1050,77,94,219,no,17,-1250
2025-05-19T16:05:18.832835,KXBTCD-25MAY1920-T105499.99,DELTA,75,1050,77,94,220,no,6,250
2025-05-19T16:05:18.872400,KXBTCD-25MAY1920-T105499.99,DELTA,75,1050,77,94,221,no,17,2000
2025-05-19T16:05:18.872671,KXBTCD-25MAY1920-T105499.99,DELTA,75,1050,77,94,222,no,17,1250
2025-05-19T16:05:18.872764,KXBTCD-25MAY1920-T105499.99,DELTA,75,1050,77,94,223,no,15,-1000
2025-05-19T16:05:18.872855,KXBTCD-25MAY1920-T105499.99,DELTA,75,1050,77,94,224,no,6,-250
2025-05-19T16:05:18.912519,KXBTCD-25MAY1920-T105499.99,DELTA,75,1050,77,94,225,no,17,1000
2025-05-19T16:05:19.273260,KXBTCD-25MAY1920-T105499.99,DELTA,75,1050,77,94,226,yes,68,250
2025-05-19T16:05:19.273669,KXBTCD-25MAY1920-T105499.99,DELTA,75,1050,77,94,227,yes,58,-250
2025-05-19T16:05:19.352842,KXBTCD-25MAY1920-T105499.99,DELTA,75,1050,77,94,228,yes,67,-2000
2025-05-19T16:05:19.353200,KXBTCD-25MAY1920-T105499.99,DELTA,75,1050,77,94,229,yes,67,-1250
2025-05-19T16:05:19.393954,KXBTCD-25MAY1920-T105499.99,DELTA,75,1050,77,94,230,yes,69,1250
2025-05-19T16:05:19.412159,KXBTCD-25MAY1920-T105499.99,DELTA,75,1050,77,94,231,yes,69,2000
2025-05-19T16:05:19.492963,KXBTCD-25MAY1920-T105499.99,DELTA,75,1050,77,94,232,yes,58,250
2025-05-19T16:05:19.493290,KXBTCD-25MAY1920-T105499.99,DELTA,75,1050,77,94,233,yes,68,-250
2025-05-19T16:05:19.512659,KXBTCD-25MAY1920-T105499.99,DELTA,75,50,77,94,234,yes,75,-1000
2025-05-19T16:05:19.552341,KXBTCD-25MAY1920-T105499.99,DELTA,75,50,77,94,235,yes,69,1000
2025-05-19T16:05:19.552605,KXBTCD-25MAY1920-T105499.99,DELTA,75,50,77,94,236,yes,69,-2000
2025-05-19T16:05:19.572382,KXBTCD-25MAY1920-T105499.99,DELTA,75,50,77,94,237,yes,69,-1250
2025-05-19T16:05:19.598738,KXBTCD-25MAY1920-T105499.99,DELTA,75,50,77,94,238,yes,69,-1000
2025-05-19T16:05:19.618442,KXBTCD-25MAY1920-T105499.99,DELTA,75,50,77,94,239,yes,67,2000
2025-05-19T16:05:19.632878,KXBTCD-25MAY1920-T105499.99,DELTA,75,50,77,94,240,yes,67,1250
2025-05-19T16:05:19.633062,KXBTCD-25MAY1920-T105499.99,DELTA,75,50,77,94,241,yes,68,1000
2025-05-19T16:05:19.852568,KXBTCD-25MAY1920-T105499.99,DELTA,75,50,77,94,242,yes,16,-2025
2025-05-19T16:05:19.852979,KXBTCD-25MAY1920-T105499.99,DELTA,75,50,77,94,243,yes,21,1542
2025-05-19T16:05:20.174727,KXBTCD-25MAY1920-T105499.99,DELTA,75,50,77,94,244,no,18,250
2025-05-19T16:05:20.175264,KXBTCD-25MAY1920-T105499.99,DELTA,75,50,77,94,245,no,8,-250
2025-05-19T16:05:20.273798,KXBTCD-25MAY1920-T105499.99,DELTA,75,50,77,94,246,no,17,-2000
2025-05-19T16:05:20.274604,KXBTCD-25MAY1920-T105499.99,DELTA,75,50,77,94,247,no,17,-1000
2025-05-19T16:05:20.293323,KXBTCD-25MAY1920-T105499.99,DELTA,75,50,77,94,248,no,17,-1250
2025-05-19T16:05:20.313662,KXBTCD-25MAY1920-T105499.99,DELTA,75,50,77,94,249,no,19,9
2025-05-19T16:05:20.314513,KXBTCD-25MAY1920-T105499.99,DELTA,75,50,77,94,250,no,8,250
2025-05-19T16:05:20.331929,KXBTCD-25MAY1920-T105499.99,DELTA,75,50,77,94,251,no,18,-250
2025-05-19T16:05:20.352451,KXBTCD-25MAY1920-T105499.99,DELTA,75,50,77,94,252,no,19,1000
2025-05-19T16:05:20.352821,KXBTCD-25MAY1920-T105499.99,DELTA,75,50,77,94,253,no,18,1250
2025-05-19T16:05:20.352960,KXBTCD-25MAY1920-T105499.99,DELTA,75,50,77,94,254,yes,68,-1000
2025-05-19T16:05:20.372363,KXBTCD-25MAY1920-T105499.99,DELTA,75,50,77,94,255,no,18,2000
2025-05-19T16:05:20.392966,KXBTCD-25MAY1920-T105499.99,DELTA,75,50,77,94,256,no,19,-1000
2025-05-19T16:05:20.411906,KXBTCD-25MAY1920-T105499.99,DELTA,75,1050,77,94,257,yes,75,1000
2025-05-19T16:05:20.412503,KXBTCD-25MAY1920-T105499.99,DELTA,75,1050,77,94,258,no,18,-1250
2025-05-19T16:05:20.412710,KXBTCD-25MAY1920-T105499.99,DELTA,75,1050,77,94,259,no,18,-2000
2025-05-19T16:05:20.452613,KXBTCD-25MAY1920-T105499.99,DELTA,75,1050,77,94,260,no,17,1250
2025-05-19T16:05:20.452968,KXBTCD-25MAY1920-T105499.99,DELTA,75,1050,77,94,261,no,17,1000
2025-05-19T16:05:20.453105,KXBTCD-25MAY1920-T105499.99,DELTA,75,1050,77,94,262,no,17,2000
2025-05-19T16:05:20.813648,KXBTCD-25MAY1920-T105499.99,DELTA,75,50,77,94,263,yes,75,-1000
2025-05-19T16:05:20.852727,KXBTCD-25MAY1920-T105499.99,DELTA,75,50,77,94,264,yes,68,1000
2025-05-19T16:05:21.153500,KXBTCD-25MAY1920-T105499.99,DELTA,75,50,77,94,265,no,8,-250
2025-05-19T16:05:21.173023,KXBTCD-25MAY1920-T105499.99,DELTA,75,50,77,94,266,no,18,250
2025-05-19T16:05:21.233599,KXBTCD-25MAY1920-T105499.99,DELTA,75,50,77,94,267,no,17,-2000
2025-05-19T16:05:21.234172,KXBTCD-25MAY1920-T105499.99,DELTA,75,50,77,94,268,no,17,-1000
2025-05-19T16:05:21.253434,KXBTCD-25MAY1920-T105499.99,DELTA,75,50,77,94,269,no,17,-1250
2025-05-19T16:05:21.313181,KXBTCD-25MAY1920-T105499.99,DELTA,75,50,77,94,270,no,18,2000
2025-05-19T16:05:21.313918,KXBTCD-25MAY1920-T105499.99,DELTA,75,50,77,94,271,no,18,1250
2025-05-19T16:05:21.314271,KXBTCD-25MAY1920-T105499.99,DELTA,75,50,77,94,272,no,19,1000
2025-05-19T16:05:22.108113,KXBTCD-25MAY1920-T105499.99,DELTA,75,50,77,94,273,no,8,-4050
2025-05-19T16:05:22.108585,KXBTCD-25MAY1920-T105499.99,DELTA,75,50,77,94,274,no,6,5400
2025-05-19T16:05:22.109127,KXBTCD-25MAY1920-T105499.99,DELTA,75,50,77,94,275,no,9,-20000
2025-05-19T16:05:22.133279,KXBTCD-25MAY1920-T105499.99,DELTA,75,50,77,94,276,no,7,20000
2025-05-19T16:05:23.113263,KXBTCD-25MAY1920-T105499.99,DELTA,75,50,77,94,277,no,6,-5400
2025-05-19T16:05:23.113987,KXBTCD-25MAY1920-T105499.99,DELTA,75,50,77,94,278,no,8,4050
2025-05-19T16:05:23.172950,KXBTCD-25MAY1920-T105499.99,DELTA,75,50,77,94,279,no,7,-20000
2025-05-19T16:05:23.213757,KXBTCD-25MAY1920-T105499.99,DELTA,75,50,77,94,280,no,9,20000
2025-05-19T16:05:23.232390,KXBTCD-25MAY1920-T105499.99,DELTA,75,50,77,94,281,no,19,-9
2025-05-19T16:05:23.673662,KXBTCD-25MAY1920-T105499.99,DELTA,75,50,77,94,282,no,18,-1250
2025-05-19T16:05:23.716165,KXBTCD-25MAY1920-T105499.99,DELTA,71,14,77,94,283,yes,75,-50
2025-05-19T16:05:23.716931,KXBTCD-25MAY1920-T105499.99,DELTA,71,14,77,94,284,yes,69,50
2025-05-19T16:05:23.717330,KXBTCD-25MAY1920-T105499.99,DELTA,71,14,77,94,285,no,17,1250
2025-05-19T16:05:23.773959,KXBTCD-25MAY1920-T105499.99,DELTA,71,14,77,94,286,yes,68,-1000
2025-05-19T16:05:23.815861,KXBTCD-25MAY1920-T105499.99,DELTA,71,14,77,94,287,yes,70,1000
2025-05-19T16:05:23.873732,KXBTCD-25MAY1920-T105499.99,DELTA,71,14,77,94,288,yes,69,30
2025-05-19T16:05:23.874435,KXBTCD-25MAY1920-T105499.99,DELTA,71,14,77,94,289,yes,67,-30
2025-05-19T16:05:23.874840,KXBTCD-25MAY1920-T105499.99,DELTA,71,14,77,94,290,no,22,30
2025-05-19T16:05:23.875148,KXBTCD-25MAY1920-T105499.99,DELTA,71,14,77,94,291,yes,69,-50
2025-05-19T16:05:23.875421,KXBTCD-25MAY1920-T105499.99,DELTA,71,64,77,94,292,yes,71,50
2025-05-19T16:05:23.893498,KXBTCD-25MAY1920-T105499.99,DELTA,71,64,77,64,293,no,23,-30
2025-05-19T16:05:23.974352,KXBTCD-25MAY1920-T105499.99,DELTA,71,64,77,64,294,yes,70,-1000
2025-05-19T16:05:24.076384,KXBTCD-25MAY1920-T105499.99,DELTA,72,1000,77,64,295,yes,72,1000
2025-05-19T16:05:24.077293,KXBTCD-25MAY1920-T105499.99,DELTA,72,1000,77,64,296,yes,71,-50
2025-05-19T16:05:24.077849,KXBTCD-25MAY1920-T105499.99,DELTA,72,1000,77,64,297,yes,70,50
2025-05-19T16:05:24.132948,KXBTCD-25MAY1920-T105499.99,DELTA,71,14,77,64,298,yes,72,-1000
2025-05-19T16:05:24.154340,KXBTCD-25MAY1920-T105499.99,DELTA,71,14,77,64,299,yes,70,-50
2025-05-19T16:05:24.154872,KXBTCD-25MAY1920-T105499.99,DELTA,73,50,77,64,300,yes,73,50
2025-05-19T16:05:24.155441,KXBTCD-25MAY1920-T105499.99,DELTA,73,50,77,64,301,no,18,-250
2025-05-19T16:05:24.155751,KXBTCD-25MAY1920-T105499.99,DELTA,73,50,77,64,302,yes,58,-250
2025-05-19T16:05:24.175088,KXBTCD-25MAY1920-T105499.99,DELTA,73,50,77,64,303,yes,71,1000
2025-05-19T16:05:24.175438,KXBTCD-25MAY1920-T105499.99,DELTA,73,50,77,64,304,no,8,250
2025-05-19T16:05:24.175625,KXBTCD-25MAY1920-T105499.99,DELTA,73,50,77,64,305,yes,68,250
2025-05-19T16:05:24.213147,KXBTCD-25MAY1920-T105499.99,DELTA,71,1014,77,64,306,yes,73,-50
2025-05-19T16:05:24.213798,KXBTCD-25MAY1920-T105499.99,DELTA,71,1014,77,64,307,yes,70,50
2025-05-19T16:05:24.214044,KXBTCD-25MAY1920-T105499.99,DELTA,71,1014,77,64,308,no,8,-4050
2025-05-19T16:05:24.214228,KXBTCD-25MAY1920-T105499.99,DELTA,71,1014,77,64,309,no,6,5400
2025-05-19T16:05:24.214390,KXBTCD-25MAY1920-T105499.99,DELTA,71,14,77,64,310,yes,71,-1000
2025-05-19T16:05:24.232850,KXBTCD-25MAY1920-T105499.99,DELTA,71,14,77,64,311,no,18,-2000
2025-05-19T16:05:24.233470,KXBTCD-25MAY1920-T105499.99,DELTA,71,14,77,64,312,no,19,-1000
2025-05-19T16:05:24.291916,KXBTCD-25MAY1920-T105499.99,DELTA,71,14,77,64,313,no,17,2000
2025-05-19T16:05:24.292429,KXBTCD-25MAY1920-T105499.99,DELTA,71,14,77,64,314,yes,67,-2000
2025-05-19T16:05:24.292866,KXBTCD-25MAY1920-T105499.99,DELTA,71,14,77,64,315,no,17,1000
2025-05-19T16:05:24.293021,KXBTCD-25MAY1920-T105499.99,DELTA,71,1014,77,64,316,yes,71,1000
2025-05-19T16:05:24.293136,KXBTCD-25MAY1920-T105499.99,DELTA,71,1014,77,64,317,yes,67,-1250
2025-05-19T16:05:24.315391,KXBTCD-25MAY1920-T105499.99,DELTA,71,1014,77,64,318,no,9,-20000
2025-05-19T16:05:24.352611,KXBTCD-25MAY1920-T105499.99,DELTA,71,1014,77,64,319,no,7,20000
2025-05-19T16:05:24.353040,KXBTCD-25MAY1920-T105499.99,DELTA,71,1014,77,64,320,yes,69,1250
2025-05-19T16:05:24.353202,KXBTCD-25MAY1920-T105499.99,DELTA,71,1014,77,64,321,yes,69,2000
2025-05-19T16:05:24.353290,KXBTCD-25MAY1920-T105499.99,DELTA,71,1014,77,64,322,yes,70,-50
2025-05-19T16:05:24.353370,KXBTCD-25MAY1920-T105499.99,DELTA,72,50,77,64,323,yes,72,50
2025-05-19T16:05:24.432514,KXBTCD-25MAY1920-T105499.99,DELTA,72,50,77,64,324,yes,71,-1000
2025-05-19T16:05:24.473069,KXBTCD-25MAY1920-T105499.99,DELTA,73,1000,77,64,325,yes,73,1000
2025-05-19T16:05:24.513072,KXBTCD-25MAY1920-T105499.99,DELTA,73,1000,77,64,326,yes,72,-50
2025-05-19T16:05:24.513441,KXBTCD-25MAY1920-T105499.99,DELTA,73,1000,77,64,327,yes,70,50
2025-05-19T16:05:24.577392,KXBTCD-25MAY1920-T105499.99,DELTA,71,14,77,64,328,yes,73,-1000
2025-05-19T16:05:24.593766,KXBTCD-25MAY1920-T105499.99,DELTA,71,14,77,64,329,yes,70,-50
2025-05-19T16:05:24.594168,KXBTCD-25MAY1920-T105499.99,DELTA,74,50,77,64,330,yes,74,50
2025-05-19T16:05:24.594374,KXBTCD-25MAY1920-T105499.99,DELTA,74,50,77,64,331,no,17,-2000
2025-05-19T16:05:24.614283,KXBTCD-25MAY1920-T105499.99,DELTA,74,50,77,64,332,no,17,-1250
2025-05-19T16:05:24.635507,KXBTCD-25MAY1920-T105499.99,DELTA,74,50,77,64,333,yes,71,1000
2025-05-19T16:05:24.654294,KXBTCD-25MAY1920-T105499.99,DELTA,71,1014,77,64,334,yes,74,-50
2025-05-19T16:05:24.654578,KXBTCD-25MAY1920-T105499.99,DELTA,71,1014,77,64,335,yes,70,50
2025-05-19T16:05:24.673289,KXBTCD-25MAY1920-T105499.99,DELTA,71,1014,77,64,336,no,16,1250
2025-05-19T16:05:24.673561,KXBTCD-25MAY1920-T105499.99,DELTA,71,1014,77,64,337,no,16,2000
2025-05-19T16:05:24.714638,KXBTCD-25MAY1920-T105499.99,DELTA,71,14,77,64,338,yes,71,-1000
2025-05-19T16:05:24.714940,KXBTCD-25MAY1920-T105499.99,DELTA,71,14,77,64,339,yes,70,-50
2025-05-19T16:05:24.715091,KXBTCD-25MAY1920-T105499.99,DELTA,72,50,77,64,340,yes,72,50
2025-05-19T16:05:24.752289,KXBTCD-25MAY1920-T105499.99,DELTA,72,50,77,64,341,yes,71,1000
2025-05-19T16:05:24.792084,KXBTCD-25MAY1920-T105499.99,DELTA,72,50,77,64,342,yes,71,-1000
2025-05-19T16:05:24.839990,KXBTCD-25MAY1920-T105499.99,DELTA,73,1000,77,64,343,yes,73,1000
2025-05-19T16:05:24.840307,KXBTCD-25MAY1920-T105499.99,DELTA,73,1000,77,14,344,no,23,-50
2025-05-19T16:05:24.840476,KXBTCD-25MAY1920-T105499.99,DELTA,73,1000,77,14,345,no,22,50
2025-05-19T16:05:24.892903,KXBTCD-25MAY1920-T105499.99,DELTA,73,1000,77,14,346,yes,72,-50
2025-05-19T16:05:24.893403,KXBTCD-25MAY1920-T105499.99,DELTA,74,50,77,14,347,yes,74,50
2025-05-19T16:05:24.954024,KXBTCD-25MAY1920-T105499.99,DELTA,74,50,77,14,348,yes,73,-1000
2025-05-19T16:05:24.992050,KXBTCD-25MAY1920-T105499.99,DELTA,75,1000,77,14,349,yes,75,1000
2025-05-19T16:05:25.194277,KXBTCD-25MAY1920-T105499.99,DELTA,75,1000,77,14,350,yes,71,-14
2025-05-19T16:05:25.213066,KXBTCD-25MAY1920-T105499.99,DELTA,75,1000,77,14,351,yes,72,14
2025-05-19T16:05:25.213490,KXBTCD-25MAY1920-T105499.99,DELTA,75,1000,78,100,352,no,23,-14
2025-05-19T16:05:25.213676,KXBTCD-25MAY1920-T105499.99,DELTA,75,1000,78,100,353,no,21,14
2025-05-19T16:05:25.233801,KXBTCD-25MAY1920-T105499.99,DELTA,75,1000,78,100,354,yes,74,-50
2025-05-19T16:05:25.234320,KXBTCD-25MAY1920-T105499.99,DELTA,76,50,78,100,355,yes,76,50
2025-05-19T16:05:25.292447,KXBTCD-25MAY1920-T105499.99,DELTA,76,50,78,100,356,yes,75,-1000
2025-05-19T16:05:25.313225,KXBTCD-25MAY1920-T105499.99,DELTA,76,50,78,100,357,yes,69,-9
2025-05-19T16:05:25.313530,KXBTCD-25MAY1920-T105499.99,DELTA,76,50,78,100,358,no,18,9
2025-05-19T16:05:25.332675,KXBTCD-25MAY1920-T105499.99,DELTA,76,1050,78,100,359,yes,76,1000
2025-05-19T16:05:25.852371,KXBTCD-25MAY1920-T105499.99,DELTA,76,50,78,100,360,yes,76,-1000
2025-05-19T16:05:25.872721,KXBTCD-25MAY1920-T105499.99,DELTA,76,50,78,100,361,no,16,-2000
2025-05-19T16:05:25.873308,KXBTCD-25MAY1920-T105499.99,DELTA,76,50,78,100,362,no,16,-1250
2025-05-19T16:05:25.912846,KXBTCD-25MAY1920-T105499.99,DELTA,76,50,78,100,363,no,15,2000
2025-05-19T16:05:25.913536,KXBTCD-25MAY1920-T105499.99,DELTA,76,50,78,100,364,no,16,1250
2025-05-19T16:05:25.913823,KXBTCD-25MAY1920-T105499.99,DELTA,77,1000,78,100,365,yes,77,1000
2025-05-19T16:05:26.152770,KXBTCD-25MAY1920-T105499.99,DELTA,77,1000,78,100,366,no,16,-1250
2025-05-19T16:05:26.194965,KXBTCD-25MAY1920-T105499.99,DELTA,77,1000,78,100,367,no,15,1250
2025-05-19T16:05:27.012278,KXBTCD-25MAY1920-T105499.99,DELTA,77,1000,78,100,368,no,6,250
2025-05-19T16:05:27.033239,KXBTCD-25MAY1920-T105499.99,DELTA,77,1000,78,100,369,no,16,-250
2025-05-19T16:05:27.033560,KXBTCD-25MAY1920-T105499.99,DELTA,77,1000,78,100,370,no,15,-2000
2025-05-19T16:05:27.033909,KXBTCD-25MAY1920-T105499.99,DELTA,77,1000,78,50,371,no,22,-50
2025-05-19T16:05:27.034066,KXBTCD-25MAY1920-T105499.99,DELTA,77,1000,78,50,372,no,21,50
2025-05-19T16:05:27.034214,KXBTCD-25MAY1920-T105499.99,DELTA,77,1000,78,50,373,yes,20,-8000
2025-05-19T16:05:27.053144,KXBTCD-25MAY1920-T105499.99,DELTA,77,1000,78,50,374,yes,76,-50
2025-05-19T16:05:27.053415,KXBTCD-25MAY1920-T105499.99,DELTA,77,1050,78,50,375,yes,77,50
2025-05-19T16:05:27.053534,KXBTCD-25MAY1920-T105499.99,DELTA,77,1050,78,50,376,no,15,-1250
2025-05-19T16:05:27.053643,KXBTCD-25MAY1920-T105499.99,DELTA,77,1050,78,50,377,no,5,-3000
2025-05-19T16:05:27.072634,KXBTCD-25MAY1920-T105499.99,DELTA,77,1050,78,50,378,no,14,2000
2025-05-19T16:05:27.072867,KXBTCD-25MAY1920-T105499.99,DELTA,77,1050,78,50,379,yes,71,30
2025-05-19T16:05:27.093048,KXBTCD-25MAY1920-T105499.99,DELTA,77,1050,78,50,380,yes,69,-30
2025-05-19T16:05:27.093293,KXBTCD-25MAY1920-T105499.99,DELTA,77,1050,78,50,381,no,20,30
2025-05-19T16:05:27.093439,KXBTCD-25MAY1920-T105499.99,DELTA,77,1050,78,20,382,no,22,-30
2025-05-19T16:05:27.093569,KXBTCD-25MAY1920-T105499.99,DELTA,77,1050,78,20,383,no,17,-1000
2025-05-19T16:05:27.128052,KXBTCD-25MAY1920-T105499.99,DELTA,77,1050,78,20,384,no,14,1250
2025-05-19T16:05:27.128256,KXBTCD-25MAY1920-T105499.99,DELTA,77,1050,78,20,385,yes,28,8000
2025-05-19T16:05:27.128368,KXBTCD-25MAY1920-T105499.99,DELTA,77,1050,78,20,386,no,2,3000
2025-05-19T16:05:27.153241,KXBTCD-25MAY1920-T105499.99,DELTA,77,1050,78,20,387,yes,60,-250
2025-05-19T16:05:27.153485,KXBTCD-25MAY1920-T105499.99,DELTA,77,1050,78,20,388,no,15,1000
2025-05-19T16:05:27.153603,KXBTCD-25MAY1920-T105499.99,DELTA,77,1050,78,20,389,yes,70,250
2025-05-19T16:05:27.175019,KXBTCD-25MAY1920-T105499.99,DELTA,77,50,78,20,390,yes,77,-1000
2025-05-19T16:05:27.213391,KXBTCD-25MAY1920-T105499.99,DELTA,77,50,78,20,391,yes,69,-2000
2025-05-19T16:05:27.213737,KXBTCD-25MAY1920-T105499.99,DELTA,77,50,79,84,392,no,22,-20
2025-05-19T16:05:27.213916,KXBTCD-25MAY1920-T105499.99,DELTA,78,980,79,84,393,yes,78,980
2025-05-19T16:05:27.214063,KXBTCD-25MAY1920-T105499.99,DELTA,78,980,79,84,394,yes,74,14
2025-05-19T16:05:27.214196,KXBTCD-25MAY1920-T105499.99,DELTA,78,980,79,84,395,yes,69,-1250
2025-05-19T16:05:27.233551,KXBTCD-25MAY1920-T105499.99,DELTA,78,980,79,84,396,no,19,14
2025-05-19T16:05:27.233906,KXBTCD-25MAY1920-T105499.99,DELTA,78,980,79,84,397,yes,72,-14
2025-05-19T16:05:27.234049,KXBTCD-25MAY1920-T105499.99,DELTA,78,980,79,70,398,no,21,-14
2025-05-19T16:05:27.252226,KXBTCD-25MAY1920-T105499.99,DELTA,78,980,79,20,399,no,21,-50
2025-05-19T16:05:27.252467,KXBTCD-25MAY1920-T105499.99,DELTA,78,980,79,20,400,no,20,50
2025-05-19T16:05:27.252581,KXBTCD-25MAY1920-T105499.99,DELTA,78,980,79,20,401,yes,71,1250
2025-05-19T16:05:27.312895,KXBTCD-25MAY1920-T105499.99,DELTA,78,980,79,20,402,yes,71,2000
2025-05-19T16:05:27.332242,KXBTCD-25MAY1920-T105499.99,DELTA,78,980,79,20,403,no,18,-9
2025-05-19T16:05:27.332469,KXBTCD-25MAY1920-T105499.99,DELTA,78,980,79,20,404,no,16,9
2025-05-19T16:05:27.713812,KXBTCD-25MAY1920-T105499.99,DELTA,78,980,79,20,405,yes,49,-3000
2025-05-19T16:05:27.734046,KXBTCD-25MAY1920-T105499.99,DELTA,78,980,79,20,406,no,14,-2000
2025-05-19T16:05:27.794499,KXBTCD-25MAY1920-T105499.99,DELTA,78,980,79,20,407,yes,64,3000
2025-05-19T16:05:27.813041,KXBTCD-25MAY1920-T105499.99,DELTA,78,980,79,20,408,no,13,2000
2025-05-19T16:05:28.192917,KXBTCD-25MAY1920-T105499.99,DELTA,78,980,79,20,409,yes,21,-1542
2025-05-19T16:05:28.193858,KXBTCD-25MAY1920-T105499.99,DELTA,78,980,79,20,410,yes,4,8100
2025-05-19T16:05:28.233468,KXBTCD-25MAY1920-T105499.99,DELTA,78,980,79,20,411,no,6,-5400
2025-05-19T16:05:28.234075,KXBTCD-25MAY1920-T105499.99,DELTA,78,980,79,20,412,no,7,4628
2025-05-19T16:05:28.332243,KXBTCD-25MAY1920-T105499.99,DELTA,78,980,79,20,413,no,7,-20000
2025-05-19T16:05:28.353086,KXBTCD-25MAY1920-T105499.99,DELTA,78,980,79,20,414,no,14,-1250
2025-05-19T16:05:28.353401,KXBTCD-25MAY1920-T105499.99,DELTA,78,980,79,20,415,no,13,-2000
2025-05-19T16:05:28.392396,KXBTCD-25MAY1920-T105499.99,DELTA,78,980,79,20,416,no,8,20000
2025-05-19T16:05:28.392699,KXBTCD-25MAY1920-T105499.99,DELTA,78,980,79,20,417,no,13,1250
2025-05-19T16:05:28.411901,KXBTCD-25MAY1920-T105499.99,DELTA,78,980,79,20,418,no,12,2000
2025-05-19T16:05:28.432594,KXBTCD-25MAY1920-T105499.99,DELTA,78,980,79,20,419,yes,5,20000
2025-05-19T16:05:28.452436,KXBTCD-25MAY1920-T105499.99,DELTA,78,980,79,20,420,yes,77,-50
2025-05-19T16:05:28.452696,KXBTCD-25MAY1920-T105499.99,DELTA,78,1030,79,20,421,yes,78,50
2025-05-19T16:05:28.471925,KXBTCD-25MAY1920-T105499.99,DELTA,78,1030,79,20,422,no,20,-50
2025-05-19T16:05:28.472218,KXBTCD-25MAY1920-T105499.99,DELTA,78,1030,79,20,423,no,19,50
2025-05-19T16:05:28.532326,KXBTCD-25MAY1920-T105499.99,DELTA,78,50,79,20,424,yes,78,-980
2025-05-19T16:05:28.612951,KXBTCD-25MAY1920-T105499.99,DELTA,78,50,80,30,425,no,21,-20
2025-05-19T16:05:28.613413,KXBTCD-25MAY1920-T105499.99,DELTA,79,980,80,30,426,yes,79,980
2025-05-19T16:05:28.731925,KXBTCD-25MAY1920-T105499.99,DELTA,79,980,80,30,427,no,13,-1250
2025-05-19T16:05:28.912832,KXBTCD-25MAY1920-T105499.99,DELTA,79,980,80,30,428,no,12,1250
2025-05-19T16:05:29.890356,KXBTCD-25MAY1920-T105499.99,DELTA,79,980,80,30,429,no,12,-1250
2025-05-19T16:05:29.913106,KXBTCD-25MAY1920-T105499.99,DELTA,79,980,80,30,430,no,13,1250
2025-05-19T16:05:30.054484,KXBTCD-25MAY1920-T105499.99,DELTA,79,980,80,30,431,no,12,-2000
2025-05-19T16:05:30.114063,KXBTCD-25MAY1920-T105499.99,DELTA,79,980,80,30,432,no,13,2000
2025-05-19T16:05:30.152341,KXBTCD-25MAY1920-T105499.99,DELTA,79,980,80,30,433,no,13,-1250
2025-05-19T16:05:30.199376,KXBTCD-25MAY1920-T105499.99,DELTA,79,980,80,30,434,no,19,-50
2025-05-19T16:05:30.200001,KXBTCD-25MAY1920-T105499.99,DELTA,79,980,80,80,435,no,20,50
2025-05-19T16:05:30.200275,KXBTCD-25MAY1920-T105499.99,DELTA,79,980,80,80,436,no,14,1250
2025-05-19T16:05:31.373956,KXBTCD-25MAY1920-T105499.99,DELTA,78,50,80,80,437,yes,79,-980
2025-05-19T16:05:31.374726,KXBTCD-25MAY1920-T105499.99,DELTA,78,50,80,80,438,no,13,-2000
2025-05-19T16:05:31.436067,KXBTCD-25MAY1920-T105499.99,DELTA,78,1050,80,80,439,yes,78,1000
2025-05-19T16:05:31.436814,KXBTCD-25MAY1920-T105499.99,DELTA,78,1050,80,80,440,no,14,2000
2025-05-19T16:05:31.437148,KXBTCD-25MAY1920-T105499.99,DELTA,78,1000,80,80,441,yes,78,-50
2025-05-19T16:05:31.437322,KXBTCD-25MAY1920-T105499.99,DELTA,78,1000,80,80,442,yes,72,50
2025-05-19T16:05:31.503804,KXBTCD-25MAY1920-T105499.99,DELTA,74,14,80,80,443,yes,78,-1000
2025-05-19T16:05:31.504258,KXBTCD-25MAY1920-T105499.99,DELTA,74,14,80,80,444,yes,72,-50
2025-05-19T16:05:31.504628,KXBTCD-25MAY1920-T105499.99,DELTA,78,50,80,80,445,yes,78,50
2025-05-19T16:05:31.513729,KXBTCD-25MAY1920-T105499.99,DELTA,78,50,80,80,446,yes,73,1000
2025-05-19T16:05:31.553360,KXBTCD-25MAY1920-T105499.99,DELTA,74,14,80,80,447,yes,78,-50
2025-05-19T16:05:31.553659,KXBTCD-25MAY1920-T105499.99,DELTA,74,14,80,80,448,yes,72,50
2025-05-19T16:05:31.619714,KXBTCD-25MAY1920-T105499.99,DELTA,74,14,80,80,449,yes,72,-50
2025-05-19T16:05:31.620038,KXBTCD-25MAY1920-T105499.99,DELTA,74,64,80,80,450,yes,74,50
2025-05-19T16:05:31.773706,KXBTCD-25MAY1920-T105499.99,DELTA,74,64,80,80,451,yes,73,-1000
2025-05-19T16:05:31.792640,KXBTCD-25MAY1920-T105499.99,DELTA,74,64,80,80,452,yes,4,-8100
2025-05-19T16:05:31.793019,KXBTCD-25MAY1920-T105499.99,DELTA,74,64,80,80,453,yes,6,5400
2025-05-19T16:05:31.813299,KXBTCD-25MAY1920-T105499.99,DELTA,75,1000,80,80,454,yes,75,1000
2025-05-19T16:05:31.837311,KXBTCD-25MAY1920-T105499.99,DELTA,75,1000,80,80,455,no,7,-4628
2025-05-19T16:05:31.837693,KXBTCD-25MAY1920-T105499.99,DELTA,75,1000,80,80,456,no,4,8100
2025-05-19T16:05:31.853331,KXBTCD-25MAY1920-T105499.99,DELTA,75,1000,80,80,457,yes,5,-20000
2025-05-19T16:05:31.873567,KXBTCD-25MAY1920-T105499.99,DELTA,75,1000,80,80,458,yes,74,-50
2025-05-19T16:05:31.873864,KXBTCD-25MAY1920-T105499.99,DELTA,76,50,80,80,459,yes,76,50
2025-05-19T16:05:31.892227,KXBTCD-25MAY1920-T105499.99,DELTA,76,50,80,80,460,no,8,-20000
2025-05-19T16:05:31.892590,KXBTCD-25MAY1920-T105499.99,DELTA,76,50,80,80,461,yes,7,20000
2025-05-19T16:05:31.933346,KXBTCD-25MAY1920-T105499.99,DELTA,76,50,80,80,462,no,5,20000
2025-05-19T16:05:31.952587,KXBTCD-25MAY1920-T105499.99,DELTA,76,50,80,80,463,yes,75,-1000
2025-05-19T16:05:31.991747,KXBTCD-25MAY1920-T105499.99,DELTA,77,1000,80,80,464,yes,77,1000
2025-05-19T16:05:32.073994,KXBTCD-25MAY1920-T105499.99,DELTA,77,1000,80,80,465,yes,76,-50
2025-05-19T16:05:32.074631,KXBTCD-25MAY1920-T105499.99,DELTA,78,50,80,80,466,yes,78,50
2025-05-19T16:05:32.133045,KXBTCD-25MAY1920-T105499.99,DELTA,78,50,80,80,467,yes,77,-1000
2025-05-19T16:05:32.172808,KXBTCD-25MAY1920-T105499.99,DELTA,78,1050,80,80,468,yes,78,1000
2025-05-19T16:05:32.733081,KXBTCD-25MAY1920-T105499.99,DELTA,78,50,80,80,469,yes,78,-1000
2025-05-19T16:05:32.733479,KXBTCD-25MAY1920-T105499.99,DELTA,78,50,80,80,470,no,14,-2000
2025-05-19T16:05:32.792588,KXBTCD-25MAY1920-T105499.99,DELTA,78,50,80,80,471,no,13,2000
2025-05-19T16:05:32.812560,KXBTCD-25MAY1920-T105499.99,DELTA,79,1000,80,80,472,yes,79,1000
2025-05-19T16:05:32.812880,KXBTCD-25MAY1920-T105499.99,DELTA,79,1000,80,80,473,no,14,-1250
2025-05-19T16:05:32.861953,KXBTCD-25MAY1920-T105499.99,DELTA,79,1000,80,80,474,no,13,-2000
2025-05-19T16:05:32.894347,KXBTCD-25MAY1920-T105499.99,DELTA,79,1000,80,80,475,no,13,1250
2025-05-19T16:05:32.933002,KXBTCD-25MAY1920-T105499.99,DELTA,79,1000,80,80,476,no,12,2000
2025-05-19T16:05:32.972909,KXBTCD-25MAY1920-T105499.99,DELTA,79,1000,80,80,477,yes,6,-5400
2025-05-19T16:05:32.973217,KXBTCD-25MAY1920-T105499.99,DELTA,79,1000,80,80,478,yes,8,4050
2025-05-19T16:05:33.015205,KXBTCD-25MAY1920-T105499.99,DELTA,79,1000,80,80,479,no,4,-8100
2025-05-19T16:05:33.016070,KXBTCD-25MAY1920-T105499.99,DELTA,79,1000,80,80,480,no,6,5400
2025-05-19T16:05:33.034585,KXBTCD-25MAY1920-T105499.99,DELTA,79,1000,80,80,481,yes,7,-20000
2025-05-19T16:05:33.076053,KXBTCD-25MAY1920-T105499.99,DELTA,79,1000,80,80,482,no,5,-20000
2025-05-19T16:05:33.076837,KXBTCD-25MAY1920-T105499.99,DELTA,79,1000,80,80,483,yes,9,20000
2025-05-19T16:05:33.077183,KXBTCD-25MAY1920-T105499.99,DELTA,79,1000,80,30,484,no,20,-50
2025-05-19T16:05:33.077380,KXBTCD-25MAY1920-T105499.99,DELTA,79,1000,80,30,485,no,18,50
2025-05-19T16:05:33.077672,KXBTCD-25MAY1920-T105499.99,DELTA,79,1000,80,30,486,yes,78,-50
2025-05-19T16:05:33.077953,KXBTCD-25MAY1920-T105499.99,DELTA,79,1050,80,30,487,yes,79,50
2025-05-19T16:05:33.168361,KXBTCD-25MAY1920-T105499.99,DELTA,79,1050,80,30,488,no,7,20000
2025-05-19T16:05:33.295136,KXBTCD-25MAY1920-T105499.99,DELTA,79,1050,80,30,489,no,18,-50
2025-05-19T16:05:33.295510,KXBTCD-25MAY1920-T105499.99,DELTA,79,1050,80,30,490,no,17,50
2025-05-19T16:05:33.492252,KXBTCD-25MAY1920-T105499.99,DELTA,79,1050,80,30,491,yes,78,100
2025-05-19T16:05:33.492831,KXBTCD-25MAY1920-T105499.99,DELTA,79,1050,80,30,492,no,14,100
2025-05-19T16:05:33.536440,KXBTCD-25MAY1920-T105499.99,DELTA,79,1050,80,30,493,no,4,250
2025-05-19T16:05:33.536930,KXBTCD-25MAY1920-T105499.99,DELTA,79,1050,80,30,494,no,14,-250
2025-05-19T16:05:33.572402,KXBTCD-25MAY1920-T105499.99,DELTA,79,1050,80,30,495,no,12,-2000
2025-05-19T16:05:33.592619,KXBTCD-25MAY1920-T105499.99,DELTA,79,1050,80,30,496,no,15,-1000
2025-05-19T16:05:33.593096,KXBTCD-25MAY1920-T105499.99,DELTA,79,1050,80,30,497,no,13,-1250
2025-05-19T16:05:33.593298,KXBTCD-25MAY1920-T105499.99,DELTA,79,1050,80,30,498,yes,75,14
2025-05-19T16:05:33.613856,KXBTCD-25MAY1920-T105499.99,DELTA,79,1050,80,30,499,yes,74,-14
2025-05-19T16:05:33.614106,KXBTCD-25MAY1920-T105499.99,DELTA,79,1050,80,30,500,no,2,-3000
2025-05-19T16:05:33.614241,KXBTCD-25MAY1920-T105499.99,DELTA,79,1050,80,30,501,yes,73,30
2025-05-19T16:05:33.614438,KXBTCD-25MAY1920-T105499.99,DELTA,79,1050,80,30,502,no,18,14
2025-05-19T16:05:33.614563,KXBTCD-25MAY1920-T105499.99,DELTA,79,1050,80,30,503,yes,71,-30
2025-05-19T16:05:33.614688,KXBTCD-25MAY1920-T105499.99,DELTA,79,1050,80,30,504,no,18,30
2025-05-19T16:05:33.614802,KXBTCD-25MAY1920-T105499.99,DELTA,79,1050,81,14,505,no,20,-30
2025-05-19T16:05:33.614913,KXBTCD-25MAY1920-T105499.99,DELTA,79,1050,82,44,506,no,19,-14
2025-05-19T16:05:33.683885,KXBTCD-25MAY1920-T105499.99,DELTA,79,1050,82,44,507,no,12,-250
2025-05-19T16:05:33.684651,KXBTCD-25MAY1920-T105499.99,DELTA,79,1050,82,44,508,no,2,250
2025-05-19T16:05:33.749135,KXBTCD-25MAY1920-T105499.99,DELTA,79,1000,82,44,509,yes,79,-50
2025-05-19T16:05:33.750016,KXBTCD-25MAY1920-T105499.99,DELTA,80,50,82,44,510,yes,80,50
2025-05-19T16:05:33.791667,KXBTCD-25MAY1920-T105499.99,DELTA,80,50,82,44,511,no,14,1000
2025-05-19T16:05:33.792392,KXBTCD-25MAY1920-T105499.99,DELTA,80,50,82,44,512,no,12,1250
2025-05-19T16:05:33.812115,KXBTCD-25MAY1920-T105499.99,DELTA,80,50,82,44,513,no,11,2000
2025-05-19T16:05:33.812559,KXBTCD-25MAY1920-T105499.99,DELTA,80,50,82,44,514,no,1,3000
2025-05-19T16:05:33.862653,KXBTCD-25MAY1920-T105499.99,DELTA,80,50,82,44,515,yes,79,-1000
2025-05-19T16:05:33.863311,KXBTCD-25MAY1920-T105499.99,DELTA,80,50,82,44,516,no,12,-1250
2025-05-19T16:05:33.914811,KXBTCD-25MAY1920-T105499.99,DELTA,81,1000,82,44,517,yes,81,1000
2025-05-19T16:05:33.915449,KXBTCD-25MAY1920-T105499.99,DELTA,81,1000,82,44,518,no,11,1250
2025-05-19T16:05:33.943156,KXBTCD-25MAY1920-T105499.99,DELTA,81,1000,82,44,519,no,12,250
2025-05-19T16:05:33.956649,KXBTCD-25MAY1920-T105499.99,DELTA,81,1000,82,44,520,no,2,-250
2025-05-19T16:05:34.033356,KXBTCD-25MAY1920-T105499.99,DELTA,81,1000,82,44,521,no,11,-1250
2025-05-19T16:05:34.034084,KXBTCD-25MAY1920-T105499.99,DELTA,81,1000,82,44,522,no,16,-9
2025-05-19T16:05:34.056497,KXBTCD-25MAY1920-T105499.99,DELTA,81,1000,82,44,523,yes,8,-4050
2025-05-19T16:05:34.057165,KXBTCD-25MAY1920-T105499.99,DELTA,81,1000,82,44,524,yes,10,3240
2025-05-19T16:05:34.073527,KXBTCD-25MAY1920-T105499.99,DELTA,81,1000,82,44,525,no,12,1250
2025-05-19T16:05:34.092642,KXBTCD-25MAY1920-T105499.99,DELTA,81,1000,82,44,526,no,17,-50
2025-05-19T16:05:34.093001,KXBTCD-25MAY1920-T105499.99,DELTA,81,1000,82,44,527,no,15,50
2025-05-19T16:05:34.093184,KXBTCD-25MAY1920-T105499.99,DELTA,81,1000,82,44,528,no,6,-5400
2025-05-19T16:05:34.093345,KXBTCD-25MAY1920-T105499.99,DELTA,81,1000,82,44,529,no,3,10800
2025-05-19T16:05:34.112132,KXBTCD-25MAY1920-T105499.99,DELTA,81,1000,82,44,530,yes,9,-20000
2025-05-19T16:05:34.153199,KXBTCD-25MAY1920-T105499.99,DELTA,81,1000,82,44,531,yes,11,20000
2025-05-19T16:05:34.212801,KXBTCD-25MAY1920-T105499.99,DELTA,81,1000,82,44,532,no,7,-20000
2025-05-19T16:05:34.254538,KXBTCD-25MAY1920-T105499.99,DELTA,81,1000,82,44,533,yes,72,250
2025-05-19T16:05:34.255298,KXBTCD-25MAY1920-T105499.99,DELTA,81,1000,82,44,534,yes,62,-250
2025-05-19T16:05:34.255728,KXBTCD-25MAY1920-T105499.99,DELTA,81,1000,82,44,535,no,4,20000
2025-05-19T16:05:34.353055,KXBTCD-25MAY1920-T105499.99,DELTA,81,1000,82,44,536,yes,71,-2000
2025-05-19T16:05:34.353514,KXBTCD-25MAY1920-T105499.99,DELTA,81,1000,82,44,537,yes,71,-1250
2025-05-19T16:05:34.413805,KXBTCD-25MAY1920-T105499.99,DELTA,81,1000,82,44,538,yes,73,1250
2025-05-19T16:05:34.414218,KXBTCD-25MAY1920-T105499.99,DELTA,81,1000,82,44,539,yes,73,2000
2025-05-19T16:05:34.533311,KXBTCD-25MAY1920-T105499.99,DELTA,81,1000,82,44,540,yes,79,30
2025-05-19T16:05:34.533769,KXBTCD-25MAY1920-T105499.99,DELTA,81,1000,82,44,541,yes,73,-30
2025-05-19T16:05:34.552347,KXBTCD-25MAY1920-T105499.99,DELTA,81,1000,82,14,542,no,18,-30
2025-05-19T16:05:34.552610,KXBTCD-25MAY1920-T105499.99,DELTA,81,1000,82,14,543,no,12,30
2025-05-19T16:05:34.552759,KXBTCD-25MAY1920-T105499.99,DELTA,81,1000,82,14,544,no,11,14
2025-05-19T16:05:34.572290,KXBTCD-25MAY1920-T105499.99,DELTA,81,1000,82,14,545,yes,75,-14
2025-05-19T16:05:34.595781,KXBTCD-25MAY1920-T105499.99,DELTA,81,1000,85,50,546,no,18,-14
2025-05-19T16:05:34.672874,KXBTCD-25MAY1920-T105499.99,DELTA,81,1000,85,50,547,yes,80,-50
2025-05-19T16:05:34.673507,KXBTCD-25MAY1920-T105499.99,DELTA,81,1050,85,50,548,yes,81,50
2025-05-19T16:05:34.794159,KXBTCD-25MAY1920-T105499.99,DELTA,81,1050,85,50,549,no,12,-1250
2025-05-19T16:05:34.833807,KXBTCD-25MAY1920-T105499.99,DELTA,81,1050,85,50,550,no,11,1250
2025-05-19T16:05:34.992746,KXBTCD-25MAY1920-T105499.99,DELTA,81,1050,85,50,551,no,14,-100
2025-05-19T16:05:35.011949,KXBTCD-25MAY1920-T105499.99,DELTA,81,1050,85,50,552,yes,78,-100
2025-05-19T16:05:35.075096,KXBTCD-25MAY1920-T105499.99,DELTA,81,1050,85,50,553,no,14,-1000
2025-05-19T16:05:35.132681,KXBTCD-25MAY1920-T105499.99,DELTA,81,1050,85,50,554,no,13,1000
2025-05-19T16:05:35.133044,KXBTCD-25MAY1920-T105499.99,DELTA,81,1050,87,1000,555,no,15,-50
2025-05-19T16:05:35.133226,KXBTCD-25MAY1920-T105499.99,DELTA,81,1050,87,1050,556,no,13,50
2025-05-19T16:05:35.191912,KXBTCD-25MAY1920-T105499.99,DELTA,81,1050,87,50,557,no,13,-1000
2025-05-19T16:05:35.192318,KXBTCD-25MAY1920-T105499.99,DELTA,81,1050,88,280,558,no,13,-50
2025-05-19T16:05:35.192509,KXBTCD-25MAY1920-T105499.99,DELTA,81,1050,86,50,559,no,14,50
2025-05-19T16:05:35.233444,KXBTCD-25MAY1920-T105499.99,DELTA,81,1050,86,1050,560,no,14,1000
2025-05-19T16:05:35.252447,KXBTCD-25MAY1920-T105499.99,DELTA,81,1050,86,1050,561,yes,10,-3240
2025-05-19T16:05:35.252946,KXBTCD-25MAY1920-T105499.99,DELTA,81,1050,86,1050,562,yes,12,2700
2025-05-19T16:05:35.272194,KXBTCD-25MAY1920-T105499.99,DELTA,81,1050,86,1000,563,no,14,-50
2025-05-19T16:05:35.272467,KXBTCD-25MAY1920-T105499.99,DELTA,81,1050,86,1000,564,no,13,50
2025-05-19T16:05:35.312767,KXBTCD-25MAY1920-T105499.99,DELTA,81,1050,86,1000,565,yes,11,-20000
2025-05-19T16:05:35.332337,KXBTCD-25MAY1920-T105499.99,DELTA,81,1050,86,1000,566,no,13,-50
2025-05-19T16:05:35.332553,KXBTCD-25MAY1920-T105499.99,DELTA,81,1050,85,50,567,no,15,50
2025-05-19T16:05:35.393004,KXBTCD-25MAY1920-T105499.99,DELTA,81,1050,85,50,568,no,14,-1000
2025-05-19T16:05:35.452999,KXBTCD-25MAY1920-T105499.99,DELTA,81,1050,85,50,569,no,13,1000
2025-05-19T16:05:35.474510,KXBTCD-25MAY1920-T105499.99,DELTA,81,1050,87,1000,570,no,15,-50
2025-05-19T16:05:35.474966,KXBTCD-25MAY1920-T105499.99,DELTA,81,1050,87,1050,571,no,13,50
2025-05-19T16:05:35.513315,KXBTCD-25MAY1920-T105499.99,DELTA,81,1050,87,1000,572,no,13,-50
2025-05-19T16:05:35.513698,KXBTCD-25MAY1920-T105499.99,DELTA,81,1050,84,50,573,no,16,50
2025-05-19T16:05:35.554458,KXBTCD-25MAY1920-T105499.99,DELTA,81,1050,84,50,574,no,13,-1000
2025-05-19T16:05:35.602815,KXBTCD-25MAY1920-T105499.99,DELTA,81,1050,84,50,575,no,13,1000
2025-05-19T16:05:35.673870,KXBTCD-25MAY1920-T105499.99,DELTA,81,1050,87,1000,576,no,16,-50
2025-05-19T16:05:35.674585,KXBTCD-25MAY1920-T105499.99,DELTA,81,1050,86,50,577,no,14,50
2025-05-19T16:05:35.813099,KXBTCD-25MAY1920-T105499.99,DELTA,81,1050,86,50,578,no,13,-1000
2025-05-19T16:05:35.851886,KXBTCD-25MAY1920-T105499.99,DELTA,81,1050,86,1050,579,no,14,1000
2025-05-19T16:05:35.874141,KXBTCD-25MAY1920-T105499.99,DELTA,81,1050,86,1000,580,no,14,-50
2025-05-19T16:05:35.874513,KXBTCD-25MAY1920-T105499.99,DELTA,81,1050,86,1000,581,no,13,50
2025-05-19T16:05:35.953672,KXBTCD-25MAY1920-T105499.99,DELTA,81,1050,86,1000,582,no,13,-50
2025-05-19T16:05:35.954482,KXBTCD-25MAY1920-T105499.99,DELTA,81,1050,85,50,583,no,15,50
2025-05-19T16:05:36.033417,KXBTCD-25MAY1920-T105499.99,DELTA,81,1050,85,50,584,no,14,-1000
2025-05-19T16:05:36.087346,KXBTCD-25MAY1920-T105499.99,DELTA,81,1050,85,50,585,no,13,1000
2025-05-19T16:05:36.087896,KXBTCD-25MAY1920-T105499.99,DELTA,81,1050,87,1000,586,no,15,-50
2025-05-19T16:05:36.088228,KXBTCD-25MAY1920-T105499.99,DELTA,81,1050,87,1050,587,no,13,50
2025-05-19T16:05:36.190536,KXBTCD-25MAY1920-T105499.99,DELTA,81,1050,87,50,588,no,13,-1000
2025-05-19T16:05:36.191458,KXBTCD-25MAY1920-T105499.99,DELTA,81,1050,88,280,589,no,13,-50
2025-05-19T16:05:36.191977,KXBTCD-25MAY1920-T105499.99,DELTA,81,1050,86,50,590,no,14,50
2025-05-19T16:05:36.192436,KXBTCD-25MAY1920-T105499.99,DELTA,81,1050,86,1050,591,no,14,1000
2025-05-19T16:05:36.212391,KXBTCD-25MAY1920-T105499.99,DELTA,81,1050,86,1000,592,no,14,-50
2025-05-19T16:05:36.213082,KXBTCD-25MAY1920-T105499.99,DELTA,81,1050,86,1000,593,no,13,50
2025-05-19T16:05:36.261729,KXBTCD-25MAY1920-T105499.99,DELTA,81,1050,86,1000,594,no,13,-50
2025-05-19T16:05:36.262075,KXBTCD-25MAY1920-T105499.99,DELTA,81,1050,85,50,595,no,15,50
2025-05-19T16:05:36.312472,KXBTCD-25MAY1920-T105499.99,DELTA,81,1050,85,50,596,no,14,-1000
2025-05-19T16:05:36.332240,KXBTCD-25MAY1920-T105499.99,DELTA,81,1050,85,50,597,yes,12,-2700
2025-05-19T16:05:36.332697,KXBTCD-25MAY1920-T105499.99,DELTA,81,1050,85,50,598,yes,4,8100
2025-05-19T16:05:36.352882,KXBTCD-25MAY1920-T105499.99,DELTA,81,1050,85,50,599,no,13,1000
2025-05-19T16:05:36.392083,KXBTCD-25MAY1920-T105499.99,DELTA,81,1050,87,1000,600,no,15,-50
2025-05-19T16:05:36.392412,KXBTCD-25MAY1920-T105499.99,DELTA,81,1050,87,1050,601,no,13,50
2025-05-19T16:05:36.413592,KXBTCD-25MAY1920-T105499.99,DELTA,81,1050,87,1050,602,yes,5,20000
2025-05-19T16:05:36.453217,KXBTCD-25MAY1920-T105499.99,DELTA,81,1050,87,50,603,no,13,-1000
2025-05-19T16:05:36.472533,KXBTCD-25MAY1920-T105499.99,DELTA,81,1050,88,280,604,no,13,-50
2025-05-19T16:05:36.472741,KXBTCD-25MAY1920-T105499.99,DELTA,81,1050,86,50,605,no,14,50
2025-05-19T16:05:36.493787,KXBTCD-25MAY1920-T105499.99,DELTA,81,1050,86,1050,606,no,14,1000
2025-05-19T16:05:36.515129,KXBTCD-25MAY1920-T105499.99,DELTA,81,1050,86,1000,607,no,14,-50
2025-05-19T16:05:36.515495,KXBTCD-25MAY1920-T105499.99,DELTA,81,1050,86,1000,608,no,13,50
2025-05-19T16:05:36.594354,KXBTCD-25MAY1920-T105499.99,DELTA,81,1050,86,1000,609,no,13,-50
2025-05-19T16:05:36.595020,KXBTCD-25MAY1920-T105499.99,DELTA,81,1050,85,50,610,no,15,50
2025-05-19T16:05:36.614478,KXBTCD-25MAY1920-T105499.99,DELTA,81,50,85,50,611,yes,81,-1000
2025-05-19T16:05:36.615305,KXBTCD-25MAY1920-T105499.99,DELTA,81,50,85,50,612,no,11,-2000
2025-05-19T16:05:36.632980,KXBTCD-25MAY1920-T105499.99,DELTA,81,50,85,50,613,no,14,-1000
2025-05-19T16:05:36.633805,KXBTCD-25MAY1920-T105499.99,DELTA,81,50,85,50,614,no,1,-3000
2025-05-19T16:05:36.694457,KXBTCD-25MAY1920-T105499.99,DELTA,81,50,88,280,615,no,15,-50
2025-05-19T16:05:36.694838,KXBTCD-25MAY1920-T105499.99,DELTA,81,50,87,50,616,no,13,50
2025-05-19T16:05:36.721032,KXBTCD-25MAY1920-T105499.99,DELTA,81,50,87,50,617,no,10,2000
2025-05-19T16:05:36.721218,KXBTCD-25MAY1920-T105499.99,DELTA,82,1000,87,50,618,yes,82,1000
2025-05-19T16:05:36.731972,KXBTCD-25MAY1920-T105499.99,DELTA,82,1000,87,1050,619,no,13,1000
2025-05-19T16:05:36.796630,KXBTCD-25MAY1920-T105499.99,DELTA,82,1000,87,1000,620,no,13,-50
2025-05-19T16:05:36.796938,KXBTCD-25MAY1920-T105499.99,DELTA,82,1000,86,50,621,no,14,50
2025-05-19T16:05:36.914817,KXBTCD-25MAY1920-T105499.99,DELTA,82,1000,86,50,622,no,11,-14
2025-05-19T16:05:36.915115,KXBTCD-25MAY1920-T105499.99,DELTA,82,1000,86,50,623,yes,79,-30
2025-05-19T16:05:36.915522,KXBTCD-25MAY1920-T105499.99,DELTA,82,1000,86,50,624,yes,79,14
2025-05-19T16:05:36.915607,KXBTCD-25MAY1920-T105499.99,DELTA,82,1000,86,50,625,yes,76,30
2025-05-19T16:05:36.915674,KXBTCD-25MAY1920-T105499.99,DELTA,82,1000,86,50,626,no,12,-30
2025-05-19T16:05:36.932968,KXBTCD-25MAY1920-T105499.99,DELTA,82,1000,85,14,627,no,15,14
2025-05-19T16:05:36.933152,KXBTCD-25MAY1920-T105499.99,DELTA,82,1000,85,44,628,no,15,30
2025-05-19T16:05:37.473838,KXBTCD-25MAY1920-T105499.99,DELTA,82,1000,85,44,629,no,11,100
2025-05-19T16:05:37.495008,KXBTCD-25MAY1920-T105499.99,DELTA,82,1000,85,44,630,yes,81,100
2025-05-19T16:05:38.333614,KXBTCD-25MAY1920-T105499.99,DELTA,82,1000,85,44,631,yes,77,20
2025-05-19T16:05:38.393547,KXBTCD-25MAY1920-T105499.99,DELTA,82,1000,85,44,632,no,12,-250
2025-05-19T16:05:38.412607,KXBTCD-25MAY1920-T105499.99,DELTA,82,1000,85,44,633,no,10,-250
2025-05-19T16:05:38.413201,KXBTCD-25MAY1920-T105499.99,DELTA,82,1000,85,44,634,no,2,250
2025-05-19T16:05:38.433277,KXBTCD-25MAY1920-T105499.99,DELTA,82,1000,85,44,635,yes,5,-20000
2025-05-19T16:05:38.433535,KXBTCD-25MAY1920-T105499.99,DELTA,82,1000,85,44,636,yes,73,-2000
2025-05-19T16:05:38.433821,KXBTCD-25MAY1920-T105499.99,DELTA,81,150,85,44,637,yes,82,-1000
2025-05-19T16:05:38.434236,KXBTCD-25MAY1920-T105499.99,DELTA,81,150,85,44,638,no,11,-1250
2025-05-19T16:05:38.434371,KXBTCD-25MAY1920-T105499.99,DELTA,81,150,85,44,639,yes,73,-1250
2025-05-19T16:05:38.434490,KXBTCD-25MAY1920-T105499.99,DELTA,81,150,85,44,640,no,4,-20000
2025-05-19T16:05:38.434608,KXBTCD-25MAY1920-T105499.99,DELTA,81,150,85,44,641,no,10,-2000
2025-05-19T16:05:38.435138,KXBTCD-25MAY1920-T105499.99,DELTA,81,150,85,44,642,no,13,-1000
2025-05-19T16:05:38.435422,KXBTCD-25MAY1920-T105499.99,DELTA,81,150,85,44,643,yes,79,-14
2025-05-19T16:05:38.435538,KXBTCD-25MAY1920-T105499.99,DELTA,81,150,85,44,644,yes,76,-30
2025-05-19T16:05:38.435650,KXBTCD-25MAY1920-T105499.99,DELTA,81,150,85,44,645,yes,80,14
2025-05-19T16:05:38.435765,KXBTCD-25MAY1920-T105499.99,DELTA,81,150,85,30,646,no,15,-14
2025-05-19T16:05:38.452897,KXBTCD-25MAY1920-T105499.99,DELTA,81,150,86,50,647,no,15,-30
2025-05-19T16:05:38.453152,KXBTCD-25MAY1920-T105499.99,DELTA,81,150,86,50,648,no,13,14
2025-05-19T16:05:38.453422,KXBTCD-25MAY1920-T105499.99,DELTA,81,150,86,50,649,yes,77,30
2025-05-19T16:05:38.472757,KXBTCD-25MAY1920-T105499.99,DELTA,81,150,86,50,650,no,13,30
2025-05-19T16:05:38.493145,KXBTCD-25MAY1920-T105499.99,DELTA,81,150,86,50,651,yes,62,250
2025-05-19T16:05:38.493826,KXBTCD-25MAY1920-T105499.99,DELTA,81,150,87,44,652,no,14,-50
2025-05-19T16:05:38.494062,KXBTCD-25MAY1920-T105499.99,DELTA,81,150,87,44,653,no,12,50
2025-05-19T16:05:38.512468,KXBTCD-25MAY1920-T105499.99,DELTA,81,150,87,44,654,yes,72,-250
2025-05-19T16:05:38.512864,KXBTCD-25MAY1920-T105499.99,DELTA,81,150,87,44,655,no,8,-250
2025-05-19T16:05:38.973745,KXBTCD-25MAY1920-T105499.99,DELTA,81,150,87,44,656,no,7,1250
2025-05-19T16:05:38.974701,KXBTCD-25MAY1920-T105499.99,DELTA,81,150,87,44,657,no,7,2000
2025-05-19T16:05:38.975169,KXBTCD-25MAY1920-T105499.99,DELTA,81,150,87,44,658,no,11,1000
2025-05-19T16:05:39.153493,KXBTCD-25MAY1920-T105499.99,DELTA,81,2150,87,44,659,yes,81,2000
2025-05-19T16:05:39.154532,KXBTCD-25MAY1920-T105499.99,DELTA,81,2150,87,44,660,yes,74,250
2025-05-19T16:05:39.173034,KXBTCD-25MAY1920-T105499.99,DELTA,81,2150,87,44,661,yes,64,-250
2025-05-19T16:05:39.212233,KXBTCD-25MAY1920-T105499.99,DELTA,81,2150,87,44,662,yes,72,250
2025-05-19T16:05:39.212718,KXBTCD-25MAY1920-T105499.99,DELTA,81,2150,87,44,663,no,8,250
2025-05-19T16:05:39.212908,KXBTCD-25MAY1920-T105499.99,DELTA,81,2150,87,44,664,yes,62,-250
2025-05-19T16:05:39.232220,KXBTCD-25MAY1920-T105499.99,DELTA,81,2150,87,44,665,no,11,-1000
2025-05-19T16:05:39.232602,KXBTCD-25MAY1920-T105499.99,DELTA,81,150,87,44,666,yes,81,-2000
2025-05-19T16:05:39.313276,KXBTCD-25MAY1920-T105499.99,DELTA,81,150,87,44,667,no,7,-2000
2025-05-19T16:05:39.332432,KXBTCD-25MAY1920-T105499.99,DELTA,81,150,87,44,668,no,7,-1250
2025-05-19T16:05:39.352513,KXBTCD-25MAY1920-T105499.99,DELTA,81,50,87,44,669,yes,81,-100
2025-05-19T16:05:39.352802,KXBTCD-25MAY1920-T105499.99,DELTA,81,50,87,44,670,no,11,-100
2025-05-19T16:05:39.431696,KXBTCD-25MAY1920-T105499.99,DELTA,81,50,87,44,671,no,12,-50
2025-05-19T16:05:39.432016,KXBTCD-25MAY1920-T105499.99,DELTA,81,50,87,44,672,no,9,50
2025-05-19T16:05:39.452684,KXBTCD-25MAY1920-T105499.99,DELTA,81,50,87,44,673,no,12,1000
2025-05-19T16:05:39.492696,KXBTCD-25MAY1920-T105499.99,DELTA,81,50,87,44,674,no,9,2000
2025-05-19T16:05:39.493399,KXBTCD-25MAY1920-T105499.99,DELTA,81,50,87,44,675,no,9,1250
2025-05-19T16:05:39.512933,KXBTCD-25MAY1920-T105499.99,DELTA,81,50,87,44,676,no,9,-50
2025-05-19T16:05:39.513180,KXBTCD-25MAY1920-T105499.99,DELTA,81,50,87,94,677,no,13,50
2025-05-19T16:05:39.552821,KXBTCD-25MAY1920-T105499.99,DELTA,81,50,87,94,678,yes,75,2000
2025-05-19T16:05:39.553092,KXBTCD-25MAY1920-T105499.99,DELTA,81,50,87,94,679,yes,75,1250
2025-05-19T16:05:39.553248,KXBTCD-25MAY1920-T105499.99,DELTA,81,50,87,94,680,no,12,-1000
2025-05-19T16:05:39.612692,KXBTCD-25MAY1920-T105499.99,DELTA,81,50,87,94,681,no,9,1000
2025-05-19T16:05:39.613282,KXBTCD-25MAY1920-T105499.99,DELTA,81,50,87,44,682,no,13,-50
2025-05-19T16:05:39.613730,KXBTCD-25MAY1920-T105499.99,DELTA,81,50,87,44,683,no,10,50
2025-05-19T16:05:39.673294,KXBTCD-25MAY1920-T105499.99,DELTA,80,14,87,44,684,yes,81,-50
2025-05-19T16:05:39.674076,KXBTCD-25MAY1920-T105499.99,DELTA,80,14,87,44,685,yes,78,50
2025-05-19T16:05:39.733371,KXBTCD-25MAY1920-T105499.99,DELTA,80,14,87,44,686,yes,66,-250
2025-05-19T16:05:39.734110,KXBTCD-25MAY1920-T105499.99,DELTA,80,14,87,44,687,no,9,-1000
2025-05-19T16:05:39.752595,KXBTCD-25MAY1920-T105499.99,DELTA,80,14,87,44,688,yes,76,250
2025-05-19T16:05:39.892605,KXBTCD-25MAY1920-T105499.99,DELTA,80,14,87,44,689,no,11,1000
2025-05-19T16:05:39.911915,KXBTCD-25MAY1920-T105499.99,DELTA,80,14,87,44,690,yes,75,-2000
2025-05-19T16:05:39.936273,KXBTCD-25MAY1920-T105499.99,DELTA,80,14,87,44,691,yes,75,-1250
2025-05-19T16:05:39.973137,KXBTCD-25MAY1920-T105499.99,DELTA,80,14,87,44,692,no,10,-50
2025-05-19T16:05:39.973835,KXBTCD-25MAY1920-T105499.99,DELTA,80,14,87,44,693,no,12,50
2025-05-19T16:05:40.013218,KXBTCD-25MAY1920-T105499.99,DELTA,80,14,87,44,694,yes,66,250
2025-05-19T16:05:40.013910,KXBTCD-25MAY1920-T105499.99,DELTA,80,14,87,44,695,yes,76,-250
2025-05-19T16:05:40.053699,KXBTCD-25MAY1920-T105499.99,DELTA,80,14,87,44,696,no,11,-1000
2025-05-19T16:05:40.093028,KXBTCD-25MAY1920-T105499.99,DELTA,80,14,87,44,697,no,12,1000
2025-05-19T16:05:40.133351,KXBTCD-25MAY1920-T105499.99,DELTA,80,14,87,44,698,no,12,-50
2025-05-19T16:05:40.133945,KXBTCD-25MAY1920-T105499.99,DELTA,80,14,87,44,699,no,10,50
2025-05-19T16:05:40.134196,KXBTCD-25MAY1920-T105499.99,DELTA,80,14,87,44,700,yes,64,250
2025-05-19T16:05:40.134393,KXBTCD-25MAY1920-T105499.99,DELTA,80,14,87,44,701,yes,74,-250
2025-05-19T16:05:40.173222,KXBTCD-25MAY1920-T105499.99,DELTA,80,14,87,44,702,yes,75,2000
2025-05-19T16:05:40.193544,KXBTCD-25MAY1920-T105499.99,DELTA,80,14,87,44,703,yes,75,1250
2025-05-19T16:05:40.193829,KXBTCD-25MAY1920-T105499.99,DELTA,80,14,87,44,704,yes,79,1000
2025-05-19T16:05:40.212880,KXBTCD-25MAY1920-T105499.99,DELTA,80,14,87,44,705,no,10,-50
2025-05-19T16:05:40.213092,KXBTCD-25MAY1920-T105499.99,DELTA,80,14,87,94,706,no,13,50
2025-05-19T16:05:40.232153,KXBTCD-25MAY1920-T105499.99,DELTA,80,14,87,94,707,no,12,-1000
2025-05-19T16:05:40.232379,KXBTCD-25MAY1920-T105499.99,DELTA,80,14,87,94,708,yes,75,-2000
2025-05-19T16:05:40.272916,KXBTCD-25MAY1920-T105499.99,DELTA,80,14,87,94,709,yes,75,-1250
2025-05-19T16:05:40.291761,KXBTCD-25MAY1920-T105499.99,DELTA,80,14,87,44,710,no,13,-50
2025-05-19T16:05:40.292080,KXBTCD-25MAY1920-T105499.99,DELTA,80,14,87,44,711,no,10,50
2025-05-19T16:05:40.334277,KXBTCD-25MAY1920-T105499.99,DELTA,80,14,87,44,712,yes,73,2000
2025-05-19T16:05:40.334575,KXBTCD-25MAY1920-T105499.99,DELTA,80,14,87,44,713,no,9,1000
2025-05-19T16:05:40.334665,KXBTCD-25MAY1920-T105499.99,DELTA,80,14,87,44,714,no,9,100
2025-05-19T16:05:40.334740,KXBTCD-25MAY1920-T105499.99,DELTA,83,100,87,44,715,yes,83,100
2025-05-19T16:05:40.352399,KXBTCD-25MAY1920-T105499.99,DELTA,83,100,87,44,716,yes,73,1250
2025-05-19T16:05:40.372572,KXBTCD-25MAY1920-T105499.99,DELTA,83,100,87,44,717,no,9,-1000
2025-05-19T16:05:40.392168,KXBTCD-25MAY1920-T105499.99,DELTA,83,100,87,44,718,yes,74,250
2025-05-19T16:05:40.392581,KXBTCD-25MAY1920-T105499.99,DELTA,83,100,87,44,719,yes,64,-250
2025-05-19T16:05:40.412187,KXBTCD-25MAY1920-T105499.99,DELTA,83,100,87,44,720,yes,79,-1000
2025-05-19T16:05:40.433043,KXBTCD-25MAY1920-T105499.99,DELTA,83,100,87,44,721,no,11,1000
2025-05-19T16:05:40.471432,KXBTCD-25MAY1920-T105499.99,DELTA,83,1100,87,44,722,yes,83,1000
2025-05-19T16:05:40.471694,KXBTCD-25MAY1920-T105499.99,DELTA,83,1100,87,44,723,yes,73,-2000
2025-05-19T16:05:40.471773,KXBTCD-25MAY1920-T105499.99,DELTA,83,1100,87,44,724,yes,73,-1250
2025-05-19T16:05:40.492164,KXBTCD-25MAY1920-T105499.99,DELTA,83,1100,87,44,725,no,10,-50
2025-05-19T16:05:40.492365,KXBTCD-25MAY1920-T105499.99,DELTA,83,1100,87,44,726,no,12,50
2025-05-19T16:05:40.532142,KXBTCD-25MAY1920-T105499.99,DELTA,83,1100,87,44,727,yes,75,1250
2025-05-19T16:05:40.532399,KXBTCD-25MAY1920-T105499.99,DELTA,83,1100,87,44,728,yes,75,2000
2025-05-19T16:05:40.572504,KXBTCD-25MAY1920-T105499.99,DELTA,83,1100,87,44,729,no,11,-1000
2025-05-19T16:05:40.612222,KXBTCD-25MAY1920-T105499.99,DELTA,83,1100,87,44,730,no,12,1000
2025-05-19T16:05:40.632473,KXBTCD-25MAY1920-T105499.99,DELTA,83,1100,87,44,731,no,12,-50
2025-05-19T16:05:40.632757,KXBTCD-25MAY1920-T105499.99,DELTA,83,1100,87,44,732,no,10,50
2025-05-19T16:05:40.692806,KXBTCD-25MAY1920-T105499.99,DELTA,83,1100,87,44,733,no,10,-50
2025-05-19T16:05:40.693127,KXBTCD-25MAY1920-T105499.99,DELTA,83,1100,87,94,734,no,13,50
2025-05-19T16:05:40.713092,KXBTCD-25MAY1920-T105499.99,DELTA,83,1100,87,94,735,no,12,-1000
2025-05-19T16:05:40.772599,KXBTCD-25MAY1920-T105499.99,DELTA,83,1100,87,44,736,no,13,-50
2025-05-19T16:05:40.772903,KXBTCD-25MAY1920-T105499.99,DELTA,83,1100,87,44,737,no,10,50
2025-05-19T16:05:40.832315,KXBTCD-25MAY1920-T105499.99,DELTA,83,1100,87,44,738,no,10,1000
2025-05-19T16:05:40.873392,KXBTCD-25MAY1920-T105499.99,DELTA,83,1100,87,44,739,no,10,-1000
2025-05-19T16:05:40.933012,KXBTCD-25MAY1920-T105499.99,DELTA,83,1100,87,44,740,no,11,1000
2025-05-19T16:05:41.013362,KXBTCD-25MAY1920-T105499.99,DELTA,83,1100,87,44,741,no,10,-50
2025-05-19T16:05:41.013658,KXBTCD-25MAY1920-T105499.99,DELTA,83,1100,87,44,742,no,12,50
2025-05-19T16:05:41.094668,KXBTCD-25MAY1920-T105499.99,DELTA,83,1100,87,44,743,no,11,-1000
2025-05-19T16:05:41.095180,KXBTCD-25MAY1920-T105499.99,DELTA,83,1100,87,44,744,yes,78,-50
2025-05-19T16:05:41.095339,KXBTCD-25MAY1920-T105499.99,DELTA,83,1100,87,44,745,yes,82,50
2025-05-19T16:05:41.134970,KXBTCD-25MAY1920-T105499.99,DELTA,83,1100,87,44,746,no,10,250
2025-05-19T16:05:41.135247,KXBTCD-25MAY1920-T105499.99,DELTA,83,100,87,44,747,yes,83,-1000
2025-05-19T16:05:41.155868,KXBTCD-25MAY1920-T105499.99,DELTA,83,100,87,1044,748,no,13,1000
2025-05-19T16:05:41.173022,KXBTCD-25MAY1920-T105499.99,DELTA,83,100,87,1044,749,no,12,-50
2025-05-19T16:05:41.173314,KXBTCD-25MAY1920-T105499.99,DELTA,83,100,87,1044,750,no,10,50
2025-05-19T16:05:41.191823,KXBTCD-25MAY1920-T105499.99,DELTA,83,100,87,1044,751,yes,82,1000
2025-05-19T16:05:41.211435,KXBTCD-25MAY1920-T105499.99,DELTA,83,100,87,1044,752,no,9,-2000
2025-05-19T16:05:41.234806,KXBTCD-25MAY1920-T105499.99,DELTA,83,100,87,1044,753,no,10,-50
2025-05-19T16:05:41.235145,KXBTCD-25MAY1920-T105499.99,DELTA,83,100,86,50,754,no,14,50
2025-05-19T16:05:41.235220,KXBTCD-25MAY1920-T105499.99,DELTA,83,100,86,50,755,no,9,-1250
2025-05-19T16:05:41.271931,KXBTCD-25MAY1920-T105499.99,DELTA,83,100,86,50,756,no,10,2000
2025-05-19T16:05:41.272581,KXBTCD-25MAY1920-T105499.99,DELTA,83,100,86,50,757,no,10,1250
2025-05-19T16:05:41.372559,KXBTCD-25MAY1920-T105499.99,DELTA,83,100,86,50,758,no,10,-1250
2025-05-19T16:05:41.457039,KXBTCD-25MAY1920-T105499.99,DELTA,83,100,86,50,759,no,11,1250
2025-05-19T16:05:42.032416,KXBTCD-25MAY1920-T105499.99,DELTA,83,100,86,50,760,no,9,-100
2025-05-19T16:05:42.961102,KXBTCD-25MAY1920-T105499.99,DELTA,83,100,86,50,761,no,10,100
2025-05-19T16:05:42.961494,KXBTCD-25MAY1920-T105499.99,DELTA,82,1050,86,50,762,yes,83,-100
2025-05-19T16:05:43.172681,KXBTCD-25MAY1920-T105499.99,DELTA,82,1050,86,50,763,no,10,-100
2025-05-19T16:05:43.894413,KXBTCD-25MAY1920-T105499.99,DELTA,82,1150,86,50,764,yes,82,100
2025-05-19T16:05:43.921416,KXBTCD-25MAY1920-T105499.99,DELTA,82,1150,86,50,765,no,10,100
2025-05-19T16:05:44.093377,KXBTCD-25MAY1920-T105499.99,DELTA,82,150,86,50,766,yes,82,-1000
2025-05-19T16:05:44.093866,KXBTCD-25MAY1920-T105499.99,DELTA,82,150,86,50,767,no,10,-2000
2025-05-19T16:05:44.112913,KXBTCD-25MAY1920-T105499.99,DELTA,82,150,86,50,768,no,13,-1000
2025-05-19T16:05:44.117052,KXBTCD-25MAY1920-T105499.99,DELTA,82,150,86,50,769,no,11,-1250
2025-05-19T16:05:44.194772,KXBTCD-25MAY1920-T105499.99,DELTA,83,1000,86,50,770,yes,83,1000
2025-05-19T16:05:44.212996,KXBTCD-25MAY1920-T105499.99,DELTA,83,1000,86,50,771,no,9,2000
2025-05-19T16:05:44.213786,KXBTCD-25MAY1920-T105499.99,DELTA,83,1000,86,50,772,no,10,1250
2025-05-19T16:05:44.214451,KXBTCD-25MAY1920-T105499.99,DELTA,83,1000,86,50,773,no,11,1000
2025-05-19T16:05:44.234407,KXBTCD-25MAY1920-T105499.99,DELTA,83,1000,86,50,774,yes,82,-50
2025-05-19T16:05:44.313610,KXBTCD-25MAY1920-T105499.99,DELTA,83,1000,87,44,775,no,14,-50
2025-05-19T16:05:44.694764,KXBTCD-25MAY1920-T105499.99,DELTA,83,1000,87,44,776,yes,82,-100
2025-05-19T16:05:44.794555,KXBTCD-25MAY1920-T105499.99,DELTA,80,14,87,44,777,yes,83,-1000
2025-05-19T16:05:44.853270,KXBTCD-25MAY1920-T105499.99,DELTA,80,14,87,44,778,yes,78,1000
2025-05-19T16:05:45.512426,KXBTCD-25MAY1920-T105499.99,DELTA,80,14,87,44,779,no,12,50
2025-05-19T16:05:45.573717,KXBTCD-25MAY1920-T105499.99,DELTA,80,14,87,44,780,no,11,-1000
2025-05-19T16:05:45.612042,KXBTCD-25MAY1920-T105499.99,DELTA,80,14,87,44,781,no,12,1000
2025-05-19T16:05:45.691664,KXBTCD-25MAY1920-T105499.99,DELTA,83,100,87,44,782,yes,83,100
2025-05-19T16:05:45.792290,KXBTCD-25MAY1920-T105499.99,DELTA,83,100,87,44,783,yes,78,-1000
2025-05-19T16:05:45.852482,KXBTCD-25MAY1920-T105499.99,DELTA,83,1100,87,44,784,yes,83,1000
2025-05-19T16:05:46.013615,KXBTCD-25MAY1920-T105499.99,DELTA,83,1100,87,44,785,no,3,-10800
2025-05-19T16:05:46.112723,KXBTCD-25MAY1920-T105499.99,DELTA,83,1100,87,44,786,yes,66,-250
2025-05-19T16:05:46.133032,KXBTCD-25MAY1920-T105499.99,DELTA,83,1100,87,44,787,yes,76,250
2025-05-19T16:05:46.133424,KXBTCD-25MAY1920-T105499.99,DELTA,83,1100,87,44,788,no,10,-250
2025-05-19T16:05:46.192467,KXBTCD-25MAY1920-T105499.99,DELTA,83,1100,87,44,789,yes,75,-2000
2025-05-19T16:05:46.212853,KXBTCD-25MAY1920-T105499.99,DELTA,83,1100,87,44,790,yes,75,-1250
2025-05-19T16:05:46.213129,KXBTCD-25MAY1920-T105499.99,DELTA,83,1100,87,44,791,no,10,-1250
2025-05-19T16:05:46.272940,KXBTCD-25MAY1920-T105499.99,DELTA,83,1100,87,44,792,yes,77,1250
2025-05-19T16:05:46.273404,KXBTCD-25MAY1920-T105499.99,DELTA,83,1100,87,44,793,no,9,1250
2025-05-19T16:05:46.273553,KXBTCD-25MAY1920-T105499.99,DELTA,83,1100,87,44,794,yes,77,2000
2025-05-19T16:05:46.394198,KXBTCD-25MAY1920-T105499.99,DELTA,83,1150,87,44,795,yes,83,50
2025-05-19T16:05:47.702381,KXBTCD-25MAY1920-T105499.99,DELTA,83,150,87,44,796,yes,83,-1000
2025-05-19T16:05:47.703258,KXBTCD-25MAY1920-T105499.99,DELTA,83,150,87,44,797,no,12,-1000
2025-05-19T16:05:47.752553,KXBTCD-25MAY1920-T105499.99,DELTA,83,150,87,44,798,yes,78,1000
2025-05-19T16:05:47.753101,KXBTCD-25MAY1920-T105499.99,DELTA,83,150,87,1044,799,no,13,1000
2025-05-19T16:05:47.793772,KXBTCD-25MAY1920-T105499.99,DELTA,83,150,87,1044,800,yes,78,9
2025-05-19T16:05:47.813522,KXBTCD-25MAY1920-T105499.99,DELTA,83,150,87,1044,801,no,12,-50
2025-05-19T16:05:47.813862,KXBTCD-25MAY1920-T105499.99,DELTA,83,150,86,50,802,no,14,50
2025-05-19T16:05:48.132980,KXBTCD-25MAY1920-T105499.99,DELTA,83,150,86,50,803,yes,66,250
2025-05-19T16:05:48.133562,KXBTCD-25MAY1920-T105499.99,DELTA,83,150,86,50,804,yes,76,-250
2025-05-19T16:05:48.153381,KXBTCD-25MAY1920-T105499.99,DELTA,83,150,86,50,805,no,10,250
2025-05-19T16:05:48.193769,KXBTCD-25MAY1920-T105499.99,DELTA,83,150,86,50,806,yes,77,-2000
2025-05-19T16:05:48.194298,KXBTCD-25MAY1920-T105499.99,DELTA,83,100,86,50,807,yes,83,-50
2025-05-19T16:05:48.194505,KXBTCD-25MAY1920-T105499.99,DELTA,83,100,86,50,808,yes,82,50
2025-05-19T16:05:48.215712,KXBTCD-25MAY1920-T105499.99,DELTA,83,100,86,50,809,yes,77,-1250
2025-05-19T16:05:48.216036,KXBTCD-25MAY1920-T105499.99,DELTA,83,100,86,50,810,no,9,-2000
2025-05-19T16:05:48.216193,KXBTCD-25MAY1920-T105499.99,DELTA,83,100,86,50,811,no,9,-1250
2025-05-19T16:05:48.255709,KXBTCD-25MAY1920-T105499.99,DELTA,83,100,86,50,812,yes,75,1250
2025-05-19T16:05:48.255996,KXBTCD-25MAY1920-T105499.99,DELTA,83,100,86,50,813,yes,75,2000
2025-05-19T16:05:48.256146,KXBTCD-25MAY1920-T105499.99,DELTA,83,100,86,50,814,no,11,1250
2025-05-19T16:05:48.256283,KXBTCD-25MAY1920-T105499.99,DELTA,83,100,86,50,815,no,10,2000
2025-05-19T16:05:48.295160,KXBTCD-25MAY1920-T105499.99,DELTA,83,100,86,50,816,yes,78,-1000
2025-05-19T16:05:48.333563,KXBTCD-25MAY1920-T105499.99,DELTA,83,100,86,50,817,yes,82,1000
2025-05-19T16:05:49.371447,KXBTCD-25MAY1920-T105499.99,DELTA,83,100,86,50,818,no,1,3000
2025-05-19T16:05:49.371726,KXBTCD-25MAY1920-T105499.99,DELTA,83,100,86,50,819,yes,82,-1000
2025-05-19T16:05:49.372030,KXBTCD-25MAY1920-T105499.99,DELTA,83,100,86,50,820,no,10,-2000
2025-05-19T16:05:49.392537,KXBTCD-25MAY1920-T105499.99,DELTA,83,100,86,50,821,no,13,-1000
2025-05-19T16:05:49.432430,KXBTCD-25MAY1920-T105499.99,DELTA,83,100,86,50,822,yes,78,1000
2025-05-19T16:05:49.452659,KXBTCD-25MAY1920-T105499.99,DELTA,83,100,86,50,823,no,11,2000
2025-05-19T16:05:49.452963,KXBTCD-25MAY1920-T105499.99,DELTA,83,100,86,1050,824,no,14,1000
2025-05-19T16:05:49.453046,KXBTCD-25MAY1920-T105499.99,DELTA,83,100,86,1000,825,no,14,-50
2025-05-19T16:05:49.453130,KXBTCD-25MAY1920-T105499.99,DELTA,83,100,86,1000,826,no,12,50
2025-05-19T16:05:49.934264,KXBTCD-25MAY1920-T105499.99,DELTA,83,100,86,1000,827,no,10,-100
2025-05-19T16:05:49.952965,KXBTCD-25MAY1920-T105499.99,DELTA,82,50,86,1000,828,yes,83,-100
2025-05-19T16:05:49.992931,KXBTCD-25MAY1920-T105499.99,DELTA,82,50,86,1000,829,no,12,-50
2025-05-19T16:05:49.993400,KXBTCD-25MAY1920-T105499.99,DELTA,82,50,85,50,830,no,15,50
2025-05-19T16:05:50.054402,KXBTCD-25MAY1920-T105499.99,DELTA,82,50,85,50,831,yes,78,-9
2025-05-19T16:05:50.054988,KXBTCD-25MAY1920-T105499.99,DELTA,82,50,85,50,832,yes,79,9
2025-05-19T16:05:50.715567,KXBTCD-25MAY1920-T105499.99,DELTA,82,50,85,48,833,no,15,-2
2025-05-19T16:05:50.772816,KXBTCD-25MAY1920-T105499.99,DELTA,82,50,86,1000,834,no,15,-48
2025-05-19T16:05:50.793405,KXBTCD-25MAY1920-T105499.99,DELTA,80,14,86,1000,835,yes,82,-50
2025-05-19T16:05:50.970823,KXBTCD-25MAY1920-T105499.99,DELTA,80,14,86,1000,836,no,10,100
2025-05-19T16:05:50.971224,KXBTCD-25MAY1920-T105499.99,DELTA,81,100,86,1000,837,yes,81,100
2025-05-19T16:05:51.034607,KXBTCD-25MAY1920-T105499.99,DELTA,81,100,86,1000,838,yes,78,-1000
2025-05-19T16:05:51.079554,KXBTCD-25MAY1920-T105499.99,DELTA,81,1100,86,1000,839,yes,81,1000
2025-05-19T16:05:51.152901,KXBTCD-25MAY1920-T105499.99,DELTA,81,1100,86,1000,840,no,10,-100
2025-05-19T16:05:51.280566,KXBTCD-25MAY1920-T105499.99,DELTA,81,1150,86,1000,841,yes,81,50
2025-05-19T16:05:51.280914,KXBTCD-25MAY1920-T105499.99,DELTA,81,1150,85,50,842,no,15,50
2025-05-19T16:05:51.332844,KXBTCD-25MAY1920-T105499.99,DELTA,81,1150,86,1000,843,no,15,-50
2025-05-19T16:05:51.333197,KXBTCD-25MAY1920-T105499.99,DELTA,81,1100,86,1000,844,yes,81,-50
2025-05-19T16:05:51.913931,KXBTCD-25MAY1920-T105499.99,DELTA,81,1100,86,1000,845,yes,75,20
2025-05-19T16:05:52.373490,KXBTCD-25MAY1920-T105499.99,DELTA,81,1150,86,1000,846,yes,81,50
2025-05-19T16:05:52.374212,KXBTCD-25MAY1920-T105499.99,DELTA,81,1150,85,50,847,no,15,50
2025-05-19T16:05:52.374506,KXBTCD-25MAY1920-T105499.99,DELTA,81,1050,85,50,848,yes,81,-100
2025-05-19T16:05:52.412775,KXBTCD-25MAY1920-T105499.99,DELTA,81,1000,85,50,849,yes,81,-50
2025-05-19T16:05:52.432683,KXBTCD-25MAY1920-T105499.99,DELTA,81,1000,86,1000,850,no,15,-50
2025-05-19T16:05:52.452318,KXBTCD-25MAY1920-T105499.99,DELTA,81,1000,86,1000,851,no,11,100
2025-05-19T16:05:52.472033,KXBTCD-25MAY1920-T105499.99,DELTA,80,14,86,1000,852,yes,81,-1000
2025-05-19T16:05:52.492515,KXBTCD-25MAY1920-T105499.99,DELTA,80,14,86,1000,853,yes,79,-9
2025-05-19T16:05:52.533051,KXBTCD-25MAY1920-T105499.99,DELTA,80,14,86,1000,854,yes,78,1000
2025-05-19T16:05:53.412881,KXBTCD-25MAY1920-T105499.99,DELTA,80,14,86,1000,855,no,11,-100
2025-05-19T16:05:53.472336,KXBTCD-25MAY1920-T105499.99,DELTA,80,14,86,1000,856,yes,79,50
2025-05-19T16:05:53.491967,KXBTCD-25MAY1920-T105499.99,DELTA,80,14,85,50,857,no,15,50
2025-05-19T16:05:53.512843,KXBTCD-25MAY1920-T105499.99,DELTA,80,14,85,50,858,yes,79,-50
2025-05-19T16:05:53.532430,KXBTCD-25MAY1920-T105499.99,DELTA,80,14,86,1000,859,no,15,-50
2025-05-19T16:05:53.532736,KXBTCD-25MAY1920-T105499.99,DELTA,80,14,86,1000,860,yes,78,-1000
2025-05-19T16:05:53.573375,KXBTCD-25MAY1920-T105499.99,DELTA,80,14,86,1000,861,yes,78,1000
2025-05-19T16:05:53.632390,KXBTCD-25MAY1920-T105499.99,DELTA,83,100,86,1000,862,yes,83,100
2025-05-19T16:05:53.767679,KXBTCD-25MAY1920-T105499.99,DELTA,83,100,86,1000,863,no,11,-2000
2025-05-19T16:05:53.773367,KXBTCD-25MAY1920-T105499.99,DELTA,83,100,87,44,864,no,14,-1000
2025-05-19T16:05:53.774082,KXBTCD-25MAY1920-T105499.99,DELTA,83,100,87,44,865,no,1,-3000
2025-05-19T16:05:53.834634,KXBTCD-25MAY1920-T105499.99,DELTA,83,100,87,44,866,no,10,2000
2025-05-19T16:05:53.852996,KXBTCD-25MAY1920-T105499.99,DELTA,83,100,87,1044,867,no,13,1000
2025-05-19T16:05:54.453214,KXBTCD-25MAY1920-T105499.99,DELTA,83,100,87,1044,868,no,9,100
2025-05-19T16:05:54.553401,KXBTCD-25MAY1920-T105499.99,DELTA,83,150,87,1044,869,yes,83,50
2025-05-19T16:05:54.554053,KXBTCD-25MAY1920-T105499.99,DELTA,83,150,87,1044,870,yes,79,9
2025-05-19T16:05:54.572707,KXBTCD-25MAY1920-T105499.99,DELTA,83,150,86,50,871,no,14,50
2025-05-19T16:05:54.592903,KXBTCD-25MAY1920-T105499.99,DELTA,83,100,86,50,872,yes,83,-50
2025-05-19T16:05:54.614896,KXBTCD-25MAY1920-T105499.99,DELTA,83,100,87,1044,873,no,14,-50
2025-05-19T16:05:55.433872,KXBTCD-25MAY1920-T105499.99,DELTA,83,100,87,1044,874,no,9,-100
2025-05-19T16:05:55.632435,KXBTCD-25MAY1920-T105499.99,DELTA,83,100,87,1044,875,yes,82,50
2025-05-19T16:05:55.652922,KXBTCD-25MAY1920-T105499.99,DELTA,83,100,86,50,876,no,14,50
2025-05-19T16:05:55.680601,KXBTCD-25MAY1920-T105499.99,DELTA,83,100,86,50,877,yes,82,-50
2025-05-19T16:05:55.692265,KXBTCD-25MAY1920-T105499.99,DELTA,83,100,86,50,878,yes,78,-1000
2025-05-19T16:05:55.692537,KXBTCD-25MAY1920-T105499.99,DELTA,83,100,87,1044,879,no,14,-50
2025-05-19T16:05:55.772532,KXBTCD-25MAY1920-T105499.99,DELTA,83,100,87,1044,880,yes,78,1000
2025-05-19T16:05:56.133735,KXBTCD-25MAY1920-T105499.99,DELTA,83,100,87,1044,881,yes,66,-250
2025-05-19T16:05:56.154257,KXBTCD-25MAY1920-T105499.99,DELTA,83,100,87,1044,882,yes,76,250
2025-05-19T16:05:56.155085,KXBTCD-25MAY1920-T105499.99,DELTA,83,100,87,1044,883,no,10,-250
2025-05-19T16:05:56.233967,KXBTCD-25MAY1920-T105499.99,DELTA,83,100,87,1044,884,yes,75,-2000
2025-05-19T16:05:56.234491,KXBTCD-25MAY1920-T105499.99,DELTA,83,100,87,1044,885,yes,75,-1250
2025-05-19T16:05:56.253470,KXBTCD-25MAY1920-T105499.99,DELTA,83,100,87,1044,886,no,10,-2000
2025-05-19T16:05:56.253792,KXBTCD-25MAY1920-T105499.99,DELTA,83,100,87,1044,887,no,11,-1250
2025-05-19T16:05:56.313546,KXBTCD-25MAY1920-T105499.99,DELTA,83,100,87,1044,888,no,9,1250
2025-05-19T16:05:56.332895,KXBTCD-25MAY1920-T105499.99,DELTA,83,100,87,1044,889,no,9,2000
2025-05-19T16:05:56.333538,KXBTCD-25MAY1920-T105499.99,DELTA,83,100,87,1044,890,yes,77,2000
2025-05-19T16:05:56.333678,KXBTCD-25MAY1920-T105499.99,DELTA,83,100,87,1044,891,yes,77,1250
2025-05-19T16:05:56.672811,KXBTCD-25MAY1920-T105499.99,DELTA,83,100,87,1044,892,no,10,100
2025-05-19T16:05:56.732399,KXBTCD-25MAY1920-T105499.99,DELTA,83,150,87,1044,893,yes,83,50
2025-05-19T16:05:56.732721,KXBTCD-25MAY1920-T105499.99,DELTA,83,150,86,50,894,no,14,50
2025-05-19T16:05:56.773632,KXBTCD-25MAY1920-T105499.99,DELTA,83,100,86,50,895,yes,83,-50
2025-05-19T16:05:56.773891,KXBTCD-25MAY1920-T105499.99,DELTA,83,100,87,1044,896,no,14,-50
2025-05-19T16:05:57.033901,KXBTCD-25MAY1920-T105499.99,DELTA,83,100,87,1044,897,yes,66,250
2025-05-19T16:05:57.034348,KXBTCD-25MAY1920-T105499.99,DELTA,83,100,87,1044,898,yes,76,-250
2025-05-19T16:05:57.112173,KXBTCD-25MAY1920-T105499.99,DELTA,83,100,87,1044,899,yes,77,-2000
2025-05-19T16:05:57.112791,KXBTCD-25MAY1920-T105499.99,DELTA,83,100,87,1044,900,yes,77,-1250
2025-05-19T16:05:57.136923,KXBTCD-25MAY1920-T105499.99,DELTA,83,100,87,1044,901,no,10,250
2025-05-19T16:05:57.172811,KXBTCD-25MAY1920-T105499.99,DELTA,83,100,87,1044,902,yes,75,2000
2025-05-19T16:05:57.173518,KXBTCD-25MAY1920-T105499.99,DELTA,83,100,87,1044,903,yes,75,1250
2025-05-19T16:05:57.213328,KXBTCD-25MAY1920-T105499.99,DELTA,83,100,87,1044,904,no,9,-2000
2025-05-19T16:05:57.213733,KXBTCD-25MAY1920-T105499.99,DELTA,83,100,87,1044,905,no,9,-1250
2025-05-19T16:05:57.252450,KXBTCD-25MAY1920-T105499.99,DELTA,83,100,87,1044,906,no,11,1250
2025-05-19T16:05:57.252775,KXBTCD-25MAY1920-T105499.99,DELTA,83,100,87,1044,907,no,10,2000
2025-05-19T16:05:57.812235,KXBTCD-25MAY1920-T105499.99,DELTA,83,100,87,1044,908,yes,82,50
2025-05-19T16:05:57.853904,KXBTCD-25MAY1920-T105499.99,DELTA,83,100,87,1044,909,yes,82,-50
2025-05-19T16:05:57.872999,KXBTCD-25MAY1920-T105499.99,DELTA,83,100,87,1044,910,yes,78,-1000
2025-05-19T16:05:57.914266,KXBTCD-25MAY1920-T105499.99,DELTA,83,100,87,1044,911,yes,82,1000
2025-05-19T16:05:57.914739,KXBTCD-25MAY1920-T105499.99,DELTA,83,100,86,50,912,no,14,50
2025-05-19T16:05:57.952465,KXBTCD-25MAY1920-T105499.99,DELTA,83,100,86,50,913,yes,82,-1000
2025-05-19T16:05:57.952867,KXBTCD-25MAY1920-T105499.99,DELTA,83,100,87,1044,914,no,14,-50
2025-05-19T16:05:57.992989,KXBTCD-25MAY1920-T105499.99,DELTA,83,100,87,1044,915,yes,78,1000
2025-05-19T16:05:58.832665,KXBTCD-25MAY1920-T105499.99,DELTA,83,100,87,1044,916,no,10,-100
2025-05-19T16:05:58.853038,KXBTCD-25MAY1920-T105499.99,DELTA,80,14,87,1044,917,yes,83,-100
2025-05-19T16:05:58.972585,KXBTCD-25MAY1920-T105499.99,DELTA,80,14,87,1044,918,yes,79,50
2025-05-19T16:05:59.012727,KXBTCD-25MAY1920-T105499.99,DELTA,80,14,86,50,919,no,14,50
2025-05-19T16:05:59.013173,KXBTCD-25MAY1920-T105499.99,DELTA,80,14,86,50,920,yes,79,-50
2025-05-19T16:05:59.033592,KXBTCD-25MAY1920-T105499.99,DELTA,80,14,86,50,921,yes,78,-1000
2025-05-19T16:05:59.053196,KXBTCD-25MAY1920-T105499.99,DELTA,80,14,87,1044,922,no,14,-50
2025-05-19T16:05:59.072935,KXBTCD-25MAY1920-T105499.99,DELTA,80,14,87,1044,923,yes,78,1000
2025-05-19T16:05:59.993049,KXBTCD-25MAY1920-T105499.99,DELTA,81,100,87,1044,924,yes,81,100
2025-05-19T16:05:59.993918,KXBTCD-25MAY1920-T105499.99,DELTA,81,100,87,1044,925,no,11,100
2025-05-19T16:06:00.073027,KXBTCD-25MAY1920-T105499.99,DELTA,81,100,87,1044,926,yes,78,-1000
2025-05-19T16:06:00.073857,KXBTCD-25MAY1920-T105499.99,DELTA,82,50,87,1044,927,yes,82,50
2025-05-19T16:06:00.113034,KXBTCD-25MAY1920-T105499.99,DELTA,82,50,86,50,928,no,14,50
2025-05-19T16:06:00.113321,KXBTCD-25MAY1920-T105499.99,DELTA,82,1050,86,50,929,yes,82,1000
2025-05-19T16:06:00.132853,KXBTCD-25MAY1920-T105499.99,DELTA,82,1000,86,50,930,yes,82,-50
2025-05-19T16:06:00.153888,KXBTCD-25MAY1920-T105499.99,DELTA,82,1000,87,1044,931,no,14,-50
2025-05-19T16:06:00.193043,KXBTCD-25MAY1920-T105499.99,DELTA,82,1000,87,1044,932,no,1,3000
2025-05-19T16:06:00.193287,KXBTCD-25MAY1920-T105499.99,DELTA,81,100,87,1044,933,yes,82,-1000
2025-05-19T16:06:00.193412,KXBTCD-25MAY1920-T105499.99,DELTA,81,100,87,1044,934,no,10,-2000
2025-05-19T16:06:00.212734,KXBTCD-25MAY1920-T105499.99,DELTA,81,100,87,44,935,no,13,-1000
2025-05-19T16:06:00.232791,KXBTCD-25MAY1920-T105499.99,DELTA,81,100,87,44,936,yes,77,-20
2025-05-19T16:06:00.261903,KXBTCD-25MAY1920-T105499.99,DELTA,81,1100,87,44,937,yes,81,1000
2025-05-19T16:06:00.262206,KXBTCD-25MAY1920-T105499.99,DELTA,81,1100,86,1000,938,no,14,1000
2025-05-19T16:06:00.262311,KXBTCD-25MAY1920-T105499.99,DELTA,81,1100,86,1000,939,no,11,2000
2025-05-19T16:06:01.172823,KXBTCD-25MAY1920-T105499.99,DELTA,81,1100,86,1000,940,no,4,-250
2025-05-19T16:06:01.173147,KXBTCD-25MAY1920-T105499.99,DELTA,81,1100,86,1000,941,no,12,250
2025-05-19T16:06:01.173521,KXBTCD-25MAY1920-T105499.99,DELTA,81,1150,86,1000,942,yes,81,50
2025-05-19T16:06:01.195355,KXBTCD-25MAY1920-T105499.99,DELTA,81,1150,85,50,943,no,15,50
2025-05-19T16:06:01.213502,KXBTCD-25MAY1920-T105499.99,DELTA,81,1150,85,50,944,yes,66,-250
2025-05-19T16:06:01.234312,KXBTCD-25MAY1920-T105499.99,DELTA,81,1150,85,50,945,no,2,-250
2025-05-19T16:06:01.234536,KXBTCD-25MAY1920-T105499.99,DELTA,81,1150,85,50,946,yes,76,250
2025-05-19T16:06:01.234659,KXBTCD-25MAY1920-T105499.99,DELTA,81,1150,85,50,947,no,11,-1250
2025-05-19T16:06:01.234768,KXBTCD-25MAY1920-T105499.99,DELTA,81,1150,85,50,948,no,14,250
2025-05-19T16:06:01.293032,KXBTCD-25MAY1920-T105499.99,DELTA,81,1150,85,50,949,yes,79,-9
2025-05-19T16:06:01.294819,KXBTCD-25MAY1920-T105499.99,DELTA,81,1150,85,50,950,no,12,1250
2025-05-19T16:06:01.332471,KXBTCD-25MAY1920-T105499.99,DELTA,81,1150,85,50,951,yes,75,-2000
2025-05-19T16:06:01.332704,KXBTCD-25MAY1920-T105499.99,DELTA,81,1150,85,50,952,yes,75,-1250
2025-05-19T16:06:01.399604,KXBTCD-25MAY1920-T105499.99,DELTA,81,1150,85,50,953,yes,77,1250
2025-05-19T16:06:01.399936,KXBTCD-25MAY1920-T105499.99,DELTA,81,1150,85,50,954,yes,77,2000
2025-05-19T16:06:02.535593,KXBTCD-25MAY1920-T105499.99,DELTA,81,1150,85,50,955,no,11,-100
2025-05-19T16:06:03.574083,KXBTCD-25MAY1920-T105499.99,DELTA,81,1150,85,50,956,no,11,100
2025-05-19T16:06:06.553439,KXBTCD-25MAY1920-T105499.99,DELTA,81,1150,85,49,957,no,15,-1
2025-05-19T16:06:06.613337,KXBTCD-25MAY1920-T105499.99,DELTA,81,1150,86,1250,958,no,15,-49
2025-05-19T16:06:06.613618,KXBTCD-25MAY1920-T105499.99,DELTA,81,1100,86,1250,959,yes,81,-50
2025-05-19T16:06:06.753305,KXBTCD-25MAY1920-T105499.99,DELTA,81,1100,86,1250,960,no,4,250
2025-05-19T16:06:06.753619,KXBTCD-25MAY1920-T105499.99,DELTA,81,1100,86,1000,961,no,14,-250
2025-05-19T16:06:06.913118,KXBTCD-25MAY1920-T105499.99,DELTA,81,1100,86,1000,962,no,12,-1250
2025-05-19T16:06:07.015022,KXBTCD-25MAY1920-T105499.99,DELTA,81,1100,86,1000,963,no,11,1250
2025-05-19T16:06:07.015315,KXBTCD-25MAY1920-T105499.99,DELTA,82,50,86,1000,964,yes,82,50
2025-05-19T16:06:07.015665,KXBTCD-25MAY1920-T105499.99,DELTA,82,50,85,50,965,no,15,50
2025-05-19T16:06:07.094751,KXBTCD-25MAY1920-T105499.99,DELTA,81,1100,85,50,966,yes,82,-50
2025-05-19T16:06:07.114344,KXBTCD-25MAY1920-T105499.99,DELTA,81,1100,86,1000,967,no,15,-50
2025-05-19T16:06:07.193391,KXBTCD-25MAY1920-T105499.99,DELTA,81,1100,86,1000,968,yes,68,-250
2025-05-19T16:06:07.193726,KXBTCD-25MAY1920-T105499.99,DELTA,81,1100,86,1000,969,yes,78,250
2025-05-19T16:06:07.312517,KXBTCD-25MAY1920-T105499.99,DELTA,81,1100,86,1000,970,yes,77,-2000
2025-05-19T16:06:07.392642,KXBTCD-25MAY1920-T105499.99,DELTA,81,1100,86,1000,971,yes,77,-1250
2025-05-19T16:06:07.593456,KXBTCD-25MAY1920-T105499.99,DELTA,81,1100,86,1000,972,yes,78,2000
2025-05-19T16:06:07.593841,KXBTCD-25MAY1920-T105499.99,DELTA,81,1100,86,1000,973,yes,79,1250
2025-05-19T16:06:08.213968,KXBTCD-25MAY1920-T105499.99,DELTA,81,1100,86,1000,974,yes,68,250
2025-05-19T16:06:08.214652,KXBTCD-25MAY1920-T105499.99,DELTA,82,50,86,1000,975,yes,82,50
2025-05-19T16:06:08.215049,KXBTCD-25MAY1920-T105499.99,DELTA,82,50,86,1000,976,yes,78,-250
2025-05-19T16:06:08.215330,KXBTCD-25MAY1920-T105499.99,DELTA,82,50,85,50,977,no,15,50
2025-05-19T16:06:08.292961,KXBTCD-25MAY1920-T105499.99,DELTA,82,50,85,50,978,yes,78,-2000
2025-05-19T16:06:08.392662,KXBTCD-25MAY1920-T105499.99,DELTA,82,50,85,50,979,yes,79,-1250
2025-05-19T16:06:08.393049,KXBTCD-25MAY1920-T105499.99,DELTA,82,50,85,50,980,yes,81,-1000
2025-05-19T16:06:08.412971,KXBTCD-25MAY1920-T105499.99,DELTA,82,50,86,1000,981,no,15,-50
2025-05-19T16:06:08.413290,KXBTCD-25MAY1920-T105499.99,DELTA,81,100,86,1000,982,yes,82,-50
2025-05-19T16:06:08.413420,KXBTCD-25MAY1920-T105499.99,DELTA,81,100,86,1000,983,no,11,-2000
2025-05-19T16:06:08.511826,KXBTCD-25MAY1920-T105499.99,DELTA,80,14,86,1000,984,yes,81,-100
2025-05-19T16:06:08.512141,KXBTCD-25MAY1920-T105499.99,DELTA,80,14,87,44,985,no,14,-1000
2025-05-19T16:06:08.611660,KXBTCD-25MAY1920-T105499.99,DELTA,80,14,87,44,986,yes,77,1250
2025-05-19T16:06:08.611953,KXBTCD-25MAY1920-T105499.99,DELTA,80,14,87,44,987,yes,66,250
2025-05-19T16:06:08.612371,KXBTCD-25MAY1920-T105499.99,DELTA,80,14,87,44,988,yes,76,-250
2025-05-19T16:06:08.612491,KXBTCD-25MAY1920-T105499.99,DELTA,80,14,87,44,989,no,1,-3000
2025-05-19T16:06:08.793204,KXBTCD-25MAY1920-T105499.99,DELTA,80,14,87,44,990,yes,77,-1250
2025-05-19T16:06:08.793546,KXBTCD-25MAY1920-T105499.99,DELTA,80,14,87,44,991,yes,78,1000
2025-05-19T16:06:08.793985,KXBTCD-25MAY1920-T105499.99,DELTA,80,14,87,44,992,yes,75,2000
2025-05-19T16:06:08.794131,KXBTCD-25MAY1920-T105499.99,DELTA,80,14,87,44,993,no,10,2000
2025-05-19T16:06:08.794257,KXBTCD-25MAY1920-T105499.99,DELTA,80,14,87,1044,994,no,13,1000
2025-05-19T16:06:08.994120,KXBTCD-25MAY1920-T105499.99,DELTA,80,14,87,1044,995,yes,75,1250
2025-05-19T16:06:09.093453,KXBTCD-25MAY1920-T105499.99,DELTA,80,14,87,1044,996,yes,66,-250
2025-05-19T16:06:09.094073,KXBTCD-25MAY1920-T105499.99,DELTA,80,14,87,1044,997,yes,76,250
2025-05-19T16:06:09.293361,KXBTCD-25MAY1920-T105499.99,DELTA,80,14,87,1044,998,yes,75,-2000
2025-05-19T16:06:09.317329,KXBTCD-25MAY1920-T105499.99,DELTA,80,14,87,1044,999,yes,75,-1250
2025-05-19T16:06:09.492157,KXBTCD-25MAY1920-T105499.99,DELTA,80,14,87,1044,1000,yes,77,1250
2025-05-19T16:06:09.492449,KXBTCD-25MAY1920-T105499.99,DELTA,80,14,87,1044,1001,yes,77,2000
2025-05-19T16:06:09.492785,KXBTCD-25MAY1920-T105499.99,DELTA,80,14,86,50,1002,no,14,50
2025-05-19T16:06:09.492876,KXBTCD-25MAY1920-T105499.99,DELTA,80,14,86,50,1003,yes,79,50
2025-05-19T16:06:09.692125,KXBTCD-25MAY1920-T105499.99,DELTA,80,14,87,1044,1004,no,14,-50
2025-05-19T16:06:09.692784,KXBTCD-25MAY1920-T105499.99,DELTA,80,14,87,1044,1005,yes,79,-50
2025-05-19T16:06:09.693078,KXBTCD-25MAY1920-T105499.99,DELTA,80,14,87,1044,1006,yes,78,-1000
2025-05-19T16:06:09.893808,KXBTCD-25MAY1920-T105499.99,DELTA,81,100,87,1044,1007,yes,81,100
2025-05-19T16:06:09.894187,KXBTCD-25MAY1920-T105499.99,DELTA,81,100,87,1044,1008,yes,80,1000
2025-05-19T16:06:10.093003,KXBTCD-25MAY1920-T105499.99,DELTA,81,100,87,1044,1009,yes,80,-1000
2025-05-19T16:06:10.193795,KXBTCD-25MAY1920-T105499.99,DELTA,82,1000,87,1044,1010,yes,82,1000
2025-05-19T16:06:10.753405,KXBTCD-25MAY1920-T105499.99,DELTA,82,1050,87,1044,1011,yes,82,50
2025-05-19T16:06:10.754086,KXBTCD-25MAY1920-T105499.99,DELTA,82,1050,86,50,1012,no,14,50
2025-05-19T16:06:10.792823,KXBTCD-25MAY1920-T105499.99,DELTA,82,1000,86,50,1013,yes,82,-50
2025-05-19T16:06:10.833540,KXBTCD-25MAY1920-T105499.99,DELTA,82,1000,87,1044,1014,no,14,-50
2025-05-19T16:06:11.134368,KXBTCD-25MAY1920-T105499.99,DELTA,82,1000,87,1044,1015,yes,68,-250
2025-05-19T16:06:11.135324,KXBTCD-25MAY1920-T105499.99,DELTA,82,1000,87,1044,1016,yes,78,250
2025-05-19T16:06:11.232777,KXBTCD-25MAY1920-T105499.99,DELTA,82,1000,87,1044,1017,yes,77,-2000
2025-05-19T16:06:11.233169,KXBTCD-25MAY1920-T105499.99,DELTA,82,1000,87,1044,1018,yes,77,-1250
2025-05-19T16:06:11.292844,KXBTCD-25MAY1920-T105499.99,DELTA,82,1000,87,1044,1019,yes,79,2000
2025-05-19T16:06:11.293247,KXBTCD-25MAY1920-T105499.99,DELTA,82,1000,87,1044,1020,yes,79,1250
2025-05-19T16:06:11.393043,KXBTCD-25MAY1920-T105499.99,DELTA,82,1000,87,1044,1021,yes,81,-100
2025-05-19T16:06:11.453171,KXBTCD-25MAY1920-T105499.99,DELTA,80,14,87,1044,1022,yes,82,-1000
2025-05-19T16:06:11.493469,KXBTCD-25MAY1920-T105499.99,DELTA,80,14,87,1044,1023,yes,79,1000
2025-05-19T16:06:11.853090,KXBTCD-25MAY1920-T105499.99,DELTA,80,64,87,1044,1024,yes,80,50
2025-05-19T16:06:11.876276,KXBTCD-25MAY1920-T105499.99,DELTA,80,64,86,50,1025,no,14,50
2025-05-19T16:06:11.893151,KXBTCD-25MAY1920-T105499.99,DELTA,80,14,86,50,1026,yes,80,-50
2025-05-19T16:06:11.913798,KXBTCD-25MAY1920-T105499.99,DELTA,80,14,87,1044,1027,no,14,-50
2025-05-19T16:06:11.932868,KXBTCD-25MAY1920-T105499.99,DELTA,80,14,87,1044,1028,yes,79,-1000
2025-05-19T16:06:11.992767,KXBTCD-25MAY1920-T105499.99,DELTA,80,14,87,1044,1029,yes,79,1000
2025-05-19T16:06:12.313462,KXBTCD-25MAY1920-T105499.99,DELTA,81,100,87,1044,1030,yes,81,100
2025-05-19T16:06:12.393555,KXBTCD-25MAY1920-T105499.99,DELTA,81,100,87,1044,1031,yes,79,-1000
2025-05-19T16:06:12.432897,KXBTCD-25MAY1920-T105499.99,DELTA,82,1000,87,1044,1032,yes,82,1000
2025-05-19T16:06:12.493233,KXBTCD-25MAY1920-T105499.99,DELTA,82,1000,87,1044,1033,yes,81,-100
2025-05-19T16:06:12.553861,KXBTCD-25MAY1920-T105499.99,DELTA,80,14,87,1044,1034,yes,82,-1000
2025-05-19T16:06:12.592885,KXBTCD-25MAY1920-T105499.99,DELTA,80,14,87,1044,1035,yes,79,1000
2025-05-19T16:06:12.970180,KXBTCD-25MAY1920-T105499.99,DELTA,80,64,87,1044,1036,yes,80,50
2025-05-19T16:06:12.980599,KXBTCD-25MAY1920-T105499.99,DELTA,80,64,86,50,1037,no,14,50
2025-05-19T16:06:12.980941,KXBTCD-25MAY1920-T105499.99,DELTA,80,14,86,50,1038,yes,80,-50
2025-05-19T16:06:13.033638,KXBTCD-25MAY1920-T105499.99,DELTA,80,14,86,50,1039,yes,79,-1000
2025-05-19T16:06:13.034298,KXBTCD-25MAY1920-T105499.99,DELTA,80,14,87,1044,1040,no,14,-50
2025-05-19T16:06:13.094254,KXBTCD-25MAY1920-T105499.99,DELTA,80,14,87,1044,1041,yes,79,1000
2025-05-19T16:06:13.683538,KXBTCD-25MAY1920-T105499.99,DELTA,82,100,87,1044,1042,yes,82,100
2025-05-19T16:06:13.755262,KXBTCD-25MAY1920-T105499.99,DELTA,82,100,87,1044,1043,yes,79,-1000
2025-05-19T16:06:13.792912,KXBTCD-25MAY1920-T105499.99,DELTA,82,1100,87,1044,1044,yes,82,1000
2025-05-19T16:06:14.129179,KXBTCD-25MAY1920-T105499.99,DELTA,82,1150,87,1044,1045,yes,82,50
2025-05-19T16:06:14.129856,KXBTCD-25MAY1920-T105499.99,DELTA,82,1100,87,1044,1046,yes,82,-50
2025-05-19T16:06:14.130243,KXBTCD-25MAY1920-T105499.99,DELTA,82,1100,86,50,1047,no,14,50
2025-05-19T16:06:14.132947,KXBTCD-25MAY1920-T105499.99,DELTA,82,1100,87,1044,1048,no,14,-50
2025-05-19T16:06:14.213550,KXBTCD-25MAY1920-T105499.99,DELTA,82,1100,87,1044,1049,yes,4,-8100
2025-05-19T16:06:14.214230,KXBTCD-25MAY1920-T105499.99,DELTA,82,1100,87,1044,1050,yes,29,1117
2025-05-19T16:06:14.253336,KXBTCD-25MAY1920-T105499.99,DELTA,82,1100,87,1044,1051,no,1,32400
2025-05-19T16:06:14.515747,KXBTCD-25MAY1920-T105499.99,DELTA,82,1100,87,1044,1052,no,2,20000
2025-05-19T16:06:15.134194,KXBTCD-25MAY1920-T105499.99,DELTA,82,1150,87,1044,1053,yes,82,50
2025-05-19T16:06:15.193739,KXBTCD-25MAY1920-T105499.99,DELTA,82,1150,86,50,1054,no,14,50
2025-05-19T16:06:15.194131,KXBTCD-25MAY1920-T105499.99,DELTA,82,1100,86,50,1055,yes,82,-50
2025-05-19T16:06:15.253391,KXBTCD-25MAY1920-T105499.99,DELTA,82,1100,87,1044,1056,no,14,-50
2025-05-19T16:06:15.414642,KXBTCD-25MAY1920-T105499.99,DELTA,82,1100,84,20,1057,no,16,20
2025-05-19T16:06:15.434510,KXBTCD-25MAY1920-T105499.99,DELTA,82,1100,84,20,1058,no,1,-32400
2025-05-19T16:06:15.435018,KXBTCD-25MAY1920-T105499.99,DELTA,82,1100,84,20,1059,no,2,16200
2025-05-19T16:06:15.493235,KXBTCD-25MAY1920-T105499.99,DELTA,82,1100,84,20,1060,no,2,-20000
2025-05-19T16:06:15.533100,KXBTCD-25MAY1920-T105499.99,DELTA,82,1100,84,20,1061,no,3,20000
2025-05-19T16:06:16.255591,KXBTCD-25MAY1920-T105499.99,DELTA,82,1150,84,20,1062,yes,82,50
2025-05-19T16:06:16.294388,KXBTCD-25MAY1920-T105499.99,DELTA,82,1100,84,20,1063,yes,82,-50
2025-05-19T16:06:16.294744,KXBTCD-25MAY1920-T105499.99,DELTA,82,1100,84,20,1064,no,14,50
2025-05-19T16:06:16.332609,KXBTCD-25MAY1920-T105499.99,DELTA,82,1100,84,20,1065,no,14,-50
2025-05-19T16:06:16.552762,KXBTCD-25MAY1920-T105499.99,DELTA,82,1100,84,20,1066,no,2,-16200
2025-05-19T16:06:16.553106,KXBTCD-25MAY1920-T105499.99,DELTA,82,1100,84,20,1067,no,1,32400
2025-05-19T16:06:16.614688,KXBTCD-25MAY1920-T105499.99,DELTA,82,1100,84,20,1068,no,3,-20000
2025-05-19T16:06:16.653901,KXBTCD-25MAY1920-T105499.99,DELTA,82,1100,84,20,1069,no,2,20000
2025-05-19T16:06:17.378322,KXBTCD-25MAY1920-T105499.99,DELTA,82,1150,84,20,1070,yes,82,50
2025-05-19T16:06:17.379101,KXBTCD-25MAY1920-T105499.99,DELTA,82,1150,84,20,1071,no,14,50
2025-05-19T16:06:17.400939,KXBTCD-25MAY1920-T105499.99,DELTA,82,1100,84,20,1072,yes,82,-50
2025-05-19T16:06:17.432755,KXBTCD-25MAY1920-T105499.99,DELTA,82,1100,84,20,1073,no,14,-50
2025-05-19T16:06:17.642520,KXBTCD-25MAY1920-T105499.99,DELTA,82,1100,84,20,1074,no,1,-32400
2025-05-19T16:06:17.643150,KXBTCD-25MAY1920-T105499.99,DELTA,82,1100,84,20,1075,no,2,16200
2025-05-19T16:06:17.693374,KXBTCD-25MAY1920-T105499.99,DELTA,82,1100,84,20,1076,no,2,-20000
2025-05-19T16:06:17.753018,KXBTCD-25MAY1920-T105499.99,DELTA,82,1100,84,20,1077,no,3,20000
2025-05-19T16:06:18.075786,KXBTCD-25MAY1920-T105499.99,DELTA,82,1100,84,20,1078,yes,29,-1117
2025-05-19T16:06:18.517691,KXBTCD-25MAY1920-T105499.99,DELTA,82,1100,84,20,1079,no,1,3000
2025-05-19T16:06:18.520880,KXBTCD-25MAY1920-T105499.99,DELTA,82,1100,84,20,1080,yes,79,-2000
2025-05-19T16:06:18.523334,KXBTCD-25MAY1920-T105499.99,DELTA,83,50,84,20,1081,yes,83,50
2025-05-19T16:06:18.528147,KXBTCD-25MAY1920-T105499.99,DELTA,83,50,84,20,1082,yes,82,-1000
2025-05-19T16:06:18.528974,KXBTCD-25MAY1920-T105499.99,DELTA,83,50,84,20,1083,yes,79,-1250
2025-05-19T16:06:18.529709,KXBTCD-25MAY1920-T105499.99,DELTA,83,50,84,20,1084,no,10,-2000
2025-05-19T16:06:18.530281,KXBTCD-25MAY1920-T105499.99,DELTA,83,50,84,20,1085,no,14,50
2025-05-19T16:06:18.530771,KXBTCD-25MAY1920-T105499.99,DELTA,83,50,84,20,1086,no,13,-1000
2025-05-19T16:06:18.531123,KXBTCD-25MAY1920-T105499.99,DELTA,83,50,84,20,1087,no,11,-1250
2025-05-19T16:06:18.574392,KXBTCD-25MAY1920-T105499.99,DELTA,83,50,84,20,1088,yes,79,1000
2025-05-19T16:06:18.576733,KXBTCD-25MAY1920-T105499.99,DELTA,83,50,84,20,1089,no,12,2000
2025-05-19T16:06:18.577610,KXBTCD-25MAY1920-T105499.99,DELTA,83,50,84,20,1090,no,15,1000
2025-05-19T16:06:18.580781,KXBTCD-25MAY1920-T105499.99,DELTA,83,50,84,20,1091,yes,77,2000
2025-05-19T16:06:18.581393,KXBTCD-25MAY1920-T105499.99,DELTA,83,50,84,20,1092,yes,77,1250
2025-05-19T16:06:18.581968,KXBTCD-25MAY1920-T105499.99,DELTA,83,50,84,20,1093,no,13,1250
2025-05-19T16:06:18.715121,KXBTCD-25MAY1920-T105499.99,DELTA,83,50,84,20,1094,yes,29,1117
2025-05-19T16:06:19.214737,KXBTCD-25MAY1920-T105499.99,DELTA,83,50,84,20,1095,yes,77,-2000
2025-05-19T16:06:19.215771,KXBTCD-25MAY1920-T105499.99,DELTA,83,50,84,20,1096,yes,77,-1250
2025-05-19T16:06:19.234013,KXBTCD-25MAY1920-T105499.99,DELTA,83,50,84,20,1097,no,12,-2000
2025-05-19T16:06:19.234862,KXBTCD-25MAY1920-T105499.99,DELTA,83,50,84,20,1098,no,15,-1000
2025-05-19T16:06:19.253720,KXBTCD-25MAY1920-T105499.99,DELTA,83,50,84,20,1099,no,13,-1250
2025-05-19T16:06:19.353933,KXBTCD-25MAY1920-T105499.99,DELTA,83,50,84,20,1100,yes,78,1250
2025-05-19T16:06:19.355048,KXBTCD-25MAY1920-T105499.99,DELTA,83,50,84,20,1101,yes,78,2000
2025-05-19T16:06:19.355658,KXBTCD-25MAY1920-T105499.99,DELTA,83,50,84,20,1102,no,11,2000
2025-05-19T16:06:19.356205,KXBTCD-25MAY1920-T105499.99,DELTA,83,50,84,20,1103,no,12,1250
2025-05-19T16:06:19.356997,KXBTCD-25MAY1920-T105499.99,DELTA,83,50,84,20,1104,no,14,1000
