timestamp,market_ticker,type,yes_bid_price_cents,yes_bid_qty,yes_ask_price_cents,yes_ask_qty_on_no_side,sequence_num,delta_side,delta_price_cents,delta_quantity
2025-05-20T14:02:17.210629,KXBTCD-25MAY2018-T107249.99,SNAPSHOT,27,100,29,1000,1,,,
2025-05-20T14:02:18.106992,KXBTCD-25MAY2018-T107249.99,DELTA,27,100,29,1000,2,yes,6,-5400
2025-05-20T14:02:18.107437,KXBTCD-25MAY2018-T107249.99,DELTA,27,100,29,1000,3,yes,4,8100
2025-05-20T14:02:18.209543,KXBTCD-25MAY2018-T107249.99,DELTA,27,100,29,1000,4,yes,7,-20000
2025-05-20T14:02:18.210263,KXBTCD-25MAY2018-T107249.99,DELTA,27,100,29,1000,5,yes,7,-2000
2025-05-20T14:02:18.210643,KXBTCD-25MAY2018-T107249.99,DELTA,27,100,29,1000,6,yes,7,-1250
2025-05-20T14:02:18.247785,KXBTCD-25MAY2018-T107249.99,DELTA,27,100,29,1000,7,yes,5,20000
2025-05-20T14:02:18.248109,KXBTCD-25MAY2018-T107249.99,DELTA,27,100,29,1000,8,yes,5,1250
2025-05-20T14:02:18.248274,KXBTCD-25MAY2018-T107249.99,DELTA,27,100,29,1000,9,yes,5,2000
2025-05-20T14:02:19.287507,KXBTCD-25MAY2018-T107249.99,DELTA,27,100,29,1000,10,yes,4,-8100
2025-05-20T14:02:19.288486,KXBTCD-25MAY2018-T107249.99,DELTA,27,100,29,1000,11,yes,6,5400
2025-05-20T14:02:19.346871,KXBTCD-25MAY2018-T107249.99,DELTA,27,100,29,1000,12,yes,5,-20000
2025-05-20T14:02:19.347651,KXBTCD-25MAY2018-T107249.99,DELTA,27,100,29,1000,13,yes,5,-2000
2025-05-20T14:02:19.365872,KXBTCD-25MAY2018-T107249.99,DELTA,27,100,29,1000,14,yes,5,-1250
2025-05-20T14:02:19.426408,KXBTCD-25MAY2018-T107249.99,DELTA,27,100,29,1000,15,yes,7,2000
2025-05-20T14:02:19.427111,KXBTCD-25MAY2018-T107249.99,DELTA,27,100,29,1000,16,yes,7,1250
2025-05-20T14:02:19.427612,KXBTCD-25MAY2018-T107249.99,DELTA,27,100,29,1000,17,yes,7,20000
2025-05-20T14:02:20.425936,KXBTCD-25MAY2018-T107249.99,DELTA,27,100,29,1000,18,yes,6,-5400
2025-05-20T14:02:20.426735,KXBTCD-25MAY2018-T107249.99,DELTA,27,100,29,1000,19,yes,4,8100
2025-05-20T14:02:20.486677,KXBTCD-25MAY2018-T107249.99,DELTA,27,100,29,1000,20,yes,7,-20000
2025-05-20T14:02:20.487669,KXBTCD-25MAY2018-T107249.99,DELTA,27,100,29,1000,21,yes,7,-2000
2025-05-20T14:02:20.506220,KXBTCD-25MAY2018-T107249.99,DELTA,27,100,29,1000,22,yes,7,-1250
2025-05-20T14:02:20.546579,KXBTCD-25MAY2018-T107249.99,DELTA,27,100,29,1000,23,yes,5,2000
2025-05-20T14:02:20.547932,KXBTCD-25MAY2018-T107249.99,DELTA,27,100,29,1000,24,yes,5,20000
2025-05-20T14:02:20.548491,KXBTCD-25MAY2018-T107249.99,DELTA,27,100,29,1000,25,yes,5,1250
2025-05-20T14:02:20.566142,KXBTCD-25MAY2018-T107249.99,DELTA,27,100,29,1000,26,no,65,-100
2025-05-20T14:02:21.792628,KXBTCD-25MAY2018-T107249.99,DELTA,27,100,29,1000,27,no,70,1250
2025-05-20T14:02:22.465506,KXBTCD-25MAY2018-T107249.99,DELTA,27,100,29,1000,28,no,66,100
2025-05-20T14:02:24.452231,KXBTCD-25MAY2018-T107249.99,DELTA,27,100,29,990,29,no,71,-10
2025-05-20T14:02:26.786518,KXBTCD-25MAY2018-T107249.99,DELTA,27,100,29,990,30,yes,4,-8100
2025-05-20T14:02:26.787281,KXBTCD-25MAY2018-T107249.99,DELTA,27,100,29,990,31,yes,6,5400
2025-05-20T14:02:26.864932,KXBTCD-25MAY2018-T107249.99,DELTA,27,100,29,990,32,yes,5,-20000
2025-05-20T14:02:26.884620,KXBTCD-25MAY2018-T107249.99,DELTA,27,100,29,990,33,yes,5,-2000
2025-05-20T14:02:26.884785,KXBTCD-25MAY2018-T107249.99,DELTA,27,100,29,990,34,yes,5,-1250
2025-05-20T14:02:26.965465,KXBTCD-25MAY2018-T107249.99,DELTA,27,100,29,990,35,yes,7,1250
2025-05-20T14:02:26.965655,KXBTCD-25MAY2018-T107249.99,DELTA,27,100,29,990,36,yes,7,20000
2025-05-20T14:02:26.985840,KXBTCD-25MAY2018-T107249.99,DELTA,27,100,29,990,37,yes,7,2000
2025-05-20T14:02:28.186710,KXBTCD-25MAY2018-T107249.99,DELTA,27,100,29,990,38,yes,25,-350
2025-05-20T14:02:28.206332,KXBTCD-25MAY2018-T107249.99,DELTA,27,100,29,990,39,no,70,-250
2025-05-20T14:02:28.245570,KXBTCD-25MAY2018-T107249.99,DELTA,27,100,29,990,40,yes,25,50
2025-05-20T14:02:28.246314,KXBTCD-25MAY2018-T107249.99,DELTA,27,100,29,1190,41,no,71,200
2025-05-20T14:02:28.266604,KXBTCD-25MAY2018-T107249.99,DELTA,27,100,29,1190,42,no,70,-2000
2025-05-20T14:02:28.287210,KXBTCD-25MAY2018-T107249.99,DELTA,27,100,29,1190,43,no,70,-1250
2025-05-20T14:02:28.288250,KXBTCD-25MAY2018-T107249.99,DELTA,27,100,29,1190,44,yes,25,-50
2025-05-20T14:02:28.326668,KXBTCD-25MAY2018-T107249.99,DELTA,27,100,29,1190,45,no,41,2000
2025-05-20T14:02:28.327308,KXBTCD-25MAY2018-T107249.99,DELTA,27,100,29,200,46,no,71,-990
2025-05-20T14:02:28.366689,KXBTCD-25MAY2018-T107249.99,DELTA,27,100,28,1000,47,no,72,1000
2025-05-20T14:02:28.385641,KXBTCD-25MAY2018-T107249.99,DELTA,27,100,28,1000,48,yes,24,150
2025-05-20T14:02:29.307263,KXBTCD-25MAY2018-T107249.99,DELTA,27,100,28,1000,49,no,41,-2000
2025-05-20T14:02:29.345666,KXBTCD-25MAY2018-T107249.99,DELTA,27,100,28,1000,50,no,71,2000
2025-05-20T14:02:29.465752,KXBTCD-25MAY2018-T107249.99,DELTA,27,100,28,1000,51,no,71,-2000
2025-05-20T14:02:29.505691,KXBTCD-25MAY2018-T107249.99,DELTA,27,100,28,1000,52,no,41,2000
2025-05-20T14:02:29.907586,KXBTCD-25MAY2018-T107249.99,DELTA,27,100,29,200,53,no,72,-1000
2025-05-20T14:02:29.908625,KXBTCD-25MAY2018-T107249.99,DELTA,27,100,29,200,54,no,41,-2000
2025-05-20T14:02:29.909925,KXBTCD-25MAY2018-T107249.99,DELTA,27,100,29,200,55,yes,20,-1000
2025-05-20T14:02:29.910492,KXBTCD-25MAY2018-T107249.99,DELTA,27,100,29,200,56,yes,7,-1250
2025-05-20T14:02:29.911316,KXBTCD-25MAY2018-T107249.99,DELTA,27,100,29,200,57,yes,7,-2000
2025-05-20T14:02:29.911879,KXBTCD-25MAY2018-T107249.99,DELTA,27,100,29,200,58,yes,7,-20000
2025-05-20T14:02:29.986758,KXBTCD-25MAY2018-T107249.99,DELTA,27,100,29,200,59,yes,19,-30
2025-05-20T14:02:29.987714,KXBTCD-25MAY2018-T107249.99,DELTA,27,100,29,200,60,yes,20,30
2025-05-20T14:02:29.988426,KXBTCD-25MAY2018-T107249.99,DELTA,27,100,29,200,61,yes,6,-5400
2025-05-20T14:02:29.988951,KXBTCD-25MAY2018-T107249.99,DELTA,27,100,29,200,62,yes,7,4628
2025-05-20T14:02:29.989429,KXBTCD-25MAY2018-T107249.99,DELTA,27,100,29,200,63,no,69,30
2025-05-20T14:02:29.989989,KXBTCD-25MAY2018-T107249.99,DELTA,27,100,29,200,64,no,70,-30
2025-05-20T14:02:30.005288,KXBTCD-25MAY2018-T107249.99,DELTA,27,100,30,14,65,no,71,-200
2025-05-20T14:02:30.047882,KXBTCD-25MAY2018-T107249.99,DELTA,27,100,30,14,66,yes,24,-150
2025-05-20T14:02:30.305079,KXBTCD-25MAY2018-T107249.99,DELTA,28,100,30,14,67,yes,28,100
2025-05-20T14:02:30.405014,KXBTCD-25MAY2018-T107249.99,DELTA,28,100,30,14,68,no,68,150
2025-05-20T14:02:30.606755,KXBTCD-25MAY2018-T107249.99,DELTA,28,100,30,14,69,no,66,-100
2025-05-20T14:02:30.686842,KXBTCD-25MAY2018-T107249.99,DELTA,28,100,30,14,70,yes,27,-100
2025-05-20T14:02:30.788297,KXBTCD-25MAY2018-T107249.99,DELTA,21,23,30,14,71,yes,28,-100
2025-05-20T14:02:30.789179,KXBTCD-25MAY2018-T107249.99,DELTA,21,23,30,14,72,yes,8,20000
2025-05-20T14:02:30.789840,KXBTCD-25MAY2018-T107249.99,DELTA,21,23,30,14,73,yes,8,2000
2025-05-20T14:02:30.790335,KXBTCD-25MAY2018-T107249.99,DELTA,21,23,30,14,74,yes,8,1250
2025-05-20T14:02:30.790798,KXBTCD-25MAY2018-T107249.99,DELTA,21,1023,30,14,75,yes,21,1000
2025-05-20T14:02:30.791228,KXBTCD-25MAY2018-T107249.99,DELTA,21,1023,30,1014,76,no,70,1000
2025-05-20T14:02:30.887748,KXBTCD-25MAY2018-T107249.99,DELTA,27,350,30,1014,77,yes,27,350
2025-05-20T14:02:31.105971,KXBTCD-25MAY2018-T107249.99,DELTA,27,350,30,1014,78,no,68,2000
2025-05-20T14:02:31.306529,KXBTCD-25MAY2018-T107249.99,DELTA,27,350,30,1014,79,no,68,-2000
2025-05-20T14:02:31.388241,KXBTCD-25MAY2018-T107249.99,DELTA,27,350,30,1014,80,no,69,2000
2025-05-20T14:02:31.505498,KXBTCD-25MAY2018-T107249.99,DELTA,21,1023,30,1014,81,yes,27,-350
2025-05-20T14:02:31.506106,KXBTCD-25MAY2018-T107249.99,DELTA,21,1023,30,1014,82,yes,7,-4628
2025-05-20T14:02:31.506272,KXBTCD-25MAY2018-T107249.99,DELTA,21,1023,30,1014,83,yes,4,8100
2025-05-20T14:02:31.607287,KXBTCD-25MAY2018-T107249.99,DELTA,22,9,30,1014,84,yes,22,9
2025-05-20T14:02:31.607563,KXBTCD-25MAY2018-T107249.99,DELTA,22,9,30,1014,85,yes,21,-9
2025-05-20T14:02:31.707483,KXBTCD-25MAY2018-T107249.99,DELTA,22,9,30,1014,86,yes,8,-20000
2025-05-20T14:02:31.807409,KXBTCD-25MAY2018-T107249.99,DELTA,22,9,30,1014,87,yes,8,-2000
2025-05-20T14:02:31.906937,KXBTCD-25MAY2018-T107249.99,DELTA,22,9,30,1014,88,yes,8,-1250
2025-05-20T14:02:32.186677,KXBTCD-25MAY2018-T107249.99,DELTA,22,9,30,1014,89,yes,5,2000
2025-05-20T14:02:32.188019,KXBTCD-25MAY2018-T107249.99,DELTA,22,9,30,1014,90,yes,5,20000
2025-05-20T14:02:32.189131,KXBTCD-25MAY2018-T107249.99,DELTA,26,300,30,1014,91,yes,26,300
2025-05-20T14:02:32.189722,KXBTCD-25MAY2018-T107249.99,DELTA,27,100,30,1014,92,yes,27,100
2025-05-20T14:02:32.286352,KXBTCD-25MAY2018-T107249.99,DELTA,27,100,30,1014,93,no,65,100
2025-05-20T14:02:33.246391,KXBTCD-25MAY2018-T107249.99,DELTA,27,100,30,1014,94,yes,4,-8100
2025-05-20T14:02:33.247136,KXBTCD-25MAY2018-T107249.99,DELTA,27,100,30,1014,95,yes,6,5400
2025-05-20T14:02:33.304724,KXBTCD-25MAY2018-T107249.99,DELTA,27,100,30,1014,96,yes,7,1250
2025-05-20T14:02:33.305014,KXBTCD-25MAY2018-T107249.99,DELTA,27,100,30,1014,97,yes,5,-20000
2025-05-20T14:02:33.324377,KXBTCD-25MAY2018-T107249.99,DELTA,27,100,30,1014,98,yes,5,-2000
2025-05-20T14:02:33.364562,KXBTCD-25MAY2018-T107249.99,DELTA,27,100,30,1014,99,yes,7,20000
2025-05-20T14:02:33.364859,KXBTCD-25MAY2018-T107249.99,DELTA,27,100,30,1014,100,yes,7,2000
2025-05-20T14:02:33.865535,KXBTCD-25MAY2018-T107249.99,DELTA,27,100,30,1014,101,no,68,-150
2025-05-20T14:02:33.886063,KXBTCD-25MAY2018-T107249.99,DELTA,27,100,30,1064,102,no,70,50
2025-05-20T14:02:33.927586,KXBTCD-25MAY2018-T107249.99,DELTA,27,100,30,1064,103,no,69,-2000
2025-05-20T14:02:33.967422,KXBTCD-25MAY2018-T107249.99,DELTA,27,100,30,64,104,no,70,-1000
2025-05-20T14:02:33.967799,KXBTCD-25MAY2018-T107249.99,DELTA,27,100,30,64,105,no,41,2000
2025-05-20T14:02:34.025827,KXBTCD-25MAY2018-T107249.99,DELTA,27,100,29,1000,106,no,71,1000
2025-05-20T14:02:34.366414,KXBTCD-25MAY2018-T107249.99,DELTA,27,100,29,1000,107,yes,6,-5400
2025-05-20T14:02:34.367067,KXBTCD-25MAY2018-T107249.99,DELTA,27,100,29,1000,108,yes,4,8100
2025-05-20T14:02:34.427232,KXBTCD-25MAY2018-T107249.99,DELTA,27,100,29,1000,109,yes,7,-20000
2025-05-20T14:02:34.428075,KXBTCD-25MAY2018-T107249.99,DELTA,27,100,29,1000,110,yes,7,-2000
2025-05-20T14:02:34.445804,KXBTCD-25MAY2018-T107249.99,DELTA,27,100,29,1000,111,yes,7,-1250
2025-05-20T14:02:34.505602,KXBTCD-25MAY2018-T107249.99,DELTA,27,100,29,1000,112,yes,5,2000
2025-05-20T14:02:34.505838,KXBTCD-25MAY2018-T107249.99,DELTA,27,100,29,1000,113,yes,5,20000
2025-05-20T14:02:35.506928,KXBTCD-25MAY2018-T107249.99,DELTA,27,100,29,1000,114,yes,4,-8100
2025-05-20T14:02:35.508198,KXBTCD-25MAY2018-T107249.99,DELTA,27,100,29,1000,115,yes,6,5400
2025-05-20T14:02:35.566223,KXBTCD-25MAY2018-T107249.99,DELTA,27,100,29,1000,116,yes,7,1250
2025-05-20T14:02:35.586259,KXBTCD-25MAY2018-T107249.99,DELTA,27,100,29,1000,117,yes,5,-20000
2025-05-20T14:02:35.606419,KXBTCD-25MAY2018-T107249.99,DELTA,27,100,29,1000,118,yes,5,-2000
2025-05-20T14:02:35.648084,KXBTCD-25MAY2018-T107249.99,DELTA,27,100,29,1000,119,yes,7,2000
2025-05-20T14:02:35.667260,KXBTCD-25MAY2018-T107249.99,DELTA,27,100,29,1000,120,yes,7,20000
2025-05-20T14:02:35.725752,KXBTCD-25MAY2018-T107249.99,DELTA,27,100,29,1000,121,no,70,-50
2025-05-20T14:02:35.764581,KXBTCD-25MAY2018-T107249.99,DELTA,27,100,29,1000,122,no,70,150
2025-05-20T14:02:35.785659,KXBTCD-25MAY2018-T107249.99,DELTA,27,100,30,164,123,no,71,-1000
2025-05-20T14:02:35.828491,KXBTCD-25MAY2018-T107249.99,DELTA,27,100,29,1000,124,no,71,1000
2025-05-20T14:02:36.286851,KXBTCD-25MAY2018-T107249.99,DELTA,27,100,29,1000,125,no,70,-150
2025-05-20T14:02:36.325272,KXBTCD-25MAY2018-T107249.99,DELTA,27,100,29,1000,126,no,69,150
2025-05-20T14:02:36.365975,KXBTCD-25MAY2018-T107249.99,DELTA,27,100,30,14,127,no,71,-1000
2025-05-20T14:02:36.445969,KXBTCD-25MAY2018-T107249.99,DELTA,27,100,30,1014,128,no,70,1000
2025-05-20T14:02:36.485637,KXBTCD-25MAY2018-T107249.99,DELTA,27,100,30,1014,129,no,69,-150
2025-05-20T14:02:36.524847,KXBTCD-25MAY2018-T107249.99,DELTA,27,100,30,1014,130,no,68,300
2025-05-20T14:02:36.605280,KXBTCD-25MAY2018-T107249.99,DELTA,27,100,30,1014,131,no,41,-2000
2025-05-20T14:02:36.825886,KXBTCD-25MAY2018-T107249.99,DELTA,27,100,30,1014,132,no,68,2000
2025-05-20T14:02:37.025459,KXBTCD-25MAY2018-T107249.99,DELTA,26,300,30,1014,133,yes,27,-100
2025-05-20T14:02:37.985707,KXBTCD-25MAY2018-T107249.99,DELTA,28,100,30,1014,134,yes,28,100
2025-05-20T14:02:37.986833,KXBTCD-25MAY2018-T107249.99,DELTA,28,100,30,1014,135,no,68,1250
2025-05-20T14:02:40.345261,KXBTCD-25MAY2018-T107249.99,DELTA,28,100,30,1014,136,yes,26,-300
2025-05-20T14:02:40.445972,KXBTCD-25MAY2018-T107249.99,DELTA,28,200,30,1014,137,yes,28,100
2025-05-20T14:02:40.505303,KXBTCD-25MAY2018-T107249.99,DELTA,28,200,30,1014,138,yes,21,-14
2025-05-20T14:02:40.505539,KXBTCD-25MAY2018-T107249.99,DELTA,28,200,30,1014,139,yes,23,14
2025-05-20T14:02:40.505696,KXBTCD-25MAY2018-T107249.99,DELTA,28,200,30,1014,140,no,68,14
2025-05-20T14:02:40.506015,KXBTCD-25MAY2018-T107249.99,DELTA,28,200,30,1000,141,no,70,-14
2025-05-20T14:02:40.925882,KXBTCD-25MAY2018-T107249.99,DELTA,28,200,30,1000,142,no,65,-100
2025-05-20T14:02:40.945818,KXBTCD-25MAY2018-T107249.99,DELTA,28,100,30,1000,143,yes,28,-100
2025-05-20T14:02:41.747189,KXBTCD-25MAY2018-T107249.99,DELTA,28,100,30,1000,144,no,63,100
2025-05-20T14:02:41.767317,KXBTCD-25MAY2018-T107249.99,DELTA,29,100,30,1000,145,yes,29,100
2025-05-20T14:02:41.846263,KXBTCD-25MAY2018-T107249.99,DELTA,29,100,30,1000,146,yes,6,-5400
2025-05-20T14:02:41.846970,KXBTCD-25MAY2018-T107249.99,DELTA,29,100,30,1000,147,yes,4,8100
2025-05-20T14:02:41.928195,KXBTCD-25MAY2018-T107249.99,DELTA,29,100,30,1000,148,yes,7,-20000
2025-05-20T14:02:41.929286,KXBTCD-25MAY2018-T107249.99,DELTA,29,100,30,1000,149,yes,7,-2000
2025-05-20T14:02:41.944516,KXBTCD-25MAY2018-T107249.99,DELTA,29,100,30,1000,150,yes,7,-1250
2025-05-20T14:02:42.005856,KXBTCD-25MAY2018-T107249.99,DELTA,29,100,30,1000,151,yes,5,2000
2025-05-20T14:02:42.006986,KXBTCD-25MAY2018-T107249.99,DELTA,29,100,30,1000,152,yes,5,20000
2025-05-20T14:02:42.187013,KXBTCD-25MAY2018-T107249.99,DELTA,29,100,30,1000,153,no,68,-1250
2025-05-20T14:02:45.046318,KXBTCD-25MAY2018-T107249.99,DELTA,29,100,30,1000,154,no,68,-2000
2025-05-20T14:02:45.087692,KXBTCD-25MAY2018-T107249.99,DELTA,29,100,30,1000,155,yes,4,-8100
2025-05-20T14:02:45.088486,KXBTCD-25MAY2018-T107249.99,DELTA,29,100,30,1000,156,yes,6,5400
2025-05-20T14:02:45.130405,KXBTCD-25MAY2018-T107249.99,DELTA,29,100,30,1000,157,no,41,2000
2025-05-20T14:02:45.225522,KXBTCD-25MAY2018-T107249.99,DELTA,29,100,30,1000,158,yes,5,-20000
2025-05-20T14:02:45.225776,KXBTCD-25MAY2018-T107249.99,DELTA,29,100,30,1000,159,yes,5,-2000
2025-05-20T14:02:45.308397,KXBTCD-25MAY2018-T107249.99,DELTA,29,100,30,1000,160,yes,7,20000
2025-05-20T14:02:45.308583,KXBTCD-25MAY2018-T107249.99,DELTA,29,100,30,1000,161,yes,7,2000
2025-05-20T14:02:45.365303,KXBTCD-25MAY2018-T107249.99,DELTA,29,100,30,1000,162,yes,7,1250
2025-05-20T14:02:45.365654,KXBTCD-25MAY2018-T107249.99,DELTA,29,100,30,1000,163,no,41,-2000
2025-05-20T14:02:45.464828,KXBTCD-25MAY2018-T107249.99,DELTA,29,100,30,1000,164,no,68,2000
2025-05-20T14:02:46.246969,KXBTCD-25MAY2018-T107249.99,DELTA,29,100,30,1000,165,yes,6,-5400
2025-05-20T14:02:46.247292,KXBTCD-25MAY2018-T107249.99,DELTA,29,100,30,1000,166,yes,4,8100
2025-05-20T14:02:46.306474,KXBTCD-25MAY2018-T107249.99,DELTA,29,100,30,1000,167,yes,7,-20000
2025-05-20T14:02:46.327810,KXBTCD-25MAY2018-T107249.99,DELTA,29,100,30,1000,168,yes,7,-2000
2025-05-20T14:02:46.328920,KXBTCD-25MAY2018-T107249.99,DELTA,29,100,30,1000,169,yes,7,-1250
2025-05-20T14:02:46.385234,KXBTCD-25MAY2018-T107249.99,DELTA,29,100,30,1000,170,yes,5,20000
2025-05-20T14:02:46.386256,KXBTCD-25MAY2018-T107249.99,DELTA,29,100,30,1000,171,yes,5,2000
2025-05-20T14:02:47.405149,KXBTCD-25MAY2018-T107249.99,DELTA,29,100,30,1000,172,yes,4,-8100
2025-05-20T14:02:47.405479,KXBTCD-25MAY2018-T107249.99,DELTA,29,100,30,1000,173,yes,6,5400
2025-05-20T14:02:47.445876,KXBTCD-25MAY2018-T107249.99,DELTA,29,100,30,1000,174,yes,28,-100
2025-05-20T14:02:47.446347,KXBTCD-25MAY2018-T107249.99,DELTA,29,100,30,1000,175,no,68,-300
2025-05-20T14:02:47.486341,KXBTCD-25MAY2018-T107249.99,DELTA,29,100,30,1000,176,yes,5,-20000
2025-05-20T14:02:47.507247,KXBTCD-25MAY2018-T107249.99,DELTA,29,100,30,1000,177,yes,5,-2000
2025-05-20T14:02:47.508039,KXBTCD-25MAY2018-T107249.99,DELTA,29,100,30,1000,178,yes,28,300
2025-05-20T14:02:47.508867,KXBTCD-25MAY2018-T107249.99,DELTA,29,100,30,1000,179,no,68,-2000
2025-05-20T14:02:47.509390,KXBTCD-25MAY2018-T107249.99,DELTA,29,100,30,1000,180,no,67,250
2025-05-20T14:02:47.607397,KXBTCD-25MAY2018-T107249.99,DELTA,29,100,30,1000,181,no,67,1250
2025-05-20T14:02:47.608112,KXBTCD-25MAY2018-T107249.99,DELTA,29,100,30,1000,182,no,67,2000
2025-05-20T14:02:47.608609,KXBTCD-25MAY2018-T107249.99,DELTA,29,100,30,1000,183,yes,7,20000
2025-05-20T14:02:47.666254,KXBTCD-25MAY2018-T107249.99,DELTA,29,100,30,1000,184,yes,7,2000
2025-05-20T14:02:47.667157,KXBTCD-25MAY2018-T107249.99,DELTA,29,100,30,1000,185,no,67,-1250
2025-05-20T14:02:47.905245,KXBTCD-25MAY2018-T107249.99,DELTA,29,100,31,30,186,no,70,-1000
2025-05-20T14:02:47.944857,KXBTCD-25MAY2018-T107249.99,DELTA,29,100,31,30,187,no,67,-250
2025-05-20T14:02:47.967669,KXBTCD-25MAY2018-T107249.99,DELTA,29,100,30,1000,188,no,70,1000
2025-05-20T14:02:48.009356,KXBTCD-25MAY2018-T107249.99,DELTA,29,100,30,1000,189,no,67,-2000
2025-05-20T14:02:48.066555,KXBTCD-25MAY2018-T107249.99,DELTA,29,100,30,1000,190,no,41,2000
2025-05-20T14:02:48.106398,KXBTCD-25MAY2018-T107249.99,DELTA,29,100,30,1000,191,no,66,250
2025-05-20T14:02:48.167646,KXBTCD-25MAY2018-T107249.99,DELTA,29,100,30,1000,192,no,66,1250
2025-05-20T14:02:48.168675,KXBTCD-25MAY2018-T107249.99,DELTA,29,100,30,1000,193,no,41,-2000
2025-05-20T14:02:48.226558,KXBTCD-25MAY2018-T107249.99,DELTA,29,100,30,1000,194,no,67,2000
2025-05-20T14:02:48.607019,KXBTCD-25MAY2018-T107249.99,DELTA,29,100,30,1000,195,yes,6,-5400
2025-05-20T14:02:48.607533,KXBTCD-25MAY2018-T107249.99,DELTA,29,100,30,1000,196,yes,4,8100
2025-05-20T14:02:48.666523,KXBTCD-25MAY2018-T107249.99,DELTA,29,100,30,1000,197,yes,7,-20000
2025-05-20T14:02:48.686556,KXBTCD-25MAY2018-T107249.99,DELTA,29,100,30,1000,198,yes,7,-2000
2025-05-20T14:02:48.725645,KXBTCD-25MAY2018-T107249.99,DELTA,29,100,30,1000,199,yes,5,20000
2025-05-20T14:02:48.726448,KXBTCD-25MAY2018-T107249.99,DELTA,29,100,30,1000,200,yes,5,2000
2025-05-20T14:02:49.786683,KXBTCD-25MAY2018-T107249.99,DELTA,29,100,30,1000,201,yes,4,-8100
2025-05-20T14:02:49.787487,KXBTCD-25MAY2018-T107249.99,DELTA,29,100,30,1000,202,yes,6,5400
2025-05-20T14:02:49.846477,KXBTCD-25MAY2018-T107249.99,DELTA,29,100,30,1000,203,yes,5,-20000
2025-05-20T14:02:49.865976,KXBTCD-25MAY2018-T107249.99,DELTA,29,100,30,1000,204,yes,5,-2000
2025-05-20T14:02:49.906647,KXBTCD-25MAY2018-T107249.99,DELTA,29,100,30,1000,205,yes,7,2000
2025-05-20T14:02:49.926262,KXBTCD-25MAY2018-T107249.99,DELTA,29,100,30,1000,206,yes,7,20000
2025-05-20T14:02:50.007698,KXBTCD-25MAY2018-T107249.99,DELTA,29,100,30,1000,207,yes,20,-30
2025-05-20T14:02:50.008640,KXBTCD-25MAY2018-T107249.99,DELTA,29,100,30,1000,208,yes,22,30
2025-05-20T14:02:50.025537,KXBTCD-25MAY2018-T107249.99,DELTA,29,100,30,1000,209,no,69,-30
2025-05-20T14:02:50.026899,KXBTCD-25MAY2018-T107249.99,DELTA,29,100,30,1000,210,no,67,30
2025-05-20T14:02:50.065309,KXBTCD-25MAY2018-T107249.99,DELTA,29,100,30,1000,211,yes,21,-1000
2025-05-20T14:02:50.084929,KXBTCD-25MAY2018-T107249.99,DELTA,29,100,32,14,212,no,70,-1000
2025-05-20T14:02:50.125439,KXBTCD-25MAY2018-T107249.99,DELTA,29,100,32,14,213,yes,23,1000
2025-05-20T14:02:50.146572,KXBTCD-25MAY2018-T107249.99,DELTA,29,100,32,1014,214,no,68,1000
2025-05-20T14:02:52.101878,KXBTCD-25MAY2018-T107249.99,DELTA,28,300,32,1014,215,yes,29,-100
2025-05-20T14:02:52.125859,KXBTCD-25MAY2018-T107249.99,DELTA,28,300,32,1014,216,yes,22,-9
2025-05-20T14:02:52.151973,KXBTCD-25MAY2018-T107249.99,DELTA,28,300,32,1014,217,yes,24,9
2025-05-20T14:02:52.716174,KXBTCD-25MAY2018-T107249.99,DELTA,28,300,32,1014,218,yes,23,-14
2025-05-20T14:02:52.717373,KXBTCD-25MAY2018-T107249.99,DELTA,28,300,32,1014,219,yes,24,14
2025-05-20T14:02:52.718059,KXBTCD-25MAY2018-T107249.99,DELTA,28,300,32,1000,220,no,68,-14
2025-05-20T14:02:52.718544,KXBTCD-25MAY2018-T107249.99,DELTA,28,300,32,1000,221,no,67,14
2025-05-20T14:02:52.727901,KXBTCD-25MAY2018-T107249.99,DELTA,24,23,32,1000,222,yes,28,-300
2025-05-20T14:02:52.728733,KXBTCD-25MAY2018-T107249.99,DELTA,24,23,32,1000,223,no,67,-2000
2025-05-20T14:02:52.749377,KXBTCD-25MAY2018-T107249.99,DELTA,24,23,32,1000,224,no,66,-1250
2025-05-20T14:02:52.787635,KXBTCD-25MAY2018-T107249.99,DELTA,30,50,32,1000,225,yes,30,50
2025-05-20T14:02:52.827083,KXBTCD-25MAY2018-T107249.99,DELTA,30,50,32,1000,226,no,66,2000
2025-05-20T14:02:52.827982,KXBTCD-25MAY2018-T107249.99,DELTA,24,23,32,1000,227,yes,30,-50
2025-05-20T14:02:52.925989,KXBTCD-25MAY2018-T107249.99,DELTA,30,150,32,1000,228,yes,30,150
2025-05-20T14:02:53.005934,KXBTCD-25MAY2018-T107249.99,DELTA,30,250,32,1000,229,yes,30,100
2025-05-20T14:02:53.841684,KXBTCD-25MAY2018-T107249.99,DELTA,30,250,32,1000,230,yes,24,30
2025-05-20T14:02:53.841990,KXBTCD-25MAY2018-T107249.99,DELTA,30,250,32,1000,231,yes,22,-30
2025-05-20T14:02:53.842314,KXBTCD-25MAY2018-T107249.99,DELTA,30,250,32,1000,232,no,66,30
2025-05-20T14:02:53.842433,KXBTCD-25MAY2018-T107249.99,DELTA,30,250,32,1000,233,no,67,-30
2025-05-20T14:02:53.842541,KXBTCD-25MAY2018-T107249.99,DELTA,30,250,32,1000,234,yes,23,-1000
2025-05-20T14:02:53.911128,KXBTCD-25MAY2018-T107249.99,DELTA,30,250,33,14,235,no,68,-1000
2025-05-20T14:02:53.911860,KXBTCD-25MAY2018-T107249.99,DELTA,30,250,33,14,236,yes,25,1000
2025-05-20T14:02:53.912347,KXBTCD-25MAY2018-T107249.99,DELTA,30,250,33,1014,237,no,67,1000
2025-05-20T14:02:55.480267,KXBTCD-25MAY2018-T107249.99,DELTA,30,100,33,1014,238,yes,30,-150
2025-05-20T14:02:55.480670,KXBTCD-25MAY2018-T107249.99,DELTA,30,100,33,1014,239,yes,29,300
2025-05-20T14:02:55.506916,KXBTCD-25MAY2018-T107249.99,DELTA,30,100,33,1014,240,yes,24,-9
2025-05-20T14:02:55.507227,KXBTCD-25MAY2018-T107249.99,DELTA,30,100,33,1014,241,yes,26,9
2025-05-20T14:02:55.746830,KXBTCD-25MAY2018-T107249.99,DELTA,30,100,33,1014,242,no,66,-250
2025-05-20T14:02:55.785975,KXBTCD-25MAY2018-T107249.99,DELTA,30,100,33,1014,243,no,65,250
2025-05-20T14:02:55.826436,KXBTCD-25MAY2018-T107249.99,DELTA,30,100,33,1014,244,no,66,-2000
2025-05-20T14:02:55.847261,KXBTCD-25MAY2018-T107249.99,DELTA,30,100,33,1014,245,no,65,1250
2025-05-20T14:02:55.866255,KXBTCD-25MAY2018-T107249.99,DELTA,30,100,33,1014,246,no,66,2000
2025-05-20T14:02:56.025754,KXBTCD-25MAY2018-T107249.99,DELTA,30,100,33,1014,247,no,66,-2000
2025-05-20T14:02:56.026123,KXBTCD-25MAY2018-T107249.99,DELTA,30,100,33,1014,248,no,65,-1250
2025-05-20T14:02:56.044562,KXBTCD-25MAY2018-T107249.99,DELTA,30,100,33,1014,249,yes,6,-5400
2025-05-20T14:02:56.044774,KXBTCD-25MAY2018-T107249.99,DELTA,30,100,33,1014,250,yes,4,8100
2025-05-20T14:02:56.085721,KXBTCD-25MAY2018-T107249.99,DELTA,30,100,33,1014,251,no,65,2000
2025-05-20T14:02:56.146360,KXBTCD-25MAY2018-T107249.99,DELTA,30,100,33,1014,252,yes,7,-20000
2025-05-20T14:02:56.165688,KXBTCD-25MAY2018-T107249.99,DELTA,30,100,33,1014,253,yes,7,-2000
2025-05-20T14:02:56.206079,KXBTCD-25MAY2018-T107249.99,DELTA,30,100,33,1014,254,yes,5,20000
2025-05-20T14:02:56.225428,KXBTCD-25MAY2018-T107249.99,DELTA,30,100,33,1014,255,yes,5,2000
2025-05-20T14:02:56.608928,KXBTCD-25MAY2018-T107249.99,DELTA,30,100,33,1014,256,no,65,1250
2025-05-20T14:02:56.610173,KXBTCD-25MAY2018-T107249.99,DELTA,30,100,33,1014,257,no,65,-2000
2025-05-20T14:02:56.627042,KXBTCD-25MAY2018-T107249.99,DELTA,30,100,33,1014,258,no,66,2000
2025-05-20T14:02:59.126992,KXBTCD-25MAY2018-T107249.99,DELTA,30,100,33,1014,259,yes,4,-8100
2025-05-20T14:02:59.127852,KXBTCD-25MAY2018-T107249.99,DELTA,30,100,33,1014,260,yes,6,5400
2025-05-20T14:02:59.187074,KXBTCD-25MAY2018-T107249.99,DELTA,30,100,33,1014,261,yes,5,-20000
2025-05-20T14:02:59.188015,KXBTCD-25MAY2018-T107249.99,DELTA,30,100,33,1014,262,yes,5,-2000
2025-05-20T14:02:59.246327,KXBTCD-25MAY2018-T107249.99,DELTA,30,100,33,1014,263,yes,7,20000
2025-05-20T14:02:59.247471,KXBTCD-25MAY2018-T107249.99,DELTA,30,100,33,1014,264,yes,7,2000
2025-05-20T14:03:00.247094,KXBTCD-25MAY2018-T107249.99,DELTA,30,100,33,1014,265,yes,6,-5400
2025-05-20T14:03:00.247959,KXBTCD-25MAY2018-T107249.99,DELTA,30,100,33,1014,266,yes,4,8100
2025-05-20T14:03:00.307260,KXBTCD-25MAY2018-T107249.99,DELTA,30,100,33,1014,267,yes,7,-20000
2025-05-20T14:03:00.325558,KXBTCD-25MAY2018-T107249.99,DELTA,30,100,33,1014,268,yes,7,-2000
2025-05-20T14:03:00.366426,KXBTCD-25MAY2018-T107249.99,DELTA,30,100,33,1014,269,yes,5,2000
2025-05-20T14:03:00.367453,KXBTCD-25MAY2018-T107249.99,DELTA,30,100,33,1014,270,yes,5,20000
2025-05-20T14:03:01.164758,KXBTCD-25MAY2018-T107249.99,DELTA,30,100,33,1014,271,no,63,-100
2025-05-20T14:03:01.306165,KXBTCD-25MAY2018-T107249.99,DELTA,30,100,33,1014,272,yes,4,-8100
2025-05-20T14:03:01.307087,KXBTCD-25MAY2018-T107249.99,DELTA,30,100,33,1014,273,yes,6,5400
2025-05-20T14:03:01.366938,KXBTCD-25MAY2018-T107249.99,DELTA,30,100,33,1014,274,yes,5,-20000
2025-05-20T14:03:01.367928,KXBTCD-25MAY2018-T107249.99,DELTA,30,100,33,1014,275,yes,5,-2000
2025-05-20T14:03:01.424453,KXBTCD-25MAY2018-T107249.99,DELTA,30,100,33,1014,276,yes,7,2000
2025-05-20T14:03:01.425401,KXBTCD-25MAY2018-T107249.99,DELTA,30,100,33,1014,277,yes,7,20000
2025-05-20T14:03:02.027308,KXBTCD-25MAY2018-T107249.99,DELTA,30,100,33,1014,278,no,61,100
2025-05-20T14:03:02.385194,KXBTCD-25MAY2018-T107249.99,DELTA,30,100,33,1014,279,no,61,-100
2025-05-20T14:03:02.424384,KXBTCD-25MAY2018-T107249.99,DELTA,30,100,33,1014,280,yes,6,-5400
2025-05-20T14:03:02.424621,KXBTCD-25MAY2018-T107249.99,DELTA,30,100,33,1014,281,yes,4,8100
2025-05-20T14:03:02.485711,KXBTCD-25MAY2018-T107249.99,DELTA,30,100,33,1014,282,yes,7,-20000
2025-05-20T14:03:02.486381,KXBTCD-25MAY2018-T107249.99,DELTA,30,100,33,1014,283,yes,7,-2000
2025-05-20T14:03:02.546625,KXBTCD-25MAY2018-T107249.99,DELTA,30,100,33,1014,284,yes,5,20000
2025-05-20T14:03:02.547532,KXBTCD-25MAY2018-T107249.99,DELTA,30,100,33,1014,285,yes,5,2000
2025-05-20T14:03:03.107511,KXBTCD-25MAY2018-T107249.99,DELTA,29,300,33,1014,286,yes,30,-100
2025-05-20T14:03:03.524515,KXBTCD-25MAY2018-T107249.99,DELTA,29,300,33,1014,287,no,61,100
2025-05-20T14:03:03.524734,KXBTCD-25MAY2018-T107249.99,DELTA,29,300,33,1014,288,yes,4,-8100
2025-05-20T14:03:03.524837,KXBTCD-25MAY2018-T107249.99,DELTA,29,300,33,1014,289,yes,5,6480
2025-05-20T14:03:03.605583,KXBTCD-25MAY2018-T107249.99,DELTA,29,300,33,1014,290,yes,5,-20000
2025-05-20T14:03:03.625403,KXBTCD-25MAY2018-T107249.99,DELTA,29,300,33,1014,291,yes,5,-2000
2025-05-20T14:03:03.625929,KXBTCD-25MAY2018-T107249.99,DELTA,29,300,33,1014,292,yes,26,-9
2025-05-20T14:03:03.685699,KXBTCD-25MAY2018-T107249.99,DELTA,29,300,33,1012,293,no,67,-2
2025-05-20T14:03:03.725507,KXBTCD-25MAY2018-T107249.99,DELTA,29,300,33,1012,294,yes,6,20000
2025-05-20T14:03:03.726136,KXBTCD-25MAY2018-T107249.99,DELTA,29,300,33,1012,295,yes,6,2000
2025-05-20T14:03:04.085638,KXBTCD-25MAY2018-T107249.99,DELTA,31,100,33,1012,296,yes,31,100
2025-05-20T14:03:04.746255,KXBTCD-25MAY2018-T107249.99,DELTA,31,100,33,1012,297,no,61,-100
2025-05-20T14:03:05.566034,KXBTCD-25MAY2018-T107249.99,DELTA,31,100,33,1012,298,no,66,-2000
2025-05-20T14:03:05.566804,KXBTCD-25MAY2018-T107249.99,DELTA,31,100,33,1012,299,no,65,-1250
2025-05-20T14:03:05.585717,KXBTCD-25MAY2018-T107249.99,DELTA,31,100,33,1012,300,no,61,100
2025-05-20T14:03:05.626667,KXBTCD-25MAY2018-T107249.99,DELTA,31,100,33,1012,301,no,65,2000
2025-05-20T14:03:05.665029,KXBTCD-25MAY2018-T107249.99,DELTA,31,100,33,1012,302,yes,26,9
2025-05-20T14:03:06.446327,KXBTCD-25MAY2018-T107249.99,DELTA,31,100,33,1012,303,no,61,-100
2025-05-20T14:03:07.646412,KXBTCD-25MAY2018-T107249.99,DELTA,31,100,33,1012,304,no,62,100
2025-05-20T14:03:09.805824,KXBTCD-25MAY2018-T107249.99,DELTA,31,100,33,1012,305,yes,5,-6480
2025-05-20T14:03:09.806385,KXBTCD-25MAY2018-T107249.99,DELTA,31,100,33,1012,306,yes,4,8100
2025-05-20T14:03:10.006533,KXBTCD-25MAY2018-T107249.99,DELTA,31,100,33,1012,307,yes,6,-20000
2025-05-20T14:03:10.026822,KXBTCD-25MAY2018-T107249.99,DELTA,31,100,33,1012,308,yes,6,-2000
2025-05-20T14:03:10.067253,KXBTCD-25MAY2018-T107249.99,DELTA,31,100,33,1012,309,yes,5,2000
2025-05-20T14:03:10.068306,KXBTCD-25MAY2018-T107249.99,DELTA,31,100,33,1012,310,yes,5,20000
2025-05-20T14:03:10.248922,KXBTCD-25MAY2018-T107249.99,DELTA,31,100,33,1012,311,no,65,-2000
2025-05-20T14:03:10.250256,KXBTCD-25MAY2018-T107249.99,DELTA,31,100,33,1012,312,no,65,1250
2025-05-20T14:03:10.325898,KXBTCD-25MAY2018-T107249.99,DELTA,31,100,33,1012,313,no,65,-250
2025-05-20T14:03:10.326673,KXBTCD-25MAY2018-T107249.99,DELTA,31,100,33,1012,314,no,66,2000
2025-05-20T14:03:10.346125,KXBTCD-25MAY2018-T107249.99,DELTA,31,100,33,1062,315,no,67,50
2025-05-20T14:03:10.406214,KXBTCD-25MAY2018-T107249.99,DELTA,31,100,33,1062,316,no,66,-2000
2025-05-20T14:03:10.425766,KXBTCD-25MAY2018-T107249.99,DELTA,31,100,33,1062,317,no,65,-1250
2025-05-20T14:03:10.484755,KXBTCD-25MAY2018-T107249.99,DELTA,31,100,33,62,318,no,67,-1000
2025-05-20T14:03:10.485379,KXBTCD-25MAY2018-T107249.99,DELTA,31,100,33,62,319,no,41,2000
2025-05-20T14:03:10.525800,KXBTCD-25MAY2018-T107249.99,DELTA,31,100,32,1000,320,no,68,1000
2025-05-20T14:03:11.080125,KXBTCD-25MAY2018-T107249.99,DELTA,31,100,32,1000,321,no,26,-1246
2025-05-20T14:03:12.828728,KXBTCD-25MAY2018-T107249.99,DELTA,31,100,32,866,322,no,68,-134
2025-05-20T14:03:13.006769,KXBTCD-25MAY2018-T107249.99,DELTA,31,100,32,866,323,yes,4,-8100
2025-05-20T14:03:13.007683,KXBTCD-25MAY2018-T107249.99,DELTA,31,100,32,866,324,yes,5,6480
2025-05-20T14:03:13.046339,KXBTCD-25MAY2018-T107249.99,DELTA,31,100,32,866,325,no,26,1246
2025-05-20T14:03:13.066715,KXBTCD-25MAY2018-T107249.99,DELTA,31,100,32,866,326,yes,5,-20000
2025-05-20T14:03:13.067682,KXBTCD-25MAY2018-T107249.99,DELTA,31,100,32,866,327,yes,5,-2000
2025-05-20T14:03:13.147785,KXBTCD-25MAY2018-T107249.99,DELTA,31,100,32,866,328,yes,6,2000
2025-05-20T14:03:13.148949,KXBTCD-25MAY2018-T107249.99,DELTA,31,100,32,866,329,yes,6,20000
2025-05-20T14:03:13.707163,KXBTCD-25MAY2018-T107249.99,DELTA,31,100,32,866,330,no,67,-50
2025-05-20T14:03:13.745987,KXBTCD-25MAY2018-T107249.99,DELTA,31,100,32,866,331,no,67,150
2025-05-20T14:03:13.786578,KXBTCD-25MAY2018-T107249.99,DELTA,31,100,33,162,332,no,68,-866
2025-05-20T14:03:13.805851,KXBTCD-25MAY2018-T107249.99,DELTA,31,100,33,162,333,yes,29,-300
2025-05-20T14:03:13.866235,KXBTCD-25MAY2018-T107249.99,DELTA,31,100,32,1000,334,no,68,1000
2025-05-20T14:03:13.885680,KXBTCD-25MAY2018-T107249.99,DELTA,31,100,32,1000,335,yes,28,250
2025-05-20T14:03:14.146271,KXBTCD-25MAY2018-T107249.99,DELTA,31,100,32,1000,336,yes,5,-6480
2025-05-20T14:03:14.147297,KXBTCD-25MAY2018-T107249.99,DELTA,31,100,32,1000,337,yes,4,8100
2025-05-20T14:03:14.206253,KXBTCD-25MAY2018-T107249.99,DELTA,31,100,32,1000,338,yes,6,-20000
2025-05-20T14:03:14.207184,KXBTCD-25MAY2018-T107249.99,DELTA,31,100,32,1000,339,yes,6,-2000
2025-05-20T14:03:14.266109,KXBTCD-25MAY2018-T107249.99,DELTA,31,100,32,1000,340,yes,5,20000
2025-05-20T14:03:14.285329,KXBTCD-25MAY2018-T107249.99,DELTA,31,100,32,1000,341,yes,5,2000
2025-05-20T14:03:15.246547,KXBTCD-25MAY2018-T107249.99,DELTA,31,100,32,1000,342,yes,4,-8100
2025-05-20T14:03:15.247531,KXBTCD-25MAY2018-T107249.99,DELTA,31,100,32,1000,343,yes,5,6480
2025-05-20T14:03:15.358007,KXBTCD-25MAY2018-T107249.99,DELTA,31,100,32,1000,344,yes,5,-20000
2025-05-20T14:03:15.358379,KXBTCD-25MAY2018-T107249.99,DELTA,31,100,32,1000,345,yes,5,-2000
2025-05-20T14:03:15.359268,KXBTCD-25MAY2018-T107249.99,DELTA,31,100,32,1000,346,yes,6,2000
2025-05-20T14:03:15.366860,KXBTCD-25MAY2018-T107249.99,DELTA,31,100,32,1000,347,yes,26,-9
2025-05-20T14:03:15.367002,KXBTCD-25MAY2018-T107249.99,DELTA,31,100,32,1000,348,yes,6,20000
2025-05-20T14:03:16.325636,KXBTCD-25MAY2018-T107249.99,DELTA,31,100,32,1000,349,yes,5,-6480
2025-05-20T14:03:16.326140,KXBTCD-25MAY2018-T107249.99,DELTA,31,100,32,1000,350,yes,4,8100
2025-05-20T14:03:16.386075,KXBTCD-25MAY2018-T107249.99,DELTA,31,100,32,1000,351,yes,6,-20000
2025-05-20T14:03:16.387210,KXBTCD-25MAY2018-T107249.99,DELTA,31,100,32,1000,352,yes,6,-2000
2025-05-20T14:03:16.446519,KXBTCD-25MAY2018-T107249.99,DELTA,31,100,32,1000,353,yes,5,20000
2025-05-20T14:03:16.447659,KXBTCD-25MAY2018-T107249.99,DELTA,31,100,32,1000,354,yes,5,2000
2025-05-20T14:03:16.766479,KXBTCD-25MAY2018-T107249.99,DELTA,31,100,32,1000,355,no,67,-150
2025-05-20T14:03:16.828469,KXBTCD-25MAY2018-T107249.99,DELTA,31,100,32,1000,356,no,66,250
2025-05-20T14:03:16.845435,KXBTCD-25MAY2018-T107249.99,DELTA,31,100,33,12,357,no,68,-1000
2025-05-20T14:03:16.886245,KXBTCD-25MAY2018-T107249.99,DELTA,31,100,33,1012,358,no,67,1000
2025-05-20T14:03:17.166295,KXBTCD-25MAY2018-T107249.99,DELTA,31,100,33,1012,359,yes,26,14
2025-05-20T14:03:17.166517,KXBTCD-25MAY2018-T107249.99,DELTA,31,100,33,1012,360,yes,24,-14
2025-05-20T14:03:17.185321,KXBTCD-25MAY2018-T107249.99,DELTA,31,100,33,1000,361,no,67,-12
2025-05-20T14:03:17.185465,KXBTCD-25MAY2018-T107249.99,DELTA,31,100,33,1000,362,no,65,14
2025-05-20T14:03:17.227257,KXBTCD-25MAY2018-T107249.99,DELTA,31,100,33,1000,363,yes,28,-250
2025-05-20T14:03:17.248651,KXBTCD-25MAY2018-T107249.99,DELTA,31,100,33,1000,364,no,66,-250
2025-05-20T14:03:17.305008,KXBTCD-25MAY2018-T107249.99,DELTA,31,100,33,1000,365,yes,30,250
2025-05-20T14:03:17.325295,KXBTCD-25MAY2018-T107249.99,DELTA,31,100,33,1000,366,no,65,250
2025-05-20T14:03:17.365107,KXBTCD-25MAY2018-T107249.99,DELTA,31,100,33,1000,367,yes,27,9
2025-05-20T14:03:17.384918,KXBTCD-25MAY2018-T107249.99,DELTA,31,100,33,1000,368,no,41,-2000
2025-05-20T14:03:17.425237,KXBTCD-25MAY2018-T107249.99,DELTA,31,100,33,1000,369,yes,4,-8100
2025-05-20T14:03:17.425410,KXBTCD-25MAY2018-T107249.99,DELTA,31,100,33,1000,370,yes,5,6480
2025-05-20T14:03:17.466541,KXBTCD-25MAY2018-T107249.99,DELTA,31,100,33,1000,371,no,65,2000
2025-05-20T14:03:17.485548,KXBTCD-25MAY2018-T107249.99,DELTA,31,100,33,1000,372,yes,5,-20000
2025-05-20T14:03:17.485680,KXBTCD-25MAY2018-T107249.99,DELTA,31,100,33,1000,373,yes,5,-2000
2025-05-20T14:03:17.546212,KXBTCD-25MAY2018-T107249.99,DELTA,31,100,33,1000,374,yes,6,20000
2025-05-20T14:03:17.546380,KXBTCD-25MAY2018-T107249.99,DELTA,31,100,33,1000,375,yes,6,2000
2025-05-20T14:03:23.189706,KXBTCD-25MAY2018-T107249.99,DELTA,31,100,33,1000,376,no,65,-2000
2025-05-20T14:03:23.204745,KXBTCD-25MAY2018-T107249.99,DELTA,31,100,33,1000,377,no,54,-3000
2025-05-20T14:03:23.407034,KXBTCD-25MAY2018-T107249.99,DELTA,31,100,33,1000,378,yes,24,-30
2025-05-20T14:03:23.408036,KXBTCD-25MAY2018-T107249.99,DELTA,31,100,33,1000,379,yes,25,30
2025-05-20T14:03:23.409161,KXBTCD-25MAY2018-T107249.99,DELTA,31,100,33,1000,380,yes,27,-9
2025-05-20T14:03:23.409681,KXBTCD-25MAY2018-T107249.99,DELTA,31,100,33,1000,381,yes,26,9
2025-05-20T14:03:23.410148,KXBTCD-25MAY2018-T107249.99,DELTA,31,100,33,1000,382,no,47,3000
2025-05-20T14:03:23.410576,KXBTCD-25MAY2018-T107249.99,DELTA,31,100,33,1000,383,no,41,2000
2025-05-20T14:03:23.485738,KXBTCD-25MAY2018-T107249.99,DELTA,31,100,33,1000,384,no,66,-30
2025-05-20T14:03:23.486093,KXBTCD-25MAY2018-T107249.99,DELTA,31,100,33,1000,385,no,64,30
2025-05-20T14:03:23.686273,KXBTCD-25MAY2018-T107249.99,DELTA,31,100,35,264,386,no,67,-1000
2025-05-20T14:03:23.687277,KXBTCD-25MAY2018-T107249.99,DELTA,31,100,35,264,387,yes,25,-1000
2025-05-20T14:03:23.787477,KXBTCD-25MAY2018-T107249.99,DELTA,31,100,35,264,388,yes,26,-14
2025-05-20T14:03:23.788247,KXBTCD-25MAY2018-T107249.99,DELTA,31,100,35,264,389,yes,27,14
2025-05-20T14:03:23.807874,KXBTCD-25MAY2018-T107249.99,DELTA,31,100,35,264,390,yes,26,1000
2025-05-20T14:03:23.808891,KXBTCD-25MAY2018-T107249.99,DELTA,31,100,34,1000,391,no,66,1000
2025-05-20T14:03:23.809917,KXBTCD-25MAY2018-T107249.99,DELTA,31,100,34,1000,392,no,64,14
2025-05-20T14:03:23.810480,KXBTCD-25MAY2018-T107249.99,DELTA,31,100,34,1000,393,no,65,-14
2025-05-20T14:03:24.285334,KXBTCD-25MAY2018-T107249.99,DELTA,31,100,34,1000,394,no,25,-8000
2025-05-20T14:03:24.305025,KXBTCD-25MAY2018-T107249.99,DELTA,30,250,34,1000,395,yes,31,-100
2025-05-20T14:03:24.385882,KXBTCD-25MAY2018-T107249.99,DELTA,30,250,34,1000,396,no,10,8000
2025-05-20T14:03:24.504694,KXBTCD-25MAY2018-T107249.99,DELTA,30,250,34,1000,397,no,62,-100
2025-05-20T14:03:24.784660,KXBTCD-25MAY2018-T107249.99,DELTA,30,250,34,1000,398,no,26,-1246
2025-05-20T14:03:24.785335,KXBTCD-25MAY2018-T107249.99,DELTA,30,250,34,1000,399,no,11,2945
2025-05-20T14:03:25.791636,KXBTCD-25MAY2018-T107249.99,DELTA,32,100,34,1000,400,yes,32,100
2025-05-20T14:03:25.792712,KXBTCD-25MAY2018-T107249.99,DELTA,32,100,34,1000,401,no,60,100
2025-05-20T14:03:25.886018,KXBTCD-25MAY2018-T107249.99,DELTA,32,100,34,1000,402,yes,27,9
2025-05-20T14:03:25.886675,KXBTCD-25MAY2018-T107249.99,DELTA,32,100,34,1000,403,yes,26,-9
2025-05-20T14:03:27.530347,KXBTCD-25MAY2018-T107249.99,DELTA,32,100,34,1000,404,no,60,-100
2025-05-20T14:03:28.245671,KXBTCD-25MAY2018-T107249.99,DELTA,32,100,34,1000,405,yes,5,-6480
2025-05-20T14:03:28.245988,KXBTCD-25MAY2018-T107249.99,DELTA,32,100,34,1000,406,yes,7,4628
2025-05-20T14:03:28.305546,KXBTCD-25MAY2018-T107249.99,DELTA,32,100,34,1000,407,yes,6,-20000
2025-05-20T14:03:28.305816,KXBTCD-25MAY2018-T107249.99,DELTA,32,100,34,1000,408,yes,6,-2000
2025-05-20T14:03:28.345422,KXBTCD-25MAY2018-T107249.99,DELTA,32,100,34,1000,409,yes,8,2000
2025-05-20T14:03:28.350122,KXBTCD-25MAY2018-T107249.99,DELTA,32,100,34,1000,410,yes,8,20000
2025-05-20T14:03:28.385036,KXBTCD-25MAY2018-T107249.99,DELTA,32,100,34,1000,411,no,61,100
2025-05-20T14:03:29.447170,KXBTCD-25MAY2018-T107249.99,DELTA,32,100,34,1000,412,yes,7,-4628
2025-05-20T14:03:29.447485,KXBTCD-25MAY2018-T107249.99,DELTA,32,100,34,1000,413,yes,8,4050
2025-05-20T14:03:29.506730,KXBTCD-25MAY2018-T107249.99,DELTA,32,100,34,1000,414,yes,8,-20000
2025-05-20T14:03:29.507761,KXBTCD-25MAY2018-T107249.99,DELTA,32,100,34,1000,415,yes,8,-2000
2025-05-20T14:03:29.920497,KXBTCD-25MAY2018-T107249.99,DELTA,32,100,34,1000,416,yes,9,20000
2025-05-20T14:03:29.921714,KXBTCD-25MAY2018-T107249.99,DELTA,32,100,34,1000,417,yes,9,2000
2025-05-20T14:03:30.968078,KXBTCD-25MAY2018-T107249.99,DELTA,32,100,34,1000,418,yes,8,-4050
2025-05-20T14:03:30.968285,KXBTCD-25MAY2018-T107249.99,DELTA,32,100,34,1000,419,yes,4,8100
2025-05-20T14:03:30.968584,KXBTCD-25MAY2018-T107249.99,DELTA,32,100,34,1000,420,yes,9,-20000
2025-05-20T14:03:30.968688,KXBTCD-25MAY2018-T107249.99,DELTA,32,100,34,1000,421,yes,9,-2000
2025-05-20T14:03:30.968765,KXBTCD-25MAY2018-T107249.99,DELTA,32,100,34,1000,422,yes,5,20000
2025-05-20T14:03:30.968835,KXBTCD-25MAY2018-T107249.99,DELTA,32,100,34,1000,423,yes,5,2000
2025-05-20T14:03:31.820936,KXBTCD-25MAY2018-T107249.99,DELTA,32,100,34,1000,424,yes,4,-8100
2025-05-20T14:03:31.822248,KXBTCD-25MAY2018-T107249.99,DELTA,32,100,34,1000,425,yes,6,5400
2025-05-20T14:03:31.823237,KXBTCD-25MAY2018-T107249.99,DELTA,32,100,34,1000,426,yes,5,-20000
2025-05-20T14:03:31.825519,KXBTCD-25MAY2018-T107249.99,DELTA,32,100,34,1000,427,yes,5,-2000
2025-05-20T14:03:31.865335,KXBTCD-25MAY2018-T107249.99,DELTA,32,100,34,1000,428,yes,7,2000
2025-05-20T14:03:31.866120,KXBTCD-25MAY2018-T107249.99,DELTA,32,100,34,1000,429,yes,7,20000
2025-05-20T14:03:32.826488,KXBTCD-25MAY2018-T107249.99,DELTA,32,100,35,250,430,no,66,-1000
2025-05-20T14:03:32.866646,KXBTCD-25MAY2018-T107249.99,DELTA,32,100,35,250,431,yes,25,-30
2025-05-20T14:03:32.885532,KXBTCD-25MAY2018-T107249.99,DELTA,32,100,35,250,432,yes,27,30
2025-05-20T14:03:32.886969,KXBTCD-25MAY2018-T107249.99,DELTA,32,100,35,250,433,no,64,-30
2025-05-20T14:03:32.887511,KXBTCD-25MAY2018-T107249.99,DELTA,32,100,35,250,434,yes,10,200
2025-05-20T14:03:32.887895,KXBTCD-25MAY2018-T107249.99,DELTA,32,100,35,250,435,yes,26,-1000
2025-05-20T14:03:32.888279,KXBTCD-25MAY2018-T107249.99,DELTA,32,100,35,250,436,yes,30,-250
2025-05-20T14:03:32.888612,KXBTCD-25MAY2018-T107249.99,DELTA,32,100,35,250,437,no,62,30
2025-05-20T14:03:32.889032,KXBTCD-25MAY2018-T107249.99,DELTA,32,100,35,250,438,yes,6,-5400
2025-05-20T14:03:32.889601,KXBTCD-25MAY2018-T107249.99,DELTA,32,100,35,250,439,yes,8,4050
2025-05-20T14:03:32.907532,KXBTCD-25MAY2018-T107249.99,DELTA,32,100,36,14,440,no,65,-250
2025-05-20T14:03:32.908186,KXBTCD-25MAY2018-T107249.99,DELTA,32,100,35,1000,441,no,65,1000
2025-05-20T14:03:32.925678,KXBTCD-25MAY2018-T107249.99,DELTA,32,100,35,1000,442,yes,29,14
2025-05-20T14:03:32.925933,KXBTCD-25MAY2018-T107249.99,DELTA,32,100,35,1000,443,yes,27,-14
2025-05-20T14:03:32.926571,KXBTCD-25MAY2018-T107249.99,DELTA,32,100,35,1000,444,no,40,-200
2025-05-20T14:03:32.926728,KXBTCD-25MAY2018-T107249.99,DELTA,32,100,35,1000,445,no,30,200
2025-05-20T14:03:32.926960,KXBTCD-25MAY2018-T107249.99,DELTA,32,100,35,1000,446,no,62,14
2025-05-20T14:03:32.927124,KXBTCD-25MAY2018-T107249.99,DELTA,32,100,35,1000,447,no,64,-14
2025-05-20T14:03:32.987815,KXBTCD-25MAY2018-T107249.99,DELTA,32,100,35,1000,448,no,48,9
2025-05-20T14:03:32.988747,KXBTCD-25MAY2018-T107249.99,DELTA,32,100,35,1000,449,yes,7,-2000
2025-05-20T14:03:32.989163,KXBTCD-25MAY2018-T107249.99,DELTA,32,100,35,1000,450,yes,30,1000
2025-05-20T14:03:32.989477,KXBTCD-25MAY2018-T107249.99,DELTA,32,100,38,44,451,no,65,-1000
2025-05-20T14:03:32.989744,KXBTCD-25MAY2018-T107249.99,DELTA,32,100,38,44,452,yes,28,30
2025-05-20T14:03:32.990074,KXBTCD-25MAY2018-T107249.99,DELTA,32,100,38,44,453,yes,27,-30
2025-05-20T14:03:33.006002,KXBTCD-25MAY2018-T107249.99,DELTA,32,100,38,44,454,no,41,-2000
2025-05-20T14:03:33.006291,KXBTCD-25MAY2018-T107249.99,DELTA,32,100,38,14,455,no,62,-30
2025-05-20T14:03:33.008698,KXBTCD-25MAY2018-T107249.99,DELTA,32,100,38,14,456,no,61,30
2025-05-20T14:03:33.045313,KXBTCD-25MAY2018-T107249.99,DELTA,32,300,38,14,457,yes,32,200
2025-05-20T14:03:33.045529,KXBTCD-25MAY2018-T107249.99,DELTA,32,300,37,1000,458,no,63,1000
2025-05-20T14:03:33.046254,KXBTCD-25MAY2018-T107249.99,DELTA,32,300,37,1000,459,yes,11,2000
2025-05-20T14:03:33.046421,KXBTCD-25MAY2018-T107249.99,DELTA,32,300,37,1000,460,yes,7,-20000
2025-05-20T14:03:33.046559,KXBTCD-25MAY2018-T107249.99,DELTA,32,300,37,1000,461,yes,30,-1000
2025-05-20T14:03:33.046705,KXBTCD-25MAY2018-T107249.99,DELTA,32,300,37,1250,462,no,63,250
2025-05-20T14:03:33.068950,KXBTCD-25MAY2018-T107249.99,DELTA,32,300,37,1250,463,no,31,2000
2025-05-20T14:03:33.086637,KXBTCD-25MAY2018-T107249.99,DELTA,32,300,37,250,464,no,63,-1000
2025-05-20T14:03:33.106214,KXBTCD-25MAY2018-T107249.99,DELTA,32,300,37,250,465,yes,9,20000
2025-05-20T14:03:33.106919,KXBTCD-25MAY2018-T107249.99,DELTA,32,300,37,250,466,yes,29,1000
2025-05-20T14:03:33.126622,KXBTCD-25MAY2018-T107249.99,DELTA,32,300,38,14,467,no,63,-250
2025-05-20T14:03:33.145952,KXBTCD-25MAY2018-T107249.99,DELTA,32,300,38,14,468,yes,31,14
2025-05-20T14:03:33.146473,KXBTCD-25MAY2018-T107249.99,DELTA,32,300,38,14,469,yes,29,-14
2025-05-20T14:03:33.147083,KXBTCD-25MAY2018-T107249.99,DELTA,32,300,39,130,470,no,62,-14
2025-05-20T14:03:33.147360,KXBTCD-25MAY2018-T107249.99,DELTA,32,300,39,144,471,no,61,14
2025-05-20T14:03:33.186548,KXBTCD-25MAY2018-T107249.99,DELTA,32,300,36,1000,472,no,64,1000
2025-05-20T14:03:33.210292,KXBTCD-25MAY2018-T107249.99,DELTA,32,100,36,1000,473,yes,32,-200
2025-05-20T14:03:33.246736,KXBTCD-25MAY2018-T107249.99,DELTA,34,100,36,1000,474,yes,34,100
2025-05-20T14:03:33.247854,KXBTCD-25MAY2018-T107249.99,DELTA,34,100,36,1000,475,no,62,150
2025-05-20T14:03:33.267521,KXBTCD-25MAY2018-T107249.99,DELTA,34,100,38,150,476,no,64,-1000
2025-05-20T14:03:33.335266,KXBTCD-25MAY2018-T107249.99,DELTA,34,100,37,1000,477,no,63,1000
2025-05-20T14:03:33.367500,KXBTCD-25MAY2018-T107249.99,DELTA,34,100,37,1000,478,no,62,-150
2025-05-20T14:03:33.425603,KXBTCD-25MAY2018-T107249.99,DELTA,34,100,39,144,479,no,63,-1000
2025-05-20T14:03:33.425780,KXBTCD-25MAY2018-T107249.99,DELTA,34,100,39,44,480,no,61,-100
2025-05-20T14:03:33.447742,KXBTCD-25MAY2018-T107249.99,DELTA,34,100,39,294,481,no,61,250
2025-05-20T14:03:33.447910,KXBTCD-25MAY2018-T107249.99,DELTA,34,100,39,294,482,yes,32,-100
2025-05-20T14:03:33.465951,KXBTCD-25MAY2018-T107249.99,DELTA,34,100,38,1000,483,no,62,1000
2025-05-20T14:03:33.505942,KXBTCD-25MAY2018-T107249.99,DELTA,34,100,38,1000,484,no,31,-2000
2025-05-20T14:03:33.545558,KXBTCD-25MAY2018-T107249.99,DELTA,34,100,38,1000,485,no,61,2000
2025-05-20T14:03:33.628157,KXBTCD-25MAY2018-T107249.99,DELTA,34,100,38,1000,486,yes,28,-30
2025-05-20T14:03:33.628371,KXBTCD-25MAY2018-T107249.99,DELTA,34,100,38,1000,487,yes,30,30
2025-05-20T14:03:33.628505,KXBTCD-25MAY2018-T107249.99,DELTA,34,100,38,1000,488,no,61,-30
2025-05-20T14:03:33.628626,KXBTCD-25MAY2018-T107249.99,DELTA,34,100,38,1000,489,no,59,30
2025-05-20T14:03:33.668160,KXBTCD-25MAY2018-T107249.99,DELTA,34,100,38,1000,490,yes,2,-3000
2025-05-20T14:03:33.668725,KXBTCD-25MAY2018-T107249.99,DELTA,34,100,38,1000,491,no,61,-2000
2025-05-20T14:03:33.746278,KXBTCD-25MAY2018-T107249.99,DELTA,34,100,38,1000,492,no,31,2000
2025-05-20T14:03:33.746547,KXBTCD-25MAY2018-T107249.99,DELTA,34,100,38,1000,493,yes,29,-1000
2025-05-20T14:03:33.746721,KXBTCD-25MAY2018-T107249.99,DELTA,34,100,38,1000,494,yes,11,3000
2025-05-20T14:03:33.766276,KXBTCD-25MAY2018-T107249.99,DELTA,34,100,38,1000,495,no,61,-250
2025-05-20T14:03:33.786893,KXBTCD-25MAY2018-T107249.99,DELTA,31,14,38,1000,496,yes,34,-100
2025-05-20T14:03:33.806085,KXBTCD-25MAY2018-T107249.99,DELTA,30,30,38,1000,497,yes,31,-14
2025-05-20T14:03:33.809264,KXBTCD-25MAY2018-T107249.99,DELTA,32,14,38,1000,498,yes,32,14
2025-05-20T14:03:33.810142,KXBTCD-25MAY2018-T107249.99,DELTA,32,14,38,1000,499,no,61,-14
2025-05-20T14:03:33.810520,KXBTCD-25MAY2018-T107249.99,DELTA,32,14,38,1000,500,no,59,14
2025-05-20T14:03:33.810835,KXBTCD-25MAY2018-T107249.99,DELTA,32,14,38,1000,501,yes,31,1000
2025-05-20T14:03:33.826647,KXBTCD-25MAY2018-T107249.99,DELTA,32,14,41,44,502,no,62,-1000
2025-05-20T14:03:33.866453,KXBTCD-25MAY2018-T107249.99,DELTA,32,14,40,1000,503,no,60,1000
2025-05-20T14:03:33.886393,KXBTCD-25MAY2018-T107249.99,DELTA,36,250,40,1000,504,yes,36,250
2025-05-20T14:03:33.887045,KXBTCD-25MAY2018-T107249.99,DELTA,36,250,40,1000,505,no,59,250
2025-05-20T14:03:33.946422,KXBTCD-25MAY2018-T107249.99,DELTA,36,250,40,1000,506,no,31,-2000
2025-05-20T14:03:33.988215,KXBTCD-25MAY2018-T107249.99,DELTA,36,250,40,1000,507,no,59,2000
2025-05-20T14:03:34.665332,KXBTCD-25MAY2018-T107249.99,DELTA,36,250,40,1000,508,no,57,100
2025-05-20T14:03:34.665532,KXBTCD-25MAY2018-T107249.99,DELTA,36,250,40,1000,509,yes,35,100
2025-05-20T14:03:35.106426,KXBTCD-25MAY2018-T107249.99,DELTA,36,250,40,1000,510,yes,35,-100
2025-05-20T14:03:35.230064,KXBTCD-25MAY2018-T107249.99,DELTA,36,250,40,1000,511,yes,27,-9
2025-05-20T14:03:35.231213,KXBTCD-25MAY2018-T107249.99,DELTA,36,250,40,1000,512,no,48,-9
2025-05-20T14:03:35.245909,KXBTCD-25MAY2018-T107249.99,DELTA,36,250,40,1000,513,yes,32,9
2025-05-20T14:03:35.907346,KXBTCD-25MAY2018-T107249.99,DELTA,36,350,40,1000,514,yes,36,100
2025-05-20T14:03:36.406648,KXBTCD-25MAY2018-T107249.99,DELTA,36,350,40,1000,515,yes,32,30
2025-05-20T14:03:36.407738,KXBTCD-25MAY2018-T107249.99,DELTA,36,350,40,1000,516,yes,30,-30
2025-05-20T14:03:36.408325,KXBTCD-25MAY2018-T107249.99,DELTA,36,350,40,1000,517,no,59,-30
2025-05-20T14:03:36.408904,KXBTCD-25MAY2018-T107249.99,DELTA,36,350,40,1000,518,no,57,30
2025-05-20T14:03:36.466509,KXBTCD-25MAY2018-T107249.99,DELTA,36,350,40,1000,519,yes,31,-1000
2025-05-20T14:03:36.527052,KXBTCD-25MAY2018-T107249.99,DELTA,36,350,40,1000,520,yes,33,1000
2025-05-20T14:03:36.645346,KXBTCD-25MAY2018-T107249.99,DELTA,36,250,40,1000,521,yes,36,-100
2025-05-20T14:03:36.665425,KXBTCD-25MAY2018-T107249.99,DELTA,36,250,40,1000,522,no,57,-100
2025-05-20T14:03:37.464044,KXBTCD-25MAY2018-T107249.99,DELTA,36,250,40,1000,523,no,59,-2000
2025-05-20T14:03:37.466647,KXBTCD-25MAY2018-T107249.99,DELTA,36,250,40,1000,524,no,47,-3000
2025-05-20T14:03:37.566591,KXBTCD-25MAY2018-T107249.99,DELTA,36,250,40,1000,525,yes,32,-9
2025-05-20T14:03:37.567262,KXBTCD-25MAY2018-T107249.99,DELTA,36,250,40,1000,526,no,39,3000
2025-05-20T14:03:37.567671,KXBTCD-25MAY2018-T107249.99,DELTA,36,250,40,1000,527,no,31,2000
2025-05-20T14:03:37.866232,KXBTCD-25MAY2018-T107249.99,DELTA,36,350,40,1000,528,yes,36,100
2025-05-20T14:03:37.884860,KXBTCD-25MAY2018-T107249.99,DELTA,36,350,40,1000,529,no,56,100
2025-05-20T14:03:38.068588,KXBTCD-25MAY2018-T107249.99,DELTA,36,250,40,1000,530,yes,36,-100
2025-05-20T14:03:39.009555,KXBTCD-25MAY2018-T107249.99,DELTA,37,100,40,1000,531,yes,37,100
2025-05-20T14:03:39.025073,KXBTCD-25MAY2018-T107249.99,DELTA,37,100,40,1000,532,yes,8,-4050
2025-05-20T14:03:39.025361,KXBTCD-25MAY2018-T107249.99,DELTA,37,100,40,1000,533,yes,4,8100
2025-05-20T14:03:39.087668,KXBTCD-25MAY2018-T107249.99,DELTA,37,100,40,1000,534,yes,9,-20000
2025-05-20T14:03:39.127405,KXBTCD-25MAY2018-T107249.99,DELTA,37,100,40,1000,535,yes,5,20000
2025-05-20T14:03:39.645629,KXBTCD-25MAY2018-T107249.99,DELTA,37,100,40,1000,536,no,31,-2000
2025-05-20T14:03:39.704925,KXBTCD-25MAY2018-T107249.99,DELTA,37,100,40,1000,537,no,59,2000
2025-05-20T14:03:41.344624,KXBTCD-25MAY2018-T107249.99,DELTA,37,100,40,1000,538,yes,34,14
2025-05-20T14:03:41.345288,KXBTCD-25MAY2018-T107249.99,DELTA,37,100,40,1000,539,yes,32,-14
2025-05-20T14:03:41.365364,KXBTCD-25MAY2018-T107249.99,DELTA,37,100,40,1000,540,no,59,-14
2025-05-20T14:03:41.365752,KXBTCD-25MAY2018-T107249.99,DELTA,37,100,40,1000,541,no,57,14
2025-05-20T14:03:41.465639,KXBTCD-25MAY2018-T107249.99,DELTA,37,100,40,1000,542,yes,4,-8100
2025-05-20T14:03:41.466319,KXBTCD-25MAY2018-T107249.99,DELTA,37,100,40,1000,543,yes,6,5400
2025-05-20T14:03:41.526137,KXBTCD-25MAY2018-T107249.99,DELTA,37,100,40,1000,544,yes,5,-20000
2025-05-20T14:03:41.568022,KXBTCD-25MAY2018-T107249.99,DELTA,37,100,40,1000,545,yes,7,20000
2025-05-20T14:03:42.685003,KXBTCD-25MAY2018-T107249.99,DELTA,37,100,40,1000,546,yes,6,-5400
2025-05-20T14:03:42.685199,KXBTCD-25MAY2018-T107249.99,DELTA,37,100,40,1000,547,yes,7,4628
2025-05-20T14:03:42.744732,KXBTCD-25MAY2018-T107249.99,DELTA,37,100,40,1000,548,yes,7,-20000
2025-05-20T14:03:42.805692,KXBTCD-25MAY2018-T107249.99,DELTA,37,100,40,1000,549,yes,8,20000
2025-05-20T14:03:43.186698,KXBTCD-25MAY2018-T107249.99,DELTA,37,100,40,1000,550,yes,33,-1000
2025-05-20T14:03:43.247212,KXBTCD-25MAY2018-T107249.99,DELTA,37,100,40,1000,551,no,59,-2000
2025-05-20T14:03:43.265474,KXBTCD-25MAY2018-T107249.99,DELTA,37,100,40,1000,552,yes,32,1000
2025-05-20T14:03:43.287315,KXBTCD-25MAY2018-T107249.99,DELTA,37,100,40,3000,553,no,60,2000
2025-05-20T14:03:43.288071,KXBTCD-25MAY2018-T107249.99,DELTA,37,100,40,3000,554,yes,36,-250
2025-05-20T14:03:43.305946,KXBTCD-25MAY2018-T107249.99,DELTA,37,100,40,3000,555,no,59,-250
2025-05-20T14:03:43.345409,KXBTCD-25MAY2018-T107249.99,DELTA,37,100,40,3000,556,yes,35,150
2025-05-20T14:03:43.368443,KXBTCD-25MAY2018-T107249.99,DELTA,37,100,39,100,557,no,61,100
2025-05-20T14:03:43.368675,KXBTCD-25MAY2018-T107249.99,DELTA,37,100,39,100,558,no,60,-2000
2025-05-20T14:03:43.387022,KXBTCD-25MAY2018-T107249.99,DELTA,37,100,39,100,559,no,60,-1000
2025-05-20T14:03:43.427012,KXBTCD-25MAY2018-T107249.99,DELTA,37,100,39,100,560,yes,32,-1000
2025-05-20T14:03:43.465704,KXBTCD-25MAY2018-T107249.99,DELTA,37,100,38,1000,561,no,62,1000
2025-05-20T14:03:43.466434,KXBTCD-25MAY2018-T107249.99,DELTA,37,100,38,1000,562,no,31,2000
2025-05-20T14:03:43.505589,KXBTCD-25MAY2018-T107249.99,DELTA,37,100,38,1000,563,yes,11,1000
2025-05-20T14:03:43.958340,KXBTCD-25MAY2018-T107249.99,DELTA,37,100,38,1000,564,yes,7,-4628
2025-05-20T14:03:43.959227,KXBTCD-25MAY2018-T107249.99,DELTA,37,100,38,1000,565,yes,4,8100
2025-05-20T14:03:43.965544,KXBTCD-25MAY2018-T107249.99,DELTA,37,100,38,1000,566,yes,8,-20000
2025-05-20T14:03:44.005666,KXBTCD-25MAY2018-T107249.99,DELTA,37,100,38,1000,567,yes,5,20000
2025-05-20T14:03:44.445352,KXBTCD-25MAY2018-T107249.99,DELTA,35,150,38,1000,568,yes,37,-100
2025-05-20T14:03:44.467380,KXBTCD-25MAY2018-T107249.99,DELTA,35,150,38,1000,569,no,56,-100
2025-05-20T14:03:44.586760,KXBTCD-25MAY2018-T107249.99,DELTA,35,150,38,1000,570,yes,11,-1000
2025-05-20T14:03:44.608044,KXBTCD-25MAY2018-T107249.99,DELTA,35,150,38,1000,571,no,61,-100
2025-05-20T14:03:44.646490,KXBTCD-25MAY2018-T107249.99,DELTA,35,150,38,1000,572,yes,33,1000
2025-05-20T14:03:44.665875,KXBTCD-25MAY2018-T107249.99,DELTA,35,150,38,1000,573,no,60,50
2025-05-20T14:03:44.685740,KXBTCD-25MAY2018-T107249.99,DELTA,35,150,40,50,574,no,62,-1000
2025-05-20T14:03:44.685902,KXBTCD-25MAY2018-T107249.99,DELTA,34,14,40,50,575,yes,35,-150
2025-05-20T14:03:44.705608,KXBTCD-25MAY2018-T107249.99,DELTA,34,14,43,44,576,no,60,-50
2025-05-20T14:03:44.725722,KXBTCD-25MAY2018-T107249.99,DELTA,34,14,39,1000,577,no,61,1000
2025-05-20T14:03:44.746527,KXBTCD-25MAY2018-T107249.99,DELTA,37,50,39,1000,578,yes,37,50
2025-05-20T14:03:44.746942,KXBTCD-25MAY2018-T107249.99,DELTA,37,50,39,1000,579,no,59,200
2025-05-20T14:03:44.787033,KXBTCD-25MAY2018-T107249.99,DELTA,37,50,41,200,580,no,61,-1000
2025-05-20T14:03:44.787748,KXBTCD-25MAY2018-T107249.99,DELTA,37,50,41,200,581,no,40,9
2025-05-20T14:03:44.865934,KXBTCD-25MAY2018-T107249.99,DELTA,37,50,40,1000,582,no,60,1000
2025-05-20T14:03:44.866752,KXBTCD-25MAY2018-T107249.99,DELTA,37,50,40,1000,583,no,31,-2000
2025-05-20T14:03:44.906640,KXBTCD-25MAY2018-T107249.99,DELTA,37,50,40,1000,584,no,59,2000
2025-05-20T14:03:45.150078,KXBTCD-25MAY2018-T107249.99,DELTA,37,50,40,1000,585,yes,4,-8100
2025-05-20T14:03:45.151190,KXBTCD-25MAY2018-T107249.99,DELTA,37,50,40,1000,586,yes,6,5400
2025-05-20T14:03:45.206594,KXBTCD-25MAY2018-T107249.99,DELTA,37,50,40,1000,587,yes,5,-20000
2025-05-20T14:03:45.245953,KXBTCD-25MAY2018-T107249.99,DELTA,37,50,40,1000,588,yes,7,20000
2025-05-20T14:03:45.656694,KXBTCD-25MAY2018-T107249.99,DELTA,37,50,40,1000,589,yes,36,100
2025-05-20T14:03:45.657737,KXBTCD-25MAY2018-T107249.99,DELTA,37,50,40,1000,590,no,56,100
2025-05-20T14:03:46.365755,KXBTCD-25MAY2018-T107249.99,DELTA,37,50,40,1000,591,yes,6,-5400
2025-05-20T14:03:46.366180,KXBTCD-25MAY2018-T107249.99,DELTA,37,50,40,1000,592,yes,7,4628
2025-05-20T14:03:46.426964,KXBTCD-25MAY2018-T107249.99,DELTA,37,50,40,1000,593,yes,7,-20000
2025-05-20T14:03:46.446131,KXBTCD-25MAY2018-T107249.99,DELTA,37,50,40,1000,594,no,56,-100
2025-05-20T14:03:46.465658,KXBTCD-25MAY2018-T107249.99,DELTA,37,50,40,1000,595,yes,8,20000
2025-05-20T14:03:46.626182,KXBTCD-25MAY2018-T107249.99,DELTA,36,100,40,1000,596,yes,37,-50
2025-05-20T14:03:46.645959,KXBTCD-25MAY2018-T107249.99,DELTA,36,400,40,1000,597,yes,36,300
2025-05-20T14:03:47.306299,KXBTCD-25MAY2018-T107249.99,DELTA,36,400,40,1000,598,no,56,100
2025-05-20T14:03:47.425786,KXBTCD-25MAY2018-T107249.99,DELTA,36,400,40,1000,599,no,40,-9
2025-05-20T14:03:48.604895,KXBTCD-25MAY2018-T107249.99,DELTA,36,400,40,1000,600,no,59,-2000
2025-05-20T14:03:48.644909,KXBTCD-25MAY2018-T107249.99,DELTA,36,400,40,1000,601,no,31,2000
2025-05-20T14:03:48.846966,KXBTCD-25MAY2018-T107249.99,DELTA,36,400,40,1000,602,yes,34,-14
2025-05-20T14:03:48.848079,KXBTCD-25MAY2018-T107249.99,DELTA,36,414,40,1000,603,yes,36,14
2025-05-20T14:03:48.848611,KXBTCD-25MAY2018-T107249.99,DELTA,36,414,40,1000,604,yes,34,30
2025-05-20T14:03:48.849086,KXBTCD-25MAY2018-T107249.99,DELTA,36,414,40,1000,605,yes,32,-30
2025-05-20T14:03:48.849580,KXBTCD-25MAY2018-T107249.99,DELTA,36,414,40,1000,606,no,57,-30
2025-05-20T14:03:48.850068,KXBTCD-25MAY2018-T107249.99,DELTA,36,414,40,1000,607,no,55,30
2025-05-20T14:03:48.850538,KXBTCD-25MAY2018-T107249.99,DELTA,36,414,40,1000,608,no,57,-14
2025-05-20T14:03:48.851021,KXBTCD-25MAY2018-T107249.99,DELTA,36,414,40,1000,609,no,55,14
2025-05-20T14:03:48.907669,KXBTCD-25MAY2018-T107249.99,DELTA,36,414,40,1000,610,yes,33,-1000
2025-05-20T14:03:48.946493,KXBTCD-25MAY2018-T107249.99,DELTA,36,414,40,1000,611,yes,11,1000
2025-05-20T14:03:49.187231,KXBTCD-25MAY2018-T107249.99,DELTA,36,414,40,1000,612,yes,11,-1000
2025-05-20T14:03:49.206576,KXBTCD-25MAY2018-T107249.99,DELTA,36,314,40,1000,613,yes,36,-100
2025-05-20T14:03:49.227155,KXBTCD-25MAY2018-T107249.99,DELTA,36,314,40,1000,614,yes,34,1000
2025-05-20T14:03:50.286970,KXBTCD-25MAY2018-T107249.99,DELTA,37,100,40,1000,615,yes,37,100
2025-05-20T14:03:50.625731,KXBTCD-25MAY2018-T107249.99,DELTA,37,100,40,1000,616,no,59,-200
2025-05-20T14:03:50.685280,KXBTCD-25MAY2018-T107249.99,DELTA,37,100,40,1000,617,yes,36,-300
2025-05-20T14:03:50.685677,KXBTCD-25MAY2018-T107249.99,DELTA,37,100,40,1000,618,yes,34,-1000
2025-05-20T14:03:50.704955,KXBTCD-25MAY2018-T107249.99,DELTA,37,100,44,100,619,no,60,-1000
2025-05-20T14:03:50.765987,KXBTCD-25MAY2018-T107249.99,DELTA,37,100,43,1000,620,no,57,1000
2025-05-20T14:03:50.766284,KXBTCD-25MAY2018-T107249.99,DELTA,37,100,43,1000,621,yes,35,1000
2025-05-20T14:03:50.866610,KXBTCD-25MAY2018-T107249.99,DELTA,39,200,43,1000,622,yes,39,200
2025-05-20T14:03:50.867645,KXBTCD-25MAY2018-T107249.99,DELTA,39,200,43,1000,623,no,56,250
2025-05-20T14:03:50.925976,KXBTCD-25MAY2018-T107249.99,DELTA,39,200,43,1000,624,no,31,-2000
2025-05-20T14:03:51.006701,KXBTCD-25MAY2018-T107249.99,DELTA,39,200,43,1000,625,yes,10,-200
2025-05-20T14:03:51.007403,KXBTCD-25MAY2018-T107249.99,DELTA,39,200,43,1000,626,yes,20,200
2025-05-20T14:03:51.007856,KXBTCD-25MAY2018-T107249.99,DELTA,39,200,43,1000,627,no,56,2000
2025-05-20T14:03:51.008245,KXBTCD-25MAY2018-T107249.99,DELTA,39,200,43,1000,628,yes,37,-100
2025-05-20T14:03:51.008741,KXBTCD-25MAY2018-T107249.99,DELTA,39,200,43,1000,629,no,56,-100
2025-05-20T14:03:51.108713,KXBTCD-25MAY2018-T107249.99,DELTA,39,200,43,1000,630,yes,11,-2000
2025-05-20T14:03:51.126674,KXBTCD-25MAY2018-T107249.99,DELTA,39,200,43,1000,631,yes,21,2000
2025-05-20T14:03:51.244361,KXBTCD-25MAY2018-T107249.99,DELTA,39,200,43,1000,632,no,56,-2000
2025-05-20T14:03:51.326125,KXBTCD-25MAY2018-T107249.99,DELTA,39,200,43,1000,633,no,31,2000
2025-05-20T14:03:51.546882,KXBTCD-25MAY2018-T107249.99,DELTA,39,200,43,1000,634,no,31,-2000
2025-05-20T14:03:51.606733,KXBTCD-25MAY2018-T107249.99,DELTA,39,200,43,1000,635,no,56,2000
2025-05-20T14:03:51.666500,KXBTCD-25MAY2018-T107249.99,DELTA,39,200,43,1000,636,yes,7,-4628
2025-05-20T14:03:51.667477,KXBTCD-25MAY2018-T107249.99,DELTA,39,200,43,1000,637,yes,4,8100
2025-05-20T14:03:51.727354,KXBTCD-25MAY2018-T107249.99,DELTA,39,200,43,1000,638,yes,8,-20000
2025-05-20T14:03:51.766336,KXBTCD-25MAY2018-T107249.99,DELTA,39,200,43,1000,639,yes,5,20000
2025-05-20T14:03:52.105883,KXBTCD-25MAY2018-T107249.99,DELTA,39,200,43,1000,640,yes,38,100
2025-05-20T14:03:52.106836,KXBTCD-25MAY2018-T107249.99,DELTA,39,200,43,1000,641,no,54,100
2025-05-20T14:03:52.325735,KXBTCD-25MAY2018-T107249.99,DELTA,39,200,43,1000,642,yes,36,-14
2025-05-20T14:03:52.325939,KXBTCD-25MAY2018-T107249.99,DELTA,39,200,43,1000,643,yes,36,30
2025-05-20T14:03:52.326034,KXBTCD-25MAY2018-T107249.99,DELTA,39,200,43,1000,644,yes,34,-30
2025-05-20T14:03:52.326119,KXBTCD-25MAY2018-T107249.99,DELTA,39,200,43,1000,645,yes,37,14
2025-05-20T14:03:52.326191,KXBTCD-25MAY2018-T107249.99,DELTA,39,200,43,1000,646,no,53,30
2025-05-20T14:03:52.326261,KXBTCD-25MAY2018-T107249.99,DELTA,39,200,43,1000,647,no,55,-30
2025-05-20T14:03:52.326327,KXBTCD-25MAY2018-T107249.99,DELTA,39,200,43,1000,648,no,55,-14
2025-05-20T14:03:52.326385,KXBTCD-25MAY2018-T107249.99,DELTA,39,200,43,1000,649,no,54,14
2025-05-20T14:03:52.385104,KXBTCD-25MAY2018-T107249.99,DELTA,39,200,43,1000,650,yes,35,-1000
2025-05-20T14:03:52.447637,KXBTCD-25MAY2018-T107249.99,DELTA,39,200,43,1000,651,yes,36,1000
2025-05-20T14:03:53.086903,KXBTCD-25MAY2018-T107249.99,DELTA,39,200,43,1000,652,yes,38,-100
2025-05-20T14:03:54.148158,KXBTCD-25MAY2018-T107249.99,DELTA,39,300,43,1000,653,yes,39,100
2025-05-20T14:03:54.905339,KXBTCD-25MAY2018-T107249.99,DELTA,39,300,43,1000,654,yes,4,-8100
2025-05-20T14:03:54.905672,KXBTCD-25MAY2018-T107249.99,DELTA,39,300,43,1000,655,yes,5,6480
2025-05-20T14:03:54.964758,KXBTCD-25MAY2018-T107249.99,DELTA,39,300,43,1000,656,yes,5,-20000
2025-05-20T14:03:55.026740,KXBTCD-25MAY2018-T107249.99,DELTA,39,300,43,1000,657,yes,6,20000
2025-05-20T14:03:55.086053,KXBTCD-25MAY2018-T107249.99,DELTA,39,300,43,978,658,no,57,-22
2025-05-20T14:03:55.227303,KXBTCD-25MAY2018-T107249.99,DELTA,39,300,43,978,659,yes,36,-1000
2025-05-20T14:03:55.228057,KXBTCD-25MAY2018-T107249.99,DELTA,39,300,43,978,660,no,56,-2000
2025-05-20T14:03:55.265783,KXBTCD-25MAY2018-T107249.99,DELTA,39,100,43,978,661,yes,39,-200
2025-05-20T14:03:55.285688,KXBTCD-25MAY2018-T107249.99,DELTA,39,100,43,978,662,no,56,-250
2025-05-20T14:03:55.326141,KXBTCD-25MAY2018-T107249.99,DELTA,39,100,43,978,663,yes,37,1000
2025-05-20T14:03:55.326814,KXBTCD-25MAY2018-T107249.99,DELTA,39,100,43,978,664,no,31,2000
2025-05-20T14:03:55.345767,KXBTCD-25MAY2018-T107249.99,DELTA,39,100,46,114,665,no,57,-978
2025-05-20T14:03:55.365648,KXBTCD-25MAY2018-T107249.99,DELTA,41,200,46,114,666,yes,41,200
2025-05-20T14:03:55.366761,KXBTCD-25MAY2018-T107249.99,DELTA,41,200,45,50,667,no,55,50
2025-05-20T14:03:55.426283,KXBTCD-25MAY2018-T107249.99,DELTA,41,200,45,1050,668,no,55,1000
2025-05-20T14:03:55.505450,KXBTCD-25MAY2018-T107249.99,DELTA,41,200,45,50,669,no,55,-1000
2025-05-20T14:03:55.565086,KXBTCD-25MAY2018-T107249.99,DELTA,41,200,44,1000,670,no,56,1000
2025-05-20T14:03:56.204681,KXBTCD-25MAY2018-T107249.99,DELTA,41,200,44,1000,671,yes,5,-6480
2025-05-20T14:03:56.204975,KXBTCD-25MAY2018-T107249.99,DELTA,41,200,44,1000,672,yes,4,8100
2025-05-20T14:03:56.264692,KXBTCD-25MAY2018-T107249.99,DELTA,41,200,44,1000,673,yes,6,-20000
2025-05-20T14:03:56.305058,KXBTCD-25MAY2018-T107249.99,DELTA,41,200,44,1000,674,yes,5,20000
2025-05-20T14:03:57.526196,KXBTCD-25MAY2018-T107249.99,DELTA,41,200,44,1000,675,yes,4,-8100
2025-05-20T14:03:57.527054,KXBTCD-25MAY2018-T107249.99,DELTA,41,200,44,1000,676,yes,5,6480
2025-05-20T14:03:57.586601,KXBTCD-25MAY2018-T107249.99,DELTA,41,200,44,1000,677,yes,5,-20000
2025-05-20T14:03:57.626432,KXBTCD-25MAY2018-T107249.99,DELTA,41,200,44,1000,678,yes,6,20000
2025-05-20T14:03:58.386109,KXBTCD-25MAY2018-T107249.99,DELTA,41,200,44,1000,679,yes,37,30
2025-05-20T14:03:58.386804,KXBTCD-25MAY2018-T107249.99,DELTA,41,200,44,1000,680,yes,36,-30
2025-05-20T14:03:58.407327,KXBTCD-25MAY2018-T107249.99,DELTA,41,200,44,1000,681,yes,37,-14
2025-05-20T14:03:58.407647,KXBTCD-25MAY2018-T107249.99,DELTA,41,200,44,1000,682,yes,40,14
2025-05-20T14:03:58.407832,KXBTCD-25MAY2018-T107249.99,DELTA,41,200,44,1000,683,no,53,-30
2025-05-20T14:03:58.407986,KXBTCD-25MAY2018-T107249.99,DELTA,41,200,44,1000,684,no,52,30
2025-05-20T14:03:58.408122,KXBTCD-25MAY2018-T107249.99,DELTA,41,200,44,1000,685,no,54,-14
2025-05-20T14:03:58.408250,KXBTCD-25MAY2018-T107249.99,DELTA,41,200,44,1000,686,no,51,14
2025-05-20T14:03:58.505718,KXBTCD-25MAY2018-T107249.99,DELTA,41,200,44,1000,687,yes,37,-1000
2025-05-20T14:03:58.545863,KXBTCD-25MAY2018-T107249.99,DELTA,41,200,44,1000,688,yes,38,1000
2025-05-20T14:03:58.786804,KXBTCD-25MAY2018-T107249.99,DELTA,41,200,44,1000,689,yes,5,-6480
2025-05-20T14:03:58.787280,KXBTCD-25MAY2018-T107249.99,DELTA,41,200,44,1000,690,yes,4,8100
2025-05-20T14:03:58.846113,KXBTCD-25MAY2018-T107249.99,DELTA,41,200,44,1000,691,yes,6,-20000
2025-05-20T14:03:58.945622,KXBTCD-25MAY2018-T107249.99,DELTA,41,200,44,1000,692,yes,5,20000
2025-05-20T14:03:59.106988,KXBTCD-25MAY2018-T107249.99,DELTA,41,200,44,1000,693,no,54,-100
2025-05-20T14:03:59.125977,KXBTCD-25MAY2018-T107249.99,DELTA,41,200,44,1000,694,yes,39,-100
2025-05-20T14:03:59.206759,KXBTCD-25MAY2018-T107249.99,DELTA,41,200,44,1000,695,no,10,-8000
2025-05-20T14:03:59.227136,KXBTCD-25MAY2018-T107249.99,DELTA,41,200,44,1000,696,yes,37,-30
2025-05-20T14:03:59.227432,KXBTCD-25MAY2018-T107249.99,DELTA,41,200,44,1000,697,yes,39,30
2025-05-20T14:03:59.227597,KXBTCD-25MAY2018-T107249.99,DELTA,41,200,44,1000,698,no,50,30
2025-05-20T14:03:59.227740,KXBTCD-25MAY2018-T107249.99,DELTA,41,200,44,1000,699,no,52,-30
2025-05-20T14:03:59.227892,KXBTCD-25MAY2018-T107249.99,DELTA,41,200,44,1000,700,no,55,-50
2025-05-20T14:03:59.245147,KXBTCD-25MAY2018-T107249.99,DELTA,41,200,44,1000,701,no,1,8000
2025-05-20T14:03:59.265433,KXBTCD-25MAY2018-T107249.99,DELTA,41,200,44,1000,702,no,54,200
2025-05-20T14:03:59.284745,KXBTCD-25MAY2018-T107249.99,DELTA,41,200,46,200,703,no,56,-1000
2025-05-20T14:03:59.305361,KXBTCD-25MAY2018-T107249.99,DELTA,41,214,46,200,704,yes,41,14
2025-05-20T14:03:59.305519,KXBTCD-25MAY2018-T107249.99,DELTA,41,214,46,200,705,yes,40,-14
2025-05-20T14:03:59.305782,KXBTCD-25MAY2018-T107249.99,DELTA,41,214,46,200,706,no,51,-14
2025-05-20T14:03:59.305886,KXBTCD-25MAY2018-T107249.99,DELTA,41,214,46,200,707,no,50,14
2025-05-20T14:03:59.326224,KXBTCD-25MAY2018-T107249.99,DELTA,41,214,45,1000,708,no,55,1000
2025-05-20T14:03:59.345058,KXBTCD-25MAY2018-T107249.99,DELTA,41,214,45,1000,709,yes,38,-1000
2025-05-20T14:03:59.426778,KXBTCD-25MAY2018-T107249.99,DELTA,41,214,45,1000,710,yes,40,1000
2025-05-20T14:03:59.427437,KXBTCD-25MAY2018-T107249.99,DELTA,41,214,46,200,711,no,55,-1000
2025-05-20T14:03:59.486915,KXBTCD-25MAY2018-T107249.99,DELTA,41,214,46,1200,712,no,54,1000
2025-05-20T14:03:59.487700,KXBTCD-25MAY2018-T107249.99,DELTA,41,214,46,1200,713,yes,40,30
2025-05-20T14:03:59.489214,KXBTCD-25MAY2018-T107249.99,DELTA,41,214,46,1200,714,yes,39,-30
2025-05-20T14:03:59.507527,KXBTCD-25MAY2018-T107249.99,DELTA,41,214,46,1200,715,no,50,-30
2025-05-20T14:03:59.508509,KXBTCD-25MAY2018-T107249.99,DELTA,41,214,46,1200,716,no,49,30
2025-05-20T14:03:59.646468,KXBTCD-25MAY2018-T107249.99,DELTA,41,14,46,1200,717,yes,41,-200
2025-05-20T14:03:59.646608,KXBTCD-25MAY2018-T107249.99,DELTA,41,14,46,1000,718,no,54,-200
2025-05-20T14:03:59.686519,KXBTCD-25MAY2018-T107249.99,DELTA,43,150,46,1000,719,yes,43,150
2025-05-20T14:03:59.686681,KXBTCD-25MAY2018-T107249.99,DELTA,43,150,46,1000,720,no,53,50
2025-05-20T14:03:59.725442,KXBTCD-25MAY2018-T107249.99,DELTA,43,150,47,50,721,no,54,-1000
2025-05-20T14:03:59.766561,KXBTCD-25MAY2018-T107249.99,DELTA,43,150,46,1000,722,no,54,1000
2025-05-20T14:03:59.766879,KXBTCD-25MAY2018-T107249.99,DELTA,43,150,46,1000,723,no,53,-50
2025-05-20T14:03:59.785983,KXBTCD-25MAY2018-T107249.99,DELTA,43,150,46,1000,724,yes,11,-3000
2025-05-20T14:03:59.786448,KXBTCD-25MAY2018-T107249.99,DELTA,43,150,46,1000,725,no,39,-3000
2025-05-20T14:03:59.825665,KXBTCD-25MAY2018-T107249.99,DELTA,43,150,46,1000,726,no,52,150
2025-05-20T14:03:59.846485,KXBTCD-25MAY2018-T107249.99,DELTA,43,150,48,150,727,no,54,-1000
2025-05-20T14:03:59.867016,KXBTCD-25MAY2018-T107249.99,DELTA,43,150,48,150,728,yes,18,3000
2025-05-20T14:03:59.867383,KXBTCD-25MAY2018-T107249.99,DELTA,43,150,48,150,729,no,31,3000
2025-05-20T14:03:59.924858,KXBTCD-25MAY2018-T107249.99,DELTA,43,150,47,1000,730,no,53,1000
2025-05-20T14:03:59.946306,KXBTCD-25MAY2018-T107249.99,DELTA,43,150,47,1000,731,yes,40,-1000
2025-05-20T14:03:59.966612,KXBTCD-25MAY2018-T107249.99,DELTA,43,150,47,1000,732,no,52,-150
2025-05-20T14:04:00.005712,KXBTCD-25MAY2018-T107249.99,DELTA,43,150,47,1000,733,yes,41,1000
2025-05-20T14:04:00.031955,KXBTCD-25MAY2018-T107249.99,DELTA,43,150,50,14,734,no,53,-1000
2025-05-20T14:04:00.048213,KXBTCD-25MAY2018-T107249.99,DELTA,43,150,50,14,735,no,11,-2945
2025-05-20T14:04:00.049319,KXBTCD-25MAY2018-T107249.99,DELTA,43,150,50,14,736,no,4,8100
2025-05-20T14:04:00.049871,KXBTCD-25MAY2018-T107249.99,DELTA,41,1014,50,14,737,yes,43,-150
2025-05-20T14:04:00.086022,KXBTCD-25MAY2018-T107249.99,DELTA,41,1014,50,1014,738,no,50,1000
2025-05-20T14:04:00.105422,KXBTCD-25MAY2018-T107249.99,DELTA,45,200,50,1014,739,yes,45,200
2025-05-20T14:04:00.106063,KXBTCD-25MAY2018-T107249.99,DELTA,45,200,50,1264,740,no,50,250
2025-05-20T14:04:00.187559,KXBTCD-25MAY2018-T107249.99,DELTA,45,200,50,1264,741,no,31,-2000
2025-05-20T14:04:00.205365,KXBTCD-25MAY2018-T107249.99,DELTA,45,200,50,264,742,no,50,-1000
2025-05-20T14:04:00.325773,KXBTCD-25MAY2018-T107249.99,DELTA,45,200,50,364,743,no,50,100
2025-05-20T14:04:00.326676,KXBTCD-25MAY2018-T107249.99,DELTA,45,200,50,364,744,yes,42,100
2025-05-20T14:04:00.345737,KXBTCD-25MAY2018-T107249.99,DELTA,45,200,50,2364,745,no,50,2000
2025-05-20T14:04:00.346438,KXBTCD-25MAY2018-T107249.99,DELTA,45,200,50,2364,746,no,5,20000
2025-05-20T14:04:00.365161,KXBTCD-25MAY2018-T107249.99,DELTA,45,200,49,1000,747,no,51,1000
2025-05-20T14:04:00.405227,KXBTCD-25MAY2018-T107249.99,DELTA,45,200,49,1000,748,yes,41,-14
2025-05-20T14:04:00.406013,KXBTCD-25MAY2018-T107249.99,DELTA,45,200,49,1000,749,yes,43,14
2025-05-20T14:04:00.425448,KXBTCD-25MAY2018-T107249.99,DELTA,45,200,49,1000,750,no,50,-14
2025-05-20T14:04:00.426141,KXBTCD-25MAY2018-T107249.99,DELTA,45,200,49,1000,751,no,48,14
2025-05-20T14:04:00.526807,KXBTCD-25MAY2018-T107249.99,DELTA,45,200,49,1000,752,yes,42,30
2025-05-20T14:04:00.527348,KXBTCD-25MAY2018-T107249.99,DELTA,45,200,49,1000,753,yes,40,-30
2025-05-20T14:04:00.546881,KXBTCD-25MAY2018-T107249.99,DELTA,45,200,49,1000,754,no,49,-30
2025-05-20T14:04:00.547790,KXBTCD-25MAY2018-T107249.99,DELTA,45,200,49,1000,755,no,47,30
2025-05-20T14:04:00.548322,KXBTCD-25MAY2018-T107249.99,DELTA,45,200,49,1000,756,yes,41,-1000
2025-05-20T14:04:00.567514,KXBTCD-25MAY2018-T107249.99,DELTA,45,200,49,1000,757,no,50,-2000
2025-05-20T14:04:00.607375,KXBTCD-25MAY2018-T107249.99,DELTA,45,200,49,1000,758,no,31,2000
2025-05-20T14:04:00.608394,KXBTCD-25MAY2018-T107249.99,DELTA,45,200,49,1000,759,yes,42,1000
2025-05-20T14:04:00.686389,KXBTCD-25MAY2018-T107249.99,DELTA,45,200,49,1000,760,yes,42,-1000
2025-05-20T14:04:00.727427,KXBTCD-25MAY2018-T107249.99,DELTA,45,200,49,1000,761,yes,43,1000
2025-05-20T14:04:00.846184,KXBTCD-25MAY2018-T107249.99,DELTA,45,200,49,847,762,no,51,-153
2025-05-20T14:04:01.144807,KXBTCD-25MAY2018-T107249.99,DELTA,45,200,49,847,763,yes,42,-100
2025-05-20T14:04:01.445633,KXBTCD-25MAY2018-T107249.99,DELTA,45,200,49,847,764,yes,43,-1000
2025-05-20T14:04:01.464742,KXBTCD-25MAY2018-T107249.99,DELTA,45,200,49,847,765,no,31,-2000
2025-05-20T14:04:01.526996,KXBTCD-25MAY2018-T107249.99,DELTA,45,200,49,847,766,yes,21,1000
2025-05-20T14:04:01.548409,KXBTCD-25MAY2018-T107249.99,DELTA,45,200,49,847,767,no,50,2000
2025-05-20T14:04:01.586069,KXBTCD-25MAY2018-T107249.99,DELTA,45,200,49,847,768,yes,40,30
2025-05-20T14:04:01.586225,KXBTCD-25MAY2018-T107249.99,DELTA,45,200,49,847,769,yes,42,-30
2025-05-20T14:04:01.586328,KXBTCD-25MAY2018-T107249.99,DELTA,45,200,49,847,770,no,49,30
2025-05-20T14:04:01.586442,KXBTCD-25MAY2018-T107249.99,DELTA,45,200,49,847,771,no,47,-30
2025-05-20T14:04:01.605736,KXBTCD-25MAY2018-T107249.99,DELTA,45,200,49,847,772,no,50,-2000
2025-05-20T14:04:01.645611,KXBTCD-25MAY2018-T107249.99,DELTA,45,200,49,847,773,yes,21,-1000
2025-05-20T14:04:01.646959,KXBTCD-25MAY2018-T107249.99,DELTA,45,200,49,2847,774,no,51,2000
2025-05-20T14:04:01.745042,KXBTCD-25MAY2018-T107249.99,DELTA,45,200,49,2847,775,yes,41,9
2025-05-20T14:04:01.809141,KXBTCD-25MAY2018-T107249.99,DELTA,45,200,49,2847,776,yes,40,1000
2025-05-20T14:04:01.847836,KXBTCD-25MAY2018-T107249.99,DELTA,45,200,49,2847,777,no,50,1250
2025-05-20T14:04:02.048159,KXBTCD-25MAY2018-T107249.99,DELTA,45,200,49,2847,778,yes,40,-1000
2025-05-20T14:04:02.050226,KXBTCD-25MAY2018-T107249.99,DELTA,45,200,49,2847,779,no,50,-1250
2025-05-20T14:04:02.127496,KXBTCD-25MAY2018-T107249.99,DELTA,45,200,49,4097,780,no,51,1250
2025-05-20T14:04:02.127885,KXBTCD-25MAY2018-T107249.99,DELTA,45,200,49,4097,781,yes,21,1000
2025-05-20T14:04:02.209206,KXBTCD-25MAY2018-T107249.99,DELTA,43,14,49,4097,782,yes,45,-200
2025-05-20T14:04:02.329688,KXBTCD-25MAY2018-T107249.99,DELTA,44,250,49,4097,783,yes,44,250
2025-05-20T14:04:02.392125,KXBTCD-25MAY2018-T107249.99,DELTA,44,250,49,2097,784,no,51,-2000
2025-05-20T14:04:02.392398,KXBTCD-25MAY2018-T107249.99,DELTA,44,250,49,847,785,no,51,-1250
2025-05-20T14:04:02.392793,KXBTCD-25MAY2018-T107249.99,DELTA,44,250,49,847,786,yes,21,-2000
2025-05-20T14:04:02.393120,KXBTCD-25MAY2018-T107249.99,DELTA,44,250,50,350,787,no,51,-847
2025-05-20T14:04:02.393683,KXBTCD-25MAY2018-T107249.99,DELTA,44,250,50,350,788,no,5,-20000
2025-05-20T14:04:02.393856,KXBTCD-25MAY2018-T107249.99,DELTA,44,250,50,350,789,yes,5,-20000
2025-05-20T14:04:02.393938,KXBTCD-25MAY2018-T107249.99,DELTA,44,250,50,350,790,yes,21,-1000
2025-05-20T14:04:02.394049,KXBTCD-25MAY2018-T107249.99,DELTA,44,250,50,350,791,yes,42,30
2025-05-20T14:04:02.394133,KXBTCD-25MAY2018-T107249.99,DELTA,45,14,50,350,792,yes,45,14
2025-05-20T14:04:02.394191,KXBTCD-25MAY2018-T107249.99,DELTA,45,14,50,350,793,yes,43,-14
2025-05-20T14:04:02.408795,KXBTCD-25MAY2018-T107249.99,DELTA,45,14,50,350,794,no,47,30
2025-05-20T14:04:02.409025,KXBTCD-25MAY2018-T107249.99,DELTA,45,14,50,350,795,no,48,-14
2025-05-20T14:04:02.409316,KXBTCD-25MAY2018-T107249.99,DELTA,45,14,50,350,796,no,46,14
2025-05-20T14:04:02.428914,KXBTCD-25MAY2018-T107249.99,DELTA,45,14,50,350,797,yes,44,-250
2025-05-20T14:04:02.453706,KXBTCD-25MAY2018-T107249.99,DELTA,45,14,50,100,798,no,50,-250
2025-05-20T14:04:02.454020,KXBTCD-25MAY2018-T107249.99,DELTA,45,14,50,100,799,yes,40,100
2025-05-20T14:04:02.454205,KXBTCD-25MAY2018-T107249.99,DELTA,45,14,51,30,800,no,50,-100
2025-05-20T14:04:02.529043,KXBTCD-25MAY2018-T107249.99,DELTA,45,14,51,30,801,yes,40,-30
2025-05-20T14:04:02.529314,KXBTCD-25MAY2018-T107249.99,DELTA,45,14,53,30,802,no,49,-30
2025-05-20T14:04:02.568105,KXBTCD-25MAY2018-T107249.99,DELTA,45,14,53,30,803,yes,42,200
2025-05-20T14:04:02.568444,KXBTCD-25MAY2018-T107249.99,DELTA,45,14,47,250,804,no,53,250
2025-05-20T14:04:02.685700,KXBTCD-25MAY2018-T107249.99,DELTA,45,14,47,250,805,yes,42,-200
2025-05-20T14:04:02.686479,KXBTCD-25MAY2018-T107249.99,DELTA,45,14,53,30,806,no,53,-250
2025-05-20T14:04:02.686930,KXBTCD-25MAY2018-T107249.99,DELTA,45,14,53,30,807,yes,40,-100
2025-05-20T14:04:02.806791,KXBTCD-25MAY2018-T107249.99,DELTA,45,14,53,30,808,no,31,2000
2025-05-20T14:04:02.807546,KXBTCD-25MAY2018-T107249.99,DELTA,46,50,53,30,809,yes,46,50
2025-05-20T14:04:02.825031,KXBTCD-25MAY2018-T107249.99,DELTA,46,50,50,150,810,no,50,150
2025-05-20T14:04:02.945085,KXBTCD-25MAY2018-T107249.99,DELTA,45,14,50,150,811,yes,46,-50
2025-05-20T14:04:02.965336,KXBTCD-25MAY2018-T107249.99,DELTA,45,264,50,150,812,yes,45,250
2025-05-20T14:04:03.032116,KXBTCD-25MAY2018-T107249.99,DELTA,45,264,50,150,813,yes,43,1000
2025-05-20T14:04:03.629906,KXBTCD-25MAY2018-T107249.99,DELTA,45,264,49,1000,814,no,51,1000
2025-05-20T14:04:03.968200,KXBTCD-25MAY2018-T107249.99,DELTA,45,264,49,1000,815,yes,43,100
2025-05-20T14:04:03.968647,KXBTCD-25MAY2018-T107249.99,DELTA,45,264,49,1000,816,no,49,100
2025-05-20T14:04:04.069085,KXBTCD-25MAY2018-T107249.99,DELTA,45,264,49,1000,817,yes,41,-9
2025-05-20T14:04:04.269171,KXBTCD-25MAY2018-T107249.99,DELTA,45,264,49,1000,818,yes,43,-100
2025-05-20T14:04:04.389316,KXBTCD-25MAY2018-T107249.99,DELTA,45,264,49,1000,819,yes,43,-1000
2025-05-20T14:04:04.446676,KXBTCD-25MAY2018-T107249.99,DELTA,45,264,49,1000,820,yes,42,1000
2025-05-20T14:04:04.713880,KXBTCD-25MAY2018-T107249.99,DELTA,45,264,49,1000,821,yes,42,-1000
2025-05-20T14:04:04.768119,KXBTCD-25MAY2018-T107249.99,DELTA,45,264,49,1000,822,yes,43,1000
2025-05-20T14:04:05.267055,KXBTCD-25MAY2018-T107249.99,DELTA,45,264,49,1000,823,yes,44,100
2025-05-20T14:04:05.957033,KXBTCD-25MAY2018-T107249.99,DELTA,45,264,49,1000,824,yes,4,-8100
2025-05-20T14:04:05.958138,KXBTCD-25MAY2018-T107249.99,DELTA,45,264,49,1000,825,yes,3,10800
2025-05-20T14:04:06.289216,KXBTCD-25MAY2018-T107249.99,DELTA,45,264,49,1000,826,yes,4,20000
2025-05-20T14:04:08.685295,KXBTCD-25MAY2018-T107249.99,DELTA,45,264,49,1000,827,no,50,-150
2025-05-20T14:04:08.705547,KXBTCD-25MAY2018-T107249.99,DELTA,45,264,49,1000,828,no,49,250
2025-05-20T14:04:08.784462,KXBTCD-25MAY2018-T107249.99,DELTA,45,264,51,350,829,no,51,-1000
2025-05-20T14:04:08.817000,KXBTCD-25MAY2018-T107249.99,DELTA,45,264,51,350,830,yes,43,-1000
2025-05-20T14:04:08.861223,KXBTCD-25MAY2018-T107249.99,DELTA,45,264,50,1000,831,no,50,1000
2025-05-20T14:04:08.862059,KXBTCD-25MAY2018-T107249.99,DELTA,45,264,50,1000,832,yes,44,1000
2025-05-20T14:04:08.873336,KXBTCD-25MAY2018-T107249.99,DELTA,45,14,50,1000,833,yes,45,-250
2025-05-20T14:04:08.905411,KXBTCD-25MAY2018-T107249.99,DELTA,45,14,50,1000,834,no,49,-250
2025-05-20T14:04:09.007095,KXBTCD-25MAY2018-T107249.99,DELTA,48,50,50,1000,835,yes,48,50
2025-05-20T14:04:09.008141,KXBTCD-25MAY2018-T107249.99,DELTA,48,50,50,1000,836,no,48,150
2025-05-20T14:04:09.105287,KXBTCD-25MAY2018-T107249.99,DELTA,45,14,50,1000,837,yes,48,-50
2025-05-20T14:04:09.168856,KXBTCD-25MAY2018-T107249.99,DELTA,47,100,50,1000,838,yes,47,100
2025-05-20T14:04:09.369343,KXBTCD-25MAY2018-T107249.99,DELTA,47,100,50,1000,839,no,31,-2000
2025-05-20T14:04:09.369767,KXBTCD-25MAY2018-T107249.99,DELTA,47,100,50,1000,840,no,49,-100
2025-05-20T14:04:09.385083,KXBTCD-25MAY2018-T107249.99,DELTA,45,14,50,1000,841,yes,47,-100
2025-05-20T14:04:09.405396,KXBTCD-25MAY2018-T107249.99,DELTA,45,14,50,1000,842,yes,44,-1000
2025-05-20T14:04:09.405636,KXBTCD-25MAY2018-T107249.99,DELTA,46,250,50,1000,843,yes,46,250
2025-05-20T14:04:09.424799,KXBTCD-25MAY2018-T107249.99,DELTA,46,250,50,1000,844,no,48,2000
2025-05-20T14:04:09.461551,KXBTCD-25MAY2018-T107249.99,DELTA,46,250,50,1000,845,no,48,-150
2025-05-20T14:04:09.461713,KXBTCD-25MAY2018-T107249.99,DELTA,46,250,52,2000,846,no,50,-1000
2025-05-20T14:04:09.483929,KXBTCD-25MAY2018-T107249.99,DELTA,46,250,52,2000,847,yes,42,1000
2025-05-20T14:04:09.484046,KXBTCD-25MAY2018-T107249.99,DELTA,46,250,53,30,848,no,48,-2000
2025-05-20T14:04:09.505522,KXBTCD-25MAY2018-T107249.99,DELTA,46,250,50,100,849,no,50,100
2025-05-20T14:04:09.525664,KXBTCD-25MAY2018-T107249.99,DELTA,46,250,50,100,850,no,49,1000
2025-05-20T14:04:09.587101,KXBTCD-25MAY2018-T107249.99,DELTA,46,250,50,100,851,yes,42,-1000
2025-05-20T14:04:09.632337,KXBTCD-25MAY2018-T107249.99,DELTA,46,250,51,1000,852,no,50,-100
2025-05-20T14:04:09.651029,KXBTCD-25MAY2018-T107249.99,DELTA,46,250,51,1250,853,no,49,250
2025-05-20T14:04:09.666914,KXBTCD-25MAY2018-T107249.99,DELTA,46,250,51,1250,854,yes,43,1000
2025-05-20T14:04:09.684255,KXBTCD-25MAY2018-T107249.99,DELTA,46,250,51,250,855,no,49,-1000
2025-05-20T14:04:09.744638,KXBTCD-25MAY2018-T107249.99,DELTA,46,250,50,1000,856,no,50,1000
2025-05-20T14:04:10.045672,KXBTCD-25MAY2018-T107249.99,DELTA,46,250,50,1000,857,yes,43,-1000
2025-05-20T14:04:10.086339,KXBTCD-25MAY2018-T107249.99,DELTA,45,14,50,1000,858,yes,46,-250
2025-05-20T14:04:10.086905,KXBTCD-25MAY2018-T107249.99,DELTA,45,14,50,1000,859,no,49,-250
2025-05-20T14:04:10.106334,KXBTCD-25MAY2018-T107249.99,DELTA,45,14,50,1000,860,yes,42,1000
2025-05-20T14:04:10.166881,KXBTCD-25MAY2018-T107249.99,DELTA,45,14,50,1000,861,yes,43,14
2025-05-20T14:04:10.167850,KXBTCD-25MAY2018-T107249.99,DELTA,44,100,50,1000,862,yes,45,-14
2025-05-20T14:04:10.186082,KXBTCD-25MAY2018-T107249.99,DELTA,45,50,50,1000,863,yes,45,50
2025-05-20T14:04:10.187240,KXBTCD-25MAY2018-T107249.99,DELTA,45,50,53,30,864,no,50,-1000
2025-05-20T14:04:10.187682,KXBTCD-25MAY2018-T107249.99,DELTA,45,50,53,30,865,no,46,-14
2025-05-20T14:04:10.188159,KXBTCD-25MAY2018-T107249.99,DELTA,45,50,52,14,866,no,48,14
2025-05-20T14:04:10.188515,KXBTCD-25MAY2018-T107249.99,DELTA,45,50,49,150,867,no,51,150
2025-05-20T14:04:10.205956,KXBTCD-25MAY2018-T107249.99,DELTA,45,50,49,150,868,yes,42,-1000
2025-05-20T14:04:10.245922,KXBTCD-25MAY2018-T107249.99,DELTA,45,50,49,150,869,yes,21,1000
2025-05-20T14:04:10.284936,KXBTCD-25MAY2018-T107249.99,DELTA,45,50,49,150,870,no,48,1000
2025-05-20T14:04:10.326753,KXBTCD-25MAY2018-T107249.99,DELTA,45,50,49,150,871,no,48,100
2025-05-20T14:04:10.386573,KXBTCD-25MAY2018-T107249.99,DELTA,45,50,49,150,872,no,31,2000
2025-05-20T14:04:10.405423,KXBTCD-25MAY2018-T107249.99,DELTA,45,50,49,150,873,yes,40,30
2025-05-20T14:04:10.426546,KXBTCD-25MAY2018-T107249.99,DELTA,45,50,49,150,874,yes,42,-30
2025-05-20T14:04:10.427429,KXBTCD-25MAY2018-T107249.99,DELTA,44,100,49,150,875,yes,45,-50
2025-05-20T14:04:10.428618,KXBTCD-25MAY2018-T107249.99,DELTA,44,100,49,150,876,no,49,30
2025-05-20T14:04:10.429203,KXBTCD-25MAY2018-T107249.99,DELTA,44,100,49,150,877,yes,43,-14
2025-05-20T14:04:10.429832,KXBTCD-25MAY2018-T107249.99,DELTA,44,100,49,150,878,yes,42,14
2025-05-20T14:04:10.430595,KXBTCD-25MAY2018-T107249.99,DELTA,44,100,49,150,879,no,49,14
2025-05-20T14:04:10.431091,KXBTCD-25MAY2018-T107249.99,DELTA,44,100,49,150,880,no,48,-14
2025-05-20T14:04:10.431908,KXBTCD-25MAY2018-T107249.99,DELTA,44,100,49,150,881,no,47,-30
2025-05-20T14:04:10.432483,KXBTCD-25MAY2018-T107249.99,DELTA,44,100,51,44,882,no,51,-150
2025-05-20T14:04:10.525538,KXBTCD-25MAY2018-T107249.99,DELTA,44,100,51,44,883,no,48,-100
2025-05-20T14:04:10.545615,KXBTCD-25MAY2018-T107249.99,DELTA,44,100,51,44,884,yes,43,50
2025-05-20T14:04:10.546493,KXBTCD-25MAY2018-T107249.99,DELTA,44,100,47,150,885,no,53,150
2025-05-20T14:04:10.646199,KXBTCD-25MAY2018-T107249.99,DELTA,44,100,47,150,886,yes,43,-50
2025-05-20T14:04:10.706504,KXBTCD-25MAY2018-T107249.99,DELTA,44,100,47,150,887,no,31,-2000
2025-05-20T14:04:10.726973,KXBTCD-25MAY2018-T107249.99,DELTA,44,100,47,150,888,yes,39,30
2025-05-20T14:04:10.727697,KXBTCD-25MAY2018-T107249.99,DELTA,44,100,47,150,889,no,48,-1000
2025-05-20T14:04:10.728398,KXBTCD-25MAY2018-T107249.99,DELTA,44,100,47,150,890,yes,40,-30
2025-05-20T14:04:10.729026,KXBTCD-25MAY2018-T107249.99,DELTA,44,100,47,150,891,yes,42,100
2025-05-20T14:04:10.729636,KXBTCD-25MAY2018-T107249.99,DELTA,44,100,47,150,892,no,50,30
2025-05-20T14:04:10.730127,KXBTCD-25MAY2018-T107249.99,DELTA,44,100,47,150,893,no,49,-30
2025-05-20T14:04:10.806381,KXBTCD-25MAY2018-T107249.99,DELTA,44,100,46,1000,894,no,54,1000
2025-05-20T14:04:10.807410,KXBTCD-25MAY2018-T107249.99,DELTA,44,100,46,1000,895,yes,42,-100
2025-05-20T14:04:10.827370,KXBTCD-25MAY2018-T107249.99,DELTA,44,100,46,1000,896,yes,22,9
2025-05-20T14:04:10.828070,KXBTCD-25MAY2018-T107249.99,DELTA,44,100,46,1000,897,no,49,9
2025-05-20T14:04:10.828637,KXBTCD-25MAY2018-T107249.99,DELTA,44,100,46,1000,898,no,53,-150
2025-05-20T14:04:10.829008,KXBTCD-25MAY2018-T107249.99,DELTA,44,100,46,3000,899,no,54,2000
2025-05-20T14:04:10.866965,KXBTCD-25MAY2018-T107249.99,DELTA,44,100,46,3000,900,yes,41,150
2025-05-20T14:04:10.886234,KXBTCD-25MAY2018-T107249.99,DELTA,44,100,45,50,901,no,55,50
2025-05-20T14:04:10.887040,KXBTCD-25MAY2018-T107249.99,DELTA,44,100,45,50,902,no,54,-2000
2025-05-20T14:04:10.887689,KXBTCD-25MAY2018-T107249.99,DELTA,44,100,45,50,903,no,54,-1000
2025-05-20T14:04:10.985757,KXBTCD-25MAY2018-T107249.99,DELTA,44,100,45,50,904,no,31,2000
2025-05-20T14:04:11.224646,KXBTCD-25MAY2018-T107249.99,DELTA,44,100,45,50,905,no,51,1000
2025-05-20T14:04:11.265733,KXBTCD-25MAY2018-T107249.99,DELTA,42,14,45,50,906,yes,44,-100
2025-05-20T14:04:11.346345,KXBTCD-25MAY2018-T107249.99,DELTA,42,14,45,50,907,no,51,-1000
2025-05-20T14:04:11.385735,KXBTCD-25MAY2018-T107249.99,DELTA,42,14,44,1000,908,no,56,1000
2025-05-20T14:04:11.626038,KXBTCD-25MAY2018-T107249.99,DELTA,42,14,44,1000,909,no,55,-50
2025-05-20T14:04:11.645216,KXBTCD-25MAY2018-T107249.99,DELTA,42,14,44,1000,910,no,54,50
2025-05-20T14:04:11.665885,KXBTCD-25MAY2018-T107249.99,DELTA,42,14,44,1000,911,no,52,100
2025-05-20T14:04:11.685112,KXBTCD-25MAY2018-T107249.99,DELTA,42,14,44,1000,912,yes,21,-1000
2025-05-20T14:04:11.686866,KXBTCD-25MAY2018-T107249.99,DELTA,42,14,44,1000,913,yes,41,-150
2025-05-20T14:04:11.687400,KXBTCD-25MAY2018-T107249.99,DELTA,42,14,44,1000,914,no,54,-50
2025-05-20T14:04:11.688112,KXBTCD-25MAY2018-T107249.99,DELTA,42,14,48,100,915,no,56,-1000
2025-05-20T14:04:11.746186,KXBTCD-25MAY2018-T107249.99,DELTA,43,100,48,100,916,yes,43,100
2025-05-20T14:04:11.765812,KXBTCD-25MAY2018-T107249.99,DELTA,43,100,45,1000,917,no,55,1000
2025-05-20T14:04:11.766480,KXBTCD-25MAY2018-T107249.99,DELTA,43,100,45,1000,918,yes,39,1000
2025-05-20T14:04:11.766994,KXBTCD-25MAY2018-T107249.99,DELTA,43,100,45,1000,919,no,53,100
2025-05-20T14:04:11.806369,KXBTCD-25MAY2018-T107249.99,DELTA,42,14,45,1000,920,yes,43,-100
2025-05-20T14:04:11.807090,KXBTCD-25MAY2018-T107249.99,DELTA,42,14,45,1000,921,yes,39,-1000
2025-05-20T14:04:11.825512,KXBTCD-25MAY2018-T107249.99,DELTA,42,14,47,100,922,no,55,-1000
2025-05-20T14:04:11.826455,KXBTCD-25MAY2018-T107249.99,DELTA,42,164,47,100,923,yes,42,150
2025-05-20T14:04:11.885454,KXBTCD-25MAY2018-T107249.99,DELTA,42,164,47,100,924,yes,21,1000
2025-05-20T14:04:11.906057,KXBTCD-25MAY2018-T107249.99,DELTA,42,164,46,1000,925,no,54,1000
2025-05-20T14:04:12.307081,KXBTCD-25MAY2018-T107249.99,DELTA,42,164,46,1000,926,yes,41,100
2025-05-20T14:04:12.405272,KXBTCD-25MAY2018-T107249.99,DELTA,42,164,46,1000,927,yes,3,-10800
2025-05-20T14:04:12.405482,KXBTCD-25MAY2018-T107249.99,DELTA,42,164,46,1000,928,yes,4,8100
2025-05-20T14:04:12.606218,KXBTCD-25MAY2018-T107249.99,DELTA,42,164,46,1000,929,yes,4,-20000
2025-05-20T14:04:12.607032,KXBTCD-25MAY2018-T107249.99,DELTA,42,164,46,1000,930,no,53,-100
2025-05-20T14:04:12.707305,KXBTCD-25MAY2018-T107249.99,DELTA,42,164,46,1000,931,no,53,200
2025-05-20T14:04:12.709529,KXBTCD-25MAY2018-T107249.99,DELTA,42,164,47,200,932,no,54,-1000
2025-05-20T14:04:12.711084,KXBTCD-25MAY2018-T107249.99,DELTA,42,164,47,200,933,yes,5,20000
2025-05-20T14:04:12.711931,KXBTCD-25MAY2018-T107249.99,DELTA,42,164,47,200,934,yes,21,-1000
2025-05-20T14:04:12.805545,KXBTCD-25MAY2018-T107249.99,DELTA,42,164,48,100,935,no,53,-200
2025-05-20T14:04:12.906627,KXBTCD-25MAY2018-T107249.99,DELTA,42,164,48,100,936,no,32,9
2025-05-20T14:04:12.907614,KXBTCD-25MAY2018-T107249.99,DELTA,42,164,46,1000,937,no,54,1000
2025-05-20T14:04:12.908249,KXBTCD-25MAY2018-T107249.99,DELTA,42,164,46,1000,938,yes,21,9
2025-05-20T14:04:12.988890,KXBTCD-25MAY2018-T107249.99,DELTA,42,164,46,1000,939,no,31,-2000
2025-05-20T14:04:12.989808,KXBTCD-25MAY2018-T107249.99,DELTA,42,164,46,1000,940,yes,22,-9
2025-05-20T14:04:12.990842,KXBTCD-25MAY2018-T107249.99,DELTA,42,164,46,1000,941,no,49,-9
2025-05-20T14:04:13.086051,KXBTCD-25MAY2018-T107249.99,DELTA,42,164,46,1000,942,no,31,2000
2025-05-20T14:04:13.106127,KXBTCD-25MAY2018-T107249.99,DELTA,42,164,48,100,943,no,54,-1000
2025-05-20T14:04:13.107278,KXBTCD-25MAY2018-T107249.99,DELTA,42,164,48,300,944,no,52,200
2025-05-20T14:04:13.388145,KXBTCD-25MAY2018-T107249.99,DELTA,42,164,48,300,945,no,31,-2000
2025-05-20T14:04:13.388871,KXBTCD-25MAY2018-T107249.99,DELTA,42,164,47,1000,946,no,53,1000
2025-05-20T14:04:13.405693,KXBTCD-25MAY2018-T107249.99,DELTA,42,14,47,1000,947,yes,42,-150
2025-05-20T14:04:13.505739,KXBTCD-25MAY2018-T107249.99,DELTA,44,50,47,1000,948,yes,44,50
2025-05-20T14:04:13.506477,KXBTCD-25MAY2018-T107249.99,DELTA,44,50,47,1000,949,no,52,2000
2025-05-20T14:04:13.604483,KXBTCD-25MAY2018-T107249.99,DELTA,44,50,47,1000,950,yes,39,1000
2025-05-20T14:04:13.685638,KXBTCD-25MAY2018-T107249.99,DELTA,44,50,47,1000,951,yes,41,-100
2025-05-20T14:04:13.766007,KXBTCD-25MAY2018-T107249.99,DELTA,44,50,47,1000,952,yes,39,-1000
2025-05-20T14:04:13.766674,KXBTCD-25MAY2018-T107249.99,DELTA,44,50,47,1000,953,no,52,-100
2025-05-20T14:04:13.784351,KXBTCD-25MAY2018-T107249.99,DELTA,44,50,47,1000,954,no,52,-2000
2025-05-20T14:04:13.884828,KXBTCD-25MAY2018-T107249.99,DELTA,42,14,47,1000,955,yes,44,-50
2025-05-20T14:04:13.905043,KXBTCD-25MAY2018-T107249.99,DELTA,42,14,47,1000,956,no,31,2000
2025-05-20T14:04:14.006366,KXBTCD-25MAY2018-T107249.99,DELTA,43,250,47,1000,957,yes,43,250
2025-05-20T14:04:14.206700,KXBTCD-25MAY2018-T107249.99,DELTA,43,250,47,1000,958,yes,40,1000
2025-05-20T14:04:15.225931,KXBTCD-25MAY2018-T107249.99,DELTA,43,250,47,1000,959,yes,42,100
2025-05-20T14:04:15.251291,KXBTCD-25MAY2018-T107249.99,DELTA,43,250,47,1000,960,no,50,100
2025-05-20T14:04:15.345484,KXBTCD-25MAY2018-T107249.99,DELTA,43,250,47,1000,961,no,32,-9
2025-05-20T14:04:15.346499,KXBTCD-25MAY2018-T107249.99,DELTA,43,250,47,1000,962,yes,21,-9
2025-05-20T14:04:16.566983,KXBTCD-25MAY2018-T107249.99,DELTA,43,250,47,1000,963,no,31,-2000
2025-05-20T14:04:16.605008,KXBTCD-25MAY2018-T107249.99,DELTA,43,250,47,1000,964,no,52,2000
2025-05-20T14:04:16.666318,KXBTCD-25MAY2018-T107249.99,DELTA,43,250,47,1000,965,yes,40,-1000
2025-05-20T14:04:16.745864,KXBTCD-25MAY2018-T107249.99,DELTA,43,250,47,1000,966,no,52,-2000
2025-05-20T14:04:16.805112,KXBTCD-25MAY2018-T107249.99,DELTA,43,250,47,3000,967,no,53,2000
2025-05-20T14:04:16.845455,KXBTCD-25MAY2018-T107249.99,DELTA,43,250,47,3000,968,yes,39,1000
2025-05-20T14:04:16.846147,KXBTCD-25MAY2018-T107249.99,DELTA,43,250,47,1000,969,no,53,-2000
2025-05-20T14:04:16.884603,KXBTCD-25MAY2018-T107249.99,DELTA,43,250,47,1000,970,yes,39,-1000
2025-05-20T14:04:16.885194,KXBTCD-25MAY2018-T107249.99,DELTA,43,250,47,1000,971,no,52,2000
2025-05-20T14:04:16.925484,KXBTCD-25MAY2018-T107249.99,DELTA,42,114,47,1000,972,yes,43,-250
2025-05-20T14:04:16.945389,KXBTCD-25MAY2018-T107249.99,DELTA,42,114,47,1000,973,yes,40,1000
2025-05-20T14:04:16.946037,KXBTCD-25MAY2018-T107249.99,DELTA,42,114,47,1000,974,no,52,-200
2025-05-20T14:04:16.985479,KXBTCD-25MAY2018-T107249.99,DELTA,43,150,47,1000,975,yes,43,150
2025-05-20T14:04:17.006696,KXBTCD-25MAY2018-T107249.99,DELTA,43,150,47,1050,976,no,53,50
2025-05-20T14:04:17.065739,KXBTCD-25MAY2018-T107249.99,DELTA,43,150,47,1050,977,no,52,-2000
2025-05-20T14:04:17.066338,KXBTCD-25MAY2018-T107249.99,DELTA,43,150,47,50,978,no,53,-1000
2025-05-20T14:04:17.126015,KXBTCD-25MAY2018-T107249.99,DELTA,43,150,50,130,979,no,53,-50
2025-05-20T14:04:17.145687,KXBTCD-25MAY2018-T107249.99,DELTA,43,150,48,250,980,no,52,250
2025-05-20T14:04:17.225356,KXBTCD-25MAY2018-T107249.99,DELTA,43,150,48,250,981,no,31,2000
2025-05-20T14:04:17.226315,KXBTCD-25MAY2018-T107249.99,DELTA,43,150,46,1000,982,no,54,1000
2025-05-20T14:04:17.266045,KXBTCD-25MAY2018-T107249.99,DELTA,43,150,46,1000,983,no,31,-2000
2025-05-20T14:04:17.266855,KXBTCD-25MAY2018-T107249.99,DELTA,43,150,48,250,984,no,54,-1000
2025-05-20T14:04:17.325337,KXBTCD-25MAY2018-T107249.99,DELTA,43,150,47,1000,985,no,53,1000
2025-05-20T14:04:17.325996,KXBTCD-25MAY2018-T107249.99,DELTA,43,150,47,1000,986,no,52,2000
2025-05-20T14:04:17.364128,KXBTCD-25MAY2018-T107249.99,DELTA,43,150,47,1000,987,no,32,9
2025-05-20T14:04:17.464967,KXBTCD-25MAY2018-T107249.99,DELTA,43,150,47,1000,988,no,50,-100
2025-05-20T14:04:17.926205,KXBTCD-25MAY2018-T107249.99,DELTA,43,150,47,1000,989,yes,40,-1000
2025-05-20T14:04:17.945015,KXBTCD-25MAY2018-T107249.99,DELTA,43,150,47,1000,990,no,52,-2000
2025-05-20T14:04:17.964886,KXBTCD-25MAY2018-T107249.99,DELTA,43,150,47,1000,991,yes,39,1000
2025-05-20T14:04:18.005791,KXBTCD-25MAY2018-T107249.99,DELTA,43,150,47,3000,992,no,53,2000
2025-05-20T14:04:18.025141,KXBTCD-25MAY2018-T107249.99,DELTA,42,114,47,3000,993,yes,43,-150
2025-05-20T14:04:18.046842,KXBTCD-25MAY2018-T107249.99,DELTA,42,364,47,3000,994,yes,42,250
2025-05-20T14:04:18.126193,KXBTCD-25MAY2018-T107249.99,DELTA,42,364,47,3000,995,no,52,-250
2025-05-20T14:04:18.145565,KXBTCD-25MAY2018-T107249.99,DELTA,42,364,46,100,996,no,54,100
2025-05-20T14:04:18.226630,KXBTCD-25MAY2018-T107249.99,DELTA,42,364,47,3000,997,no,54,-100
2025-05-20T14:04:18.227303,KXBTCD-25MAY2018-T107249.99,DELTA,42,364,47,1000,998,no,53,-2000
2025-05-20T14:04:18.246121,KXBTCD-25MAY2018-T107249.99,DELTA,42,364,50,30,999,no,53,-1000
2025-05-20T14:04:18.246856,KXBTCD-25MAY2018-T107249.99,DELTA,42,364,47,250,1000,no,53,250
2025-05-20T14:04:18.285424,KXBTCD-25MAY2018-T107249.99,DELTA,42,364,47,250,1001,no,31,2000
2025-05-20T14:04:18.286277,KXBTCD-25MAY2018-T107249.99,DELTA,42,364,47,250,1002,no,51,1000
2025-05-20T14:04:18.325791,KXBTCD-25MAY2018-T107249.99,DELTA,42,364,47,250,1003,no,31,-2000
2025-05-20T14:04:18.346622,KXBTCD-25MAY2018-T107249.99,DELTA,42,364,47,250,1004,no,51,-1000
2025-05-20T14:04:18.387557,KXBTCD-25MAY2018-T107249.99,DELTA,42,364,46,1000,1005,no,54,1000
2025-05-20T14:04:18.388408,KXBTCD-25MAY2018-T107249.99,DELTA,42,364,46,1000,1006,no,53,2000
2025-05-20T14:04:18.544435,KXBTCD-25MAY2018-T107249.99,DELTA,42,364,46,1000,1007,no,51,100
2025-05-20T14:04:19.506582,KXBTCD-25MAY2018-T107249.99,DELTA,42,364,46,990,1008,no,54,-10
2025-05-20T14:04:19.525835,KXBTCD-25MAY2018-T107249.99,DELTA,42,364,46,990,1009,yes,39,-1000
2025-05-20T14:04:19.592900,KXBTCD-25MAY2018-T107249.99,DELTA,42,114,46,990,1010,yes,42,-250
2025-05-20T14:04:19.593845,KXBTCD-25MAY2018-T107249.99,DELTA,42,114,46,990,1011,yes,21,1000
2025-05-20T14:04:19.613354,KXBTCD-25MAY2018-T107249.99,DELTA,42,114,46,990,1012,no,32,-9
2025-05-20T14:04:19.626169,KXBTCD-25MAY2018-T107249.99,DELTA,42,114,46,990,1013,yes,41,250
2025-05-20T14:04:19.866675,KXBTCD-25MAY2018-T107249.99,DELTA,42,114,46,990,1014,no,53,-2000
2025-05-20T14:04:19.905383,KXBTCD-25MAY2018-T107249.99,DELTA,42,114,46,2990,1015,no,54,2000
2025-05-20T14:04:20.165450,KXBTCD-25MAY2018-T107249.99,DELTA,42,14,46,2990,1016,yes,42,-100
2025-05-20T14:04:20.765894,KXBTCD-25MAY2018-T107249.99,DELTA,42,14,46,2990,1017,yes,4,-8100
2025-05-20T14:04:20.766819,KXBTCD-25MAY2018-T107249.99,DELTA,42,14,46,2990,1018,yes,6,5400
2025-05-20T14:04:20.826829,KXBTCD-25MAY2018-T107249.99,DELTA,42,14,46,2738,1019,no,54,-252
2025-05-20T14:04:20.827779,KXBTCD-25MAY2018-T107249.99,DELTA,42,14,46,2738,1020,yes,5,-20000
2025-05-20T14:04:20.866937,KXBTCD-25MAY2018-T107249.99,DELTA,42,14,46,2738,1021,yes,7,20000
2025-05-20T14:04:21.105944,KXBTCD-25MAY2018-T107249.99,DELTA,42,14,46,2738,1022,yes,40,14
2025-05-20T14:04:21.106112,KXBTCD-25MAY2018-T107249.99,DELTA,41,250,46,2738,1023,yes,42,-14
2025-05-20T14:04:21.106205,KXBTCD-25MAY2018-T107249.99,DELTA,41,250,46,2738,1024,no,49,-14
2025-05-20T14:04:21.106282,KXBTCD-25MAY2018-T107249.99,DELTA,41,250,46,2738,1025,no,51,14
2025-05-20T14:04:21.245757,KXBTCD-25MAY2018-T107249.99,DELTA,41,250,46,2738,1026,no,53,-250
2025-05-20T14:04:21.265510,KXBTCD-25MAY2018-T107249.99,DELTA,41,250,46,2738,1027,yes,40,100
2025-05-20T14:04:21.305866,KXBTCD-25MAY2018-T107249.99,DELTA,41,250,46,738,1028,no,54,-2000
2025-05-20T14:04:21.306323,KXBTCD-25MAY2018-T107249.99,DELTA,41,250,49,114,1029,no,54,-738
2025-05-20T14:04:21.326879,KXBTCD-25MAY2018-T107249.99,DELTA,41,250,45,150,1030,no,55,150
2025-05-20T14:04:21.367013,KXBTCD-25MAY2018-T107249.99,DELTA,41,250,45,150,1031,no,31,2000
2025-05-20T14:04:21.385555,KXBTCD-25MAY2018-T107249.99,DELTA,41,250,45,150,1032,no,52,1000
2025-05-20T14:04:21.427031,KXBTCD-25MAY2018-T107249.99,DELTA,41,250,45,150,1033,no,52,-1000
2025-05-20T14:04:21.488211,KXBTCD-25MAY2018-T107249.99,DELTA,41,250,44,1000,1034,no,56,1000
2025-05-20T14:04:21.886759,KXBTCD-25MAY2018-T107249.99,DELTA,41,250,44,1000,1035,yes,6,-5400
2025-05-20T14:04:21.887714,KXBTCD-25MAY2018-T107249.99,DELTA,41,250,44,1000,1036,yes,8,4050
2025-05-20T14:04:21.906622,KXBTCD-25MAY2018-T107249.99,DELTA,41,250,44,1000,1037,no,51,-100
2025-05-20T14:04:21.946585,KXBTCD-25MAY2018-T107249.99,DELTA,41,250,44,1000,1038,yes,7,-20000
2025-05-20T14:04:21.986615,KXBTCD-25MAY2018-T107249.99,DELTA,41,250,44,1000,1039,yes,9,20000
2025-05-20T14:04:21.987418,KXBTCD-25MAY2018-T107249.99,DELTA,41,250,44,1000,1040,yes,22,9
2025-05-20T14:04:22.166710,KXBTCD-25MAY2018-T107249.99,DELTA,41,250,42,5,1041,no,58,5
2025-05-20T14:04:22.905174,KXBTCD-25MAY2018-T107249.99,DELTA,41,250,42,5,1042,yes,8,-4050
2025-05-20T14:04:22.906247,KXBTCD-25MAY2018-T107249.99,DELTA,41,250,42,5,1043,yes,9,3600
2025-05-20T14:04:22.966903,KXBTCD-25MAY2018-T107249.99,DELTA,41,250,42,5,1044,yes,9,-20000
2025-05-20T14:04:23.025429,KXBTCD-25MAY2018-T107249.99,DELTA,41,250,42,5,1045,yes,10,20000
2025-05-20T14:04:23.366871,KXBTCD-25MAY2018-T107249.99,DELTA,41,250,42,5,1046,no,52,100
2025-05-20T14:04:23.427459,KXBTCD-25MAY2018-T107249.99,DELTA,41,250,42,5,1047,no,5,20000
2025-05-20T14:04:23.907138,KXBTCD-25MAY2018-T107249.99,DELTA,41,250,42,5,1048,yes,21,2000
2025-05-20T14:04:23.926525,KXBTCD-25MAY2018-T107249.99,DELTA,40,114,42,5,1049,yes,41,-250
2025-05-20T14:04:23.965679,KXBTCD-25MAY2018-T107249.99,DELTA,40,114,42,5,1050,yes,9,-3600
2025-05-20T14:04:23.966587,KXBTCD-25MAY2018-T107249.99,DELTA,40,114,42,5,1051,yes,4,8100
2025-05-20T14:04:23.986107,KXBTCD-25MAY2018-T107249.99,DELTA,40,364,42,5,1052,yes,40,250
2025-05-20T14:04:24.025835,KXBTCD-25MAY2018-T107249.99,DELTA,40,364,42,5,1053,yes,10,-20000
2025-05-20T14:04:24.026431,KXBTCD-25MAY2018-T107249.99,DELTA,40,364,42,5,1054,no,4,-8100
2025-05-20T14:04:24.026889,KXBTCD-25MAY2018-T107249.99,DELTA,40,364,42,5,1055,no,6,5400
2025-05-20T14:04:24.087356,KXBTCD-25MAY2018-T107249.99,DELTA,40,364,42,5,1056,no,5,-20000
2025-05-20T14:04:24.088060,KXBTCD-25MAY2018-T107249.99,DELTA,40,364,42,5,1057,yes,5,20000
2025-05-20T14:04:24.126157,KXBTCD-25MAY2018-T107249.99,DELTA,40,364,42,5,1058,no,31,-2000
2025-05-20T14:04:24.127141,KXBTCD-25MAY2018-T107249.99,DELTA,40,364,42,5,1059,no,7,20000
2025-05-20T14:04:24.206654,KXBTCD-25MAY2018-T107249.99,DELTA,40,364,42,5,1060,no,55,2000
2025-05-20T14:04:24.465382,KXBTCD-25MAY2018-T107249.99,DELTA,40,364,42,5,1061,no,52,-100
2025-05-20T14:04:24.933051,KXBTCD-25MAY2018-T107249.99,DELTA,40,364,42,5,1062,yes,37,30
2025-05-20T14:04:24.933705,KXBTCD-25MAY2018-T107249.99,DELTA,40,364,42,5,1063,yes,39,-30
2025-05-20T14:04:24.934186,KXBTCD-25MAY2018-T107249.99,DELTA,40,364,42,5,1064,no,50,-30
2025-05-20T14:04:24.934599,KXBTCD-25MAY2018-T107249.99,DELTA,40,364,42,5,1065,no,52,30
2025-05-20T14:04:24.989602,KXBTCD-25MAY2018-T107249.99,DELTA,40,364,42,5,1066,no,55,-2000
2025-05-20T14:04:24.990474,KXBTCD-25MAY2018-T107249.99,DELTA,40,364,42,5,1067,no,1,-8000
2025-05-20T14:04:24.991045,KXBTCD-25MAY2018-T107249.99,DELTA,40,350,42,5,1068,yes,40,-14
2025-05-20T14:04:25.011866,KXBTCD-25MAY2018-T107249.99,DELTA,40,350,42,5,1069,yes,38,14
2025-05-20T14:04:25.012810,KXBTCD-25MAY2018-T107249.99,DELTA,40,350,42,5,1070,no,51,-14
2025-05-20T14:04:25.013558,KXBTCD-25MAY2018-T107249.99,DELTA,40,350,42,5,1071,no,53,14
2025-05-20T14:04:25.058094,KXBTCD-25MAY2018-T107249.99,DELTA,40,350,42,5,1072,no,56,2000
2025-05-20T14:04:25.058784,KXBTCD-25MAY2018-T107249.99,DELTA,40,350,42,5,1073,no,2,8000
2025-05-20T14:04:25.547047,KXBTCD-25MAY2018-T107249.99,DELTA,40,250,42,5,1074,yes,40,-100
2025-05-20T14:04:25.612830,KXBTCD-25MAY2018-T107249.99,DELTA,40,250,42,5,1075,no,2,-8000
2025-05-20T14:04:25.667310,KXBTCD-25MAY2018-T107249.99,DELTA,38,14,42,5,1076,yes,40,-250
2025-05-20T14:04:25.668112,KXBTCD-25MAY2018-T107249.99,DELTA,38,14,42,5,1077,no,3,8000
2025-05-20T14:04:25.747007,KXBTCD-25MAY2018-T107249.99,DELTA,38,14,42,5,1078,no,53,100
2025-05-20T14:04:25.766269,KXBTCD-25MAY2018-T107249.99,DELTA,38,14,42,5,1079,no,55,-150
2025-05-20T14:04:25.830096,KXBTCD-25MAY2018-T107249.99,DELTA,38,14,42,5,1080,no,56,-2000
2025-05-20T14:04:25.846757,KXBTCD-25MAY2018-T107249.99,DELTA,38,14,42,5,1081,no,56,-1000
2025-05-20T14:04:25.847471,KXBTCD-25MAY2018-T107249.99,DELTA,39,100,42,5,1082,yes,39,100
2025-05-20T14:04:25.866681,KXBTCD-25MAY2018-T107249.99,DELTA,39,100,42,5,1083,no,57,100
2025-05-20T14:04:25.947194,KXBTCD-25MAY2018-T107249.99,DELTA,39,100,42,5,1084,no,53,-100
2025-05-20T14:04:25.948141,KXBTCD-25MAY2018-T107249.99,DELTA,39,100,42,5,1085,no,31,2000
2025-05-20T14:04:26.006666,KXBTCD-25MAY2018-T107249.99,DELTA,38,14,42,5,1086,yes,39,-100
2025-05-20T14:04:26.007316,KXBTCD-25MAY2018-T107249.99,DELTA,38,14,42,5,1087,no,57,-100
2025-05-20T14:04:26.047363,KXBTCD-25MAY2018-T107249.99,DELTA,38,264,42,5,1088,yes,38,250
2025-05-20T14:04:26.065076,KXBTCD-25MAY2018-T107249.99,DELTA,38,264,42,5,1089,no,57,250
