timestamp,market_ticker,type,yes_bid_price_cents,yes_bid_qty,yes_ask_price_cents,yes_ask_qty_on_no_side,sequence_num,delta_side,delta_price_cents,delta_quantity
2025-05-22T15:01:31.345954,KXBTCD-25MAY2219-T110999.99,SNAPSHOT,53,1000,59,100,1,,,
2025-05-22T15:01:33.500923,KXBTCD-25MAY2219-T110999.99,DELTA,53,1000,59,100,2,yes,10,-3240
2025-05-22T15:01:33.501090,KXBTCD-25MAY2219-T110999.99,DELTA,53,1000,59,100,3,yes,12,2700
2025-05-22T15:01:33.541585,KXBTCD-25MAY2219-T110999.99,DELTA,53,1000,59,100,4,no,8,-4050
2025-05-22T15:01:33.541760,KXBTCD-25MAY2219-T110999.99,DELTA,53,1000,59,100,5,no,10,3240
2025-05-22T15:01:33.561358,KXBTCD-25MAY2219-T110999.99,DELTA,53,1000,59,100,6,yes,11,-20000
2025-05-22T15:01:33.601918,KXBTCD-25MAY2219-T110999.99,DELTA,53,1000,59,100,7,no,9,-20000
2025-05-22T15:01:33.641539,KXBTCD-25MAY2219-T110999.99,DELTA,53,1000,59,100,8,no,11,20000
2025-05-22T15:01:34.332421,KXBTCD-25MAY2219-T110999.99,DELTA,53,1000,59,100,9,yes,52,-100
2025-05-22T15:01:34.341606,KXBTCD-25MAY2219-T110999.99,DELTA,53,1000,60,14,10,no,41,-100
2025-05-22T15:01:34.382062,KXBTCD-25MAY2219-T110999.99,DELTA,51,14,60,14,11,yes,53,-1000
2025-05-22T15:01:34.421325,KXBTCD-25MAY2219-T110999.99,DELTA,51,1014,60,14,12,yes,51,1000
2025-05-22T15:01:35.501647,KXBTCD-25MAY2219-T110999.99,DELTA,52,100,60,14,13,yes,52,100
2025-05-22T15:01:35.501925,KXBTCD-25MAY2219-T110999.99,DELTA,52,100,60,14,14,no,39,100
2025-05-22T15:01:35.581654,KXBTCD-25MAY2219-T110999.99,DELTA,52,100,60,14,15,yes,51,-1000
2025-05-22T15:01:35.621321,KXBTCD-25MAY2219-T110999.99,DELTA,53,1000,60,14,16,yes,53,1000
2025-05-22T15:01:35.741800,KXBTCD-25MAY2219-T110999.99,DELTA,53,1000,60,14,17,no,39,-100
2025-05-22T15:01:36.043812,KXBTCD-25MAY2219-T110999.99,DELTA,53,1000,60,14,18,yes,12,-2700
2025-05-22T15:01:36.044099,KXBTCD-25MAY2219-T110999.99,DELTA,53,1000,60,14,19,yes,4,8100
2025-05-22T15:01:36.101759,KXBTCD-25MAY2219-T110999.99,DELTA,53,1000,60,14,20,no,10,-3240
2025-05-22T15:01:36.102205,KXBTCD-25MAY2219-T110999.99,DELTA,53,1000,60,14,21,no,12,2700
2025-05-22T15:01:36.102545,KXBTCD-25MAY2219-T110999.99,DELTA,53,1000,60,14,22,yes,5,20000
2025-05-22T15:01:36.241650,KXBTCD-25MAY2219-T110999.99,DELTA,53,1000,60,14,23,no,11,-20000
2025-05-22T15:01:36.282010,KXBTCD-25MAY2219-T110999.99,DELTA,53,1000,60,14,24,no,5,20000
2025-05-22T15:01:36.581912,KXBTCD-25MAY2219-T110999.99,DELTA,53,1000,60,14,25,no,39,100
2025-05-22T15:01:36.742475,KXBTCD-25MAY2219-T110999.99,DELTA,53,1000,60,14,26,no,39,-100
2025-05-22T15:01:37.341516,KXBTCD-25MAY2219-T110999.99,DELTA,53,1000,60,14,27,yes,52,-100
2025-05-22T15:01:37.401448,KXBTCD-25MAY2219-T110999.99,DELTA,51,14,60,14,28,yes,53,-1000
2025-05-22T15:01:37.421979,KXBTCD-25MAY2219-T110999.99,DELTA,51,14,60,14,29,yes,4,-8100
2025-05-22T15:01:37.422159,KXBTCD-25MAY2219-T110999.99,DELTA,51,14,60,14,30,yes,6,5400
2025-05-22T15:01:37.441559,KXBTCD-25MAY2219-T110999.99,DELTA,51,1014,60,14,31,yes,51,1000
2025-05-22T15:01:37.482004,KXBTCD-25MAY2219-T110999.99,DELTA,51,1014,60,14,32,no,12,-2700
2025-05-22T15:01:37.482653,KXBTCD-25MAY2219-T110999.99,DELTA,51,1014,60,14,33,no,6,5400
2025-05-22T15:01:37.483101,KXBTCD-25MAY2219-T110999.99,DELTA,51,1014,60,14,34,yes,5,-20000
2025-05-22T15:01:37.522059,KXBTCD-25MAY2219-T110999.99,DELTA,51,1014,60,14,35,yes,7,20000
2025-05-22T15:01:37.541642,KXBTCD-25MAY2219-T110999.99,DELTA,51,1014,60,14,36,no,39,100
2025-05-22T15:01:37.542508,KXBTCD-25MAY2219-T110999.99,DELTA,51,1014,60,14,37,no,5,-20000
2025-05-22T15:01:37.682480,KXBTCD-25MAY2219-T110999.99,DELTA,51,1014,60,14,38,no,7,20000
2025-05-22T15:01:37.981884,KXBTCD-25MAY2219-T110999.99,DELTA,51,1014,60,14,39,no,39,-100
2025-05-22T15:01:38.142420,KXBTCD-25MAY2219-T110999.99,DELTA,52,100,60,14,40,yes,52,100
2025-05-22T15:01:38.246304,KXBTCD-25MAY2219-T110999.99,DELTA,52,100,60,14,41,yes,51,-1000
2025-05-22T15:01:38.281475,KXBTCD-25MAY2219-T110999.99,DELTA,53,1000,60,14,42,yes,53,1000
2025-05-22T15:01:38.741892,KXBTCD-25MAY2219-T110999.99,DELTA,53,1000,60,14,43,yes,6,-5400
2025-05-22T15:01:38.742080,KXBTCD-25MAY2219-T110999.99,DELTA,53,1000,60,14,44,yes,8,4050
2025-05-22T15:01:38.802031,KXBTCD-25MAY2219-T110999.99,DELTA,53,1000,60,14,45,no,6,-5400
2025-05-22T15:01:38.802258,KXBTCD-25MAY2219-T110999.99,DELTA,53,1000,60,14,46,no,8,4050
2025-05-22T15:01:38.802340,KXBTCD-25MAY2219-T110999.99,DELTA,53,1000,60,14,47,yes,7,-20000
2025-05-22T15:01:38.841335,KXBTCD-25MAY2219-T110999.99,DELTA,53,1000,60,14,48,yes,9,20000
2025-05-22T15:01:38.881052,KXBTCD-25MAY2219-T110999.99,DELTA,53,1000,60,14,49,no,7,-20000
2025-05-22T15:01:38.920524,KXBTCD-25MAY2219-T110999.99,DELTA,53,1000,60,14,50,no,9,20000
2025-05-22T15:01:39.241878,KXBTCD-25MAY2219-T110999.99,DELTA,55,100,60,14,51,yes,55,100
2025-05-22T15:01:39.242813,KXBTCD-25MAY2219-T110999.99,DELTA,55,100,60,114,52,no,40,100
2025-05-22T15:01:39.302551,KXBTCD-25MAY2219-T110999.99,DELTA,55,100,60,114,53,yes,53,-1000
2025-05-22T15:01:39.341503,KXBTCD-25MAY2219-T110999.99,DELTA,56,1000,60,114,54,yes,56,1000
2025-05-22T15:01:39.882179,KXBTCD-25MAY2219-T110999.99,DELTA,56,1000,60,114,55,yes,8,-4050
2025-05-22T15:01:39.882594,KXBTCD-25MAY2219-T110999.99,DELTA,56,1000,60,114,56,yes,10,3240
2025-05-22T15:01:39.941628,KXBTCD-25MAY2219-T110999.99,DELTA,56,1000,60,114,57,yes,9,-20000
2025-05-22T15:01:39.962005,KXBTCD-25MAY2219-T110999.99,DELTA,56,1000,60,114,58,no,8,-4050
2025-05-22T15:01:39.962296,KXBTCD-25MAY2219-T110999.99,DELTA,56,1000,60,114,59,no,10,3240
2025-05-22T15:01:39.981563,KXBTCD-25MAY2219-T110999.99,DELTA,56,1000,60,114,60,yes,11,20000
2025-05-22T15:01:40.022198,KXBTCD-25MAY2219-T110999.99,DELTA,56,1000,60,114,61,no,9,-20000
2025-05-22T15:01:40.043115,KXBTCD-25MAY2219-T110999.99,DELTA,56,1000,60,214,62,no,40,100
2025-05-22T15:01:40.082538,KXBTCD-25MAY2219-T110999.99,DELTA,56,1000,60,214,63,no,11,20000
2025-05-22T15:01:41.122239,KXBTCD-25MAY2219-T110999.99,DELTA,56,1000,60,214,64,yes,10,-3240
2025-05-22T15:01:41.122682,KXBTCD-25MAY2219-T110999.99,DELTA,56,1000,60,214,65,yes,12,2700
2025-05-22T15:01:41.181332,KXBTCD-25MAY2219-T110999.99,DELTA,56,1000,60,214,66,no,10,-3240
2025-05-22T15:01:41.181678,KXBTCD-25MAY2219-T110999.99,DELTA,56,1000,60,214,67,no,12,2700
2025-05-22T15:01:41.241866,KXBTCD-25MAY2219-T110999.99,DELTA,56,1000,60,214,68,yes,11,-20000
2025-05-22T15:01:41.260975,KXBTCD-25MAY2219-T110999.99,DELTA,56,1000,60,214,69,no,11,-20000
2025-05-22T15:01:41.301281,KXBTCD-25MAY2219-T110999.99,DELTA,56,1000,60,214,70,no,5,20000
2025-05-22T15:01:44.382529,KXBTCD-25MAY2219-T110999.99,DELTA,56,1000,60,214,71,yes,52,-100
2025-05-22T15:01:44.441935,KXBTCD-25MAY2219-T110999.99,DELTA,56,1000,60,214,72,yes,55,-100
2025-05-22T15:01:44.522087,KXBTCD-25MAY2219-T110999.99,DELTA,56,1000,60,214,73,yes,53,250
2025-05-22T15:01:44.567948,KXBTCD-25MAY2219-T110999.99,DELTA,53,250,60,214,74,yes,56,-1000
2025-05-22T15:01:44.620366,KXBTCD-25MAY2219-T110999.99,DELTA,51,14,60,214,75,yes,53,-250
2025-05-22T15:01:44.640651,KXBTCD-25MAY2219-T110999.99,DELTA,54,1000,60,214,76,yes,54,1000
2025-05-22T15:01:44.640812,KXBTCD-25MAY2219-T110999.99,DELTA,54,1000,60,114,77,no,40,-100
2025-05-22T15:01:44.640896,KXBTCD-25MAY2219-T110999.99,DELTA,54,1000,60,114,78,yes,31,-2000
2025-05-22T15:01:44.700995,KXBTCD-25MAY2219-T110999.99,DELTA,51,14,60,114,79,yes,54,-1000
2025-05-22T15:01:44.701174,KXBTCD-25MAY2219-T110999.99,DELTA,51,14,60,114,80,yes,31,2000
2025-05-22T15:01:44.787947,KXBTCD-25MAY2219-T110999.99,DELTA,51,164,60,114,81,yes,51,150
2025-05-22T15:01:44.788798,KXBTCD-25MAY2219-T110999.99,DELTA,51,1164,60,114,82,yes,51,1000
2025-05-22T15:01:44.789347,KXBTCD-25MAY2219-T110999.99,DELTA,51,1150,60,114,83,yes,51,-14
2025-05-22T15:01:44.789764,KXBTCD-25MAY2219-T110999.99,DELTA,51,1150,60,114,84,yes,49,14
2025-05-22T15:01:44.790148,KXBTCD-25MAY2219-T110999.99,DELTA,51,1150,60,114,85,yes,48,30
2025-05-22T15:01:44.790484,KXBTCD-25MAY2219-T110999.99,DELTA,51,1150,60,114,86,yes,50,-30
2025-05-22T15:01:44.803317,KXBTCD-25MAY2219-T110999.99,DELTA,51,1150,59,30,87,no,41,30
2025-05-22T15:01:44.804311,KXBTCD-25MAY2219-T110999.99,DELTA,51,1150,56,50,88,no,44,50
2025-05-22T15:01:44.804890,KXBTCD-25MAY2219-T110999.99,DELTA,51,1150,56,50,89,no,39,-30
2025-05-22T15:01:44.806125,KXBTCD-25MAY2219-T110999.99,DELTA,51,1150,56,50,90,no,42,14
2025-05-22T15:01:44.807255,KXBTCD-25MAY2219-T110999.99,DELTA,51,1150,56,50,91,no,40,-14
2025-05-22T15:01:44.807654,KXBTCD-25MAY2219-T110999.99,DELTA,51,1150,56,50,92,no,21,-1000
2025-05-22T15:01:44.901959,KXBTCD-25MAY2219-T110999.99,DELTA,51,1150,56,50,93,no,39,1000
2025-05-22T15:01:44.902723,KXBTCD-25MAY2219-T110999.99,DELTA,51,1150,56,50,94,yes,31,-2000
2025-05-22T15:01:44.922178,KXBTCD-25MAY2219-T110999.99,DELTA,51,150,56,50,95,yes,51,-1000
2025-05-22T15:01:44.961578,KXBTCD-25MAY2219-T110999.99,DELTA,49,14,56,50,96,yes,51,-150
2025-05-22T15:01:44.962254,KXBTCD-25MAY2219-T110999.99,DELTA,49,14,58,14,97,no,44,-50
2025-05-22T15:01:44.982199,KXBTCD-25MAY2219-T110999.99,DELTA,49,14,58,14,98,no,39,-1000
2025-05-22T15:01:45.001984,KXBTCD-25MAY2219-T110999.99,DELTA,52,2000,58,14,99,yes,52,2000
2025-05-22T15:01:45.002242,KXBTCD-25MAY2219-T110999.99,DELTA,52,3000,58,14,100,yes,52,1000
2025-05-22T15:01:45.002407,KXBTCD-25MAY2219-T110999.99,DELTA,52,3000,58,14,101,yes,50,250
2025-05-22T15:01:45.002520,KXBTCD-25MAY2219-T110999.99,DELTA,52,3000,56,200,102,no,44,200
2025-05-22T15:01:45.042989,KXBTCD-25MAY2219-T110999.99,DELTA,52,3000,56,200,103,no,40,-100
2025-05-22T15:01:45.043363,KXBTCD-25MAY2219-T110999.99,DELTA,52,1000,56,200,104,yes,52,-2000
2025-05-22T15:01:45.043491,KXBTCD-25MAY2219-T110999.99,DELTA,52,1000,56,200,105,no,21,1000
2025-05-22T15:01:45.062265,KXBTCD-25MAY2219-T110999.99,DELTA,50,250,56,200,106,yes,52,-1000
2025-05-22T15:01:45.102552,KXBTCD-25MAY2219-T110999.99,DELTA,50,250,56,200,107,yes,12,-2700
2025-05-22T15:01:45.102745,KXBTCD-25MAY2219-T110999.99,DELTA,50,250,56,200,108,yes,4,8100
2025-05-22T15:01:45.161811,KXBTCD-25MAY2219-T110999.99,DELTA,50,250,56,200,109,no,12,-2700
2025-05-22T15:01:45.162067,KXBTCD-25MAY2219-T110999.99,DELTA,50,250,56,200,110,no,6,5400
2025-05-22T15:01:45.282656,KXBTCD-25MAY2219-T110999.99,DELTA,50,250,56,200,111,yes,33,9
2025-05-22T15:01:45.283034,KXBTCD-25MAY2219-T110999.99,DELTA,50,250,56,200,112,no,5,-20000
2025-05-22T15:01:45.342180,KXBTCD-25MAY2219-T110999.99,DELTA,50,350,56,200,113,yes,50,100
2025-05-22T15:01:45.342450,KXBTCD-25MAY2219-T110999.99,DELTA,51,2000,56,200,114,yes,51,2000
2025-05-22T15:01:45.342555,KXBTCD-25MAY2219-T110999.99,DELTA,51,2000,56,200,115,no,7,20000
2025-05-22T15:01:45.364008,KXBTCD-25MAY2219-T110999.99,DELTA,51,2000,56,200,116,yes,5,20000
2025-05-22T15:01:45.364158,KXBTCD-25MAY2219-T110999.99,DELTA,51,2000,56,200,117,yes,50,1250
2025-05-22T15:01:45.364253,KXBTCD-25MAY2219-T110999.99,DELTA,51,3000,56,200,118,yes,51,1000
2025-05-22T15:01:45.972244,KXBTCD-25MAY2219-T110999.99,DELTA,51,3000,56,200,119,no,42,100
2025-05-22T15:01:46.314012,KXBTCD-25MAY2219-T110999.99,DELTA,51,3000,56,200,120,yes,50,-1250
2025-05-22T15:01:46.362216,KXBTCD-25MAY2219-T110999.99,DELTA,51,3000,56,200,121,yes,47,14
2025-05-22T15:01:46.362472,KXBTCD-25MAY2219-T110999.99,DELTA,51,3000,56,200,122,yes,49,-14
2025-05-22T15:01:46.362611,KXBTCD-25MAY2219-T110999.99,DELTA,51,3000,56,200,123,no,21,-1000
2025-05-22T15:01:46.362719,KXBTCD-25MAY2219-T110999.99,DELTA,51,3000,56,214,124,no,44,14
2025-05-22T15:01:46.381316,KXBTCD-25MAY2219-T110999.99,DELTA,51,3000,56,214,125,no,42,-14
2025-05-22T15:01:46.402235,KXBTCD-25MAY2219-T110999.99,DELTA,51,1000,56,214,126,yes,51,-2000
2025-05-22T15:01:46.402545,KXBTCD-25MAY2219-T110999.99,DELTA,51,1000,56,214,127,yes,50,-250
2025-05-22T15:01:46.402712,KXBTCD-25MAY2219-T110999.99,DELTA,51,1000,56,214,128,yes,46,30
2025-05-22T15:01:46.402858,KXBTCD-25MAY2219-T110999.99,DELTA,51,1000,56,214,129,yes,48,-30
2025-05-22T15:01:46.403228,KXBTCD-25MAY2219-T110999.99,DELTA,51,1000,56,214,130,yes,33,-9
2025-05-22T15:01:46.403368,KXBTCD-25MAY2219-T110999.99,DELTA,51,1000,56,214,131,no,41,-30
2025-05-22T15:01:46.501541,KXBTCD-25MAY2219-T110999.99,DELTA,51,1000,56,214,132,no,43,30
2025-05-22T15:01:46.582514,KXBTCD-25MAY2219-T110999.99,DELTA,51,1000,56,214,133,no,41,1000
2025-05-22T15:01:46.583498,KXBTCD-25MAY2219-T110999.99,DELTA,51,1000,56,214,134,yes,50,2000
2025-05-22T15:01:46.701475,KXBTCD-25MAY2219-T110999.99,DELTA,51,1000,56,14,135,no,44,-200
2025-05-22T15:01:46.781945,KXBTCD-25MAY2219-T110999.99,DELTA,51,1000,56,14,136,yes,50,-2000
2025-05-22T15:01:46.806144,KXBTCD-25MAY2219-T110999.99,DELTA,51,1000,56,14,137,no,41,-1000
2025-05-22T15:01:46.900191,KXBTCD-25MAY2219-T110999.99,DELTA,51,1000,56,14,138,yes,49,50
2025-05-22T15:01:47.001264,KXBTCD-25MAY2219-T110999.99,DELTA,51,1000,56,14,139,yes,31,2000
2025-05-22T15:01:47.001827,KXBTCD-25MAY2219-T110999.99,DELTA,51,1000,56,14,140,no,42,-100
2025-05-22T15:01:47.001936,KXBTCD-25MAY2219-T110999.99,DELTA,51,1000,56,14,141,no,42,1000
2025-05-22T15:01:47.002021,KXBTCD-25MAY2219-T110999.99,DELTA,51,1000,54,150,142,no,46,150
2025-05-22T15:01:47.180801,KXBTCD-25MAY2219-T110999.99,DELTA,51,1000,54,150,143,no,42,-1000
2025-05-22T15:01:47.380640,KXBTCD-25MAY2219-T110999.99,DELTA,51,1000,54,150,144,yes,4,-8100
2025-05-22T15:01:47.380929,KXBTCD-25MAY2219-T110999.99,DELTA,51,1000,54,150,145,yes,6,5400
2025-05-22T15:01:47.381316,KXBTCD-25MAY2219-T110999.99,DELTA,51,1000,54,150,146,no,43,1000
2025-05-22T15:01:47.381400,KXBTCD-25MAY2219-T110999.99,DELTA,51,1000,54,150,147,yes,50,-100
2025-05-22T15:01:47.481481,KXBTCD-25MAY2219-T110999.99,DELTA,51,1000,54,150,148,no,6,-5400
2025-05-22T15:01:47.481764,KXBTCD-25MAY2219-T110999.99,DELTA,51,1000,54,150,149,no,16,2025
2025-05-22T15:01:47.482100,KXBTCD-25MAY2219-T110999.99,DELTA,51,1000,54,150,150,yes,5,-20000
2025-05-22T15:01:47.603385,KXBTCD-25MAY2219-T110999.99,DELTA,49,50,54,150,151,yes,51,-1000
2025-05-22T15:01:47.682204,KXBTCD-25MAY2219-T110999.99,DELTA,47,14,54,150,152,yes,49,-50
2025-05-22T15:01:47.683411,KXBTCD-25MAY2219-T110999.99,DELTA,47,14,54,150,153,no,7,-20000
2025-05-22T15:01:47.684242,KXBTCD-25MAY2219-T110999.99,DELTA,47,14,54,150,154,yes,7,20000
2025-05-22T15:01:47.684628,KXBTCD-25MAY2219-T110999.99,DELTA,50,1000,54,150,155,yes,50,1000
2025-05-22T15:01:47.801697,KXBTCD-25MAY2219-T110999.99,DELTA,50,1000,54,150,156,no,5,20000
2025-05-22T15:01:47.882306,KXBTCD-25MAY2219-T110999.99,DELTA,47,14,54,150,157,yes,50,-1000
2025-05-22T15:01:47.882603,KXBTCD-25MAY2219-T110999.99,DELTA,47,14,54,150,158,yes,44,14
2025-05-22T15:01:47.883014,KXBTCD-25MAY2219-T110999.99,DELTA,46,30,54,150,159,yes,47,-14
2025-05-22T15:01:47.883202,KXBTCD-25MAY2219-T110999.99,DELTA,46,30,54,150,160,yes,43,30
2025-05-22T15:01:47.883328,KXBTCD-25MAY2219-T110999.99,DELTA,44,14,54,150,161,yes,46,-30
2025-05-22T15:01:47.981189,KXBTCD-25MAY2219-T110999.99,DELTA,44,14,54,150,162,no,43,-1000
2025-05-22T15:01:47.981746,KXBTCD-25MAY2219-T110999.99,DELTA,44,14,54,150,163,no,20,-200
2025-05-22T15:01:47.981945,KXBTCD-25MAY2219-T110999.99,DELTA,44,14,54,150,164,no,30,200
2025-05-22T15:01:47.982063,KXBTCD-25MAY2219-T110999.99,DELTA,44,14,54,150,165,yes,30,-200
2025-05-22T15:01:47.982351,KXBTCD-25MAY2219-T110999.99,DELTA,44,14,54,150,166,yes,20,200
2025-05-22T15:01:48.002635,KXBTCD-25MAY2219-T110999.99,DELTA,44,14,54,150,167,no,43,-30
2025-05-22T15:01:48.002898,KXBTCD-25MAY2219-T110999.99,DELTA,44,14,54,180,168,no,46,30
2025-05-22T15:01:48.003084,KXBTCD-25MAY2219-T110999.99,DELTA,44,14,54,180,169,no,44,-14
2025-05-22T15:01:48.003214,KXBTCD-25MAY2219-T110999.99,DELTA,44,14,53,14,170,no,47,14
2025-05-22T15:01:48.003427,KXBTCD-25MAY2219-T110999.99,DELTA,47,1000,53,14,171,yes,47,1000
2025-05-22T15:01:48.231048,KXBTCD-25MAY2219-T110999.99,DELTA,47,1000,53,14,172,no,44,1000
2025-05-22T15:01:48.231210,KXBTCD-25MAY2219-T110999.99,DELTA,47,1000,53,14,173,no,46,-150
2025-05-22T15:01:48.231288,KXBTCD-25MAY2219-T110999.99,DELTA,47,1000,53,14,174,yes,31,-2000
2025-05-22T15:01:48.231356,KXBTCD-25MAY2219-T110999.99,DELTA,47,1000,53,14,175,no,16,-3000
2025-05-22T15:01:48.231414,KXBTCD-25MAY2219-T110999.99,DELTA,47,1000,53,14,176,yes,33,9
2025-05-22T15:01:48.231470,KXBTCD-25MAY2219-T110999.99,DELTA,44,14,53,14,177,yes,47,-1000
2025-05-22T15:01:48.281452,KXBTCD-25MAY2219-T110999.99,DELTA,44,14,53,14,178,yes,42,14
2025-05-22T15:01:48.281752,KXBTCD-25MAY2219-T110999.99,DELTA,44,14,53,14,179,yes,1,-8000
2025-05-22T15:01:48.281968,KXBTCD-25MAY2219-T110999.99,DELTA,43,30,53,14,180,yes,44,-14
2025-05-22T15:01:48.282082,KXBTCD-25MAY2219-T110999.99,DELTA,42,14,53,14,181,yes,43,-30
2025-05-22T15:01:48.300956,KXBTCD-25MAY2219-T110999.99,DELTA,42,14,53,14,182,no,46,-30
2025-05-22T15:01:48.501855,KXBTCD-25MAY2219-T110999.99,DELTA,42,14,51,14,183,no,49,14
2025-05-22T15:01:48.502092,KXBTCD-25MAY2219-T110999.99,DELTA,42,14,51,14,184,no,47,-14
2025-05-22T15:01:48.502737,KXBTCD-25MAY2219-T110999.99,DELTA,44,1000,51,14,185,yes,44,1000
2025-05-22T15:01:48.502942,KXBTCD-25MAY2219-T110999.99,DELTA,44,1000,51,14,186,no,47,100
2025-05-22T15:01:48.503081,KXBTCD-25MAY2219-T110999.99,DELTA,44,1000,51,14,187,no,21,-2000
2025-05-22T15:01:48.503176,KXBTCD-25MAY2219-T110999.99,DELTA,44,1000,51,14,188,yes,21,2000
2025-05-22T15:01:48.503248,KXBTCD-25MAY2219-T110999.99,DELTA,44,1000,51,14,189,no,23,3000
2025-05-22T15:01:48.702365,KXBTCD-25MAY2219-T110999.99,DELTA,44,1000,51,14,190,yes,41,30
2025-05-22T15:01:48.702713,KXBTCD-25MAY2219-T110999.99,DELTA,44,1000,51,14,191,no,44,-1000
2025-05-22T15:01:48.783016,KXBTCD-25MAY2219-T110999.99,DELTA,44,1200,51,14,192,yes,44,200
2025-05-22T15:01:48.783230,KXBTCD-25MAY2219-T110999.99,DELTA,44,200,51,14,193,yes,44,-1000
2025-05-22T15:01:48.783696,KXBTCD-25MAY2219-T110999.99,DELTA,44,200,51,14,194,no,48,30
2025-05-22T15:01:48.801487,KXBTCD-25MAY2219-T110999.99,DELTA,44,200,51,14,195,no,31,2000
2025-05-22T15:01:48.801708,KXBTCD-25MAY2219-T110999.99,DELTA,44,200,51,14,196,no,31,1000
2025-05-22T15:01:48.802105,KXBTCD-25MAY2219-T110999.99,DELTA,44,200,50,250,197,no,50,250
2025-05-22T15:01:48.903427,KXBTCD-25MAY2219-T110999.99,DELTA,44,200,50,250,198,yes,32,-3000
2025-05-22T15:01:48.903553,KXBTCD-25MAY2219-T110999.99,DELTA,44,200,50,250,199,yes,42,1000
2025-05-22T15:01:48.903624,KXBTCD-25MAY2219-T110999.99,DELTA,44,200,50,250,200,no,31,-1000
2025-05-22T15:01:49.001222,KXBTCD-25MAY2219-T110999.99,DELTA,44,200,50,250,201,no,31,9
2025-05-22T15:01:49.082529,KXBTCD-25MAY2219-T110999.99,DELTA,44,200,50,250,202,yes,33,-9
2025-05-22T15:01:49.082817,KXBTCD-25MAY2219-T110999.99,DELTA,44,200,50,250,203,no,22,-9
2025-05-22T15:01:49.083222,KXBTCD-25MAY2219-T110999.99,DELTA,44,200,50,250,204,yes,24,3000
2025-05-22T15:01:49.083333,KXBTCD-25MAY2219-T110999.99,DELTA,44,200,50,250,205,no,47,1000
2025-05-22T15:01:49.083423,KXBTCD-25MAY2219-T110999.99,DELTA,44,200,50,250,206,no,47,-100
2025-05-22T15:01:49.301844,KXBTCD-25MAY2219-T110999.99,DELTA,44,200,50,250,207,yes,41,-30
2025-05-22T15:01:49.302564,KXBTCD-25MAY2219-T110999.99,DELTA,44,200,50,250,208,yes,42,-14
2025-05-22T15:01:49.303029,KXBTCD-25MAY2219-T110999.99,DELTA,44,200,50,250,209,yes,6,-5400
2025-05-22T15:01:49.303598,KXBTCD-25MAY2219-T110999.99,DELTA,44,200,50,250,210,yes,8,4050
2025-05-22T15:01:49.303970,KXBTCD-25MAY2219-T110999.99,DELTA,44,200,50,250,211,yes,40,14
2025-05-22T15:01:49.304224,KXBTCD-25MAY2219-T110999.99,DELTA,44,200,50,250,212,yes,21,-2000
2025-05-22T15:01:49.304433,KXBTCD-25MAY2219-T110999.99,DELTA,44,200,50,250,213,yes,39,30
2025-05-22T15:01:49.382852,KXBTCD-25MAY2219-T110999.99,DELTA,44,200,50,250,214,yes,42,-1000
2025-05-22T15:01:49.383526,KXBTCD-25MAY2219-T110999.99,DELTA,44,200,50,250,215,no,48,-30
2025-05-22T15:01:49.402636,KXBTCD-25MAY2219-T110999.99,DELTA,44,200,50,280,216,no,50,30
2025-05-22T15:01:49.403348,KXBTCD-25MAY2219-T110999.99,DELTA,44,200,49,14,217,no,51,14
2025-05-22T15:01:49.404311,KXBTCD-25MAY2219-T110999.99,DELTA,44,200,49,14,218,no,49,-14
2025-05-22T15:01:49.405312,KXBTCD-25MAY2219-T110999.99,DELTA,44,200,49,14,219,no,16,-2025
2025-05-22T15:01:49.405864,KXBTCD-25MAY2219-T110999.99,DELTA,44,200,49,14,220,no,6,5400
2025-05-22T15:01:49.502093,KXBTCD-25MAY2219-T110999.99,DELTA,44,200,49,14,221,no,47,-1000
2025-05-22T15:01:49.502304,KXBTCD-25MAY2219-T110999.99,DELTA,44,200,49,14,222,yes,43,100
2025-05-22T15:01:49.682439,KXBTCD-25MAY2219-T110999.99,DELTA,44,200,49,14,223,no,1,8000
2025-05-22T15:01:49.702609,KXBTCD-25MAY2219-T110999.99,DELTA,45,1000,49,14,224,yes,45,1000
2025-05-22T15:01:49.702787,KXBTCD-25MAY2219-T110999.99,DELTA,45,1000,49,14,225,yes,21,2000
2025-05-22T15:01:49.702865,KXBTCD-25MAY2219-T110999.99,DELTA,45,1000,49,14,226,yes,7,-20000
2025-05-22T15:01:49.702939,KXBTCD-25MAY2219-T110999.99,DELTA,45,1000,49,14,227,no,31,1000
2025-05-22T15:01:49.882070,KXBTCD-25MAY2219-T110999.99,DELTA,45,1000,49,14,228,yes,9,20000
2025-05-22T15:01:49.882346,KXBTCD-25MAY2219-T110999.99,DELTA,45,1000,49,14,229,no,31,-9
2025-05-22T15:01:49.882530,KXBTCD-25MAY2219-T110999.99,DELTA,45,1000,49,14,230,no,32,9
2025-05-22T15:01:49.882631,KXBTCD-25MAY2219-T110999.99,DELTA,45,1000,49,14,231,yes,25,9
2025-05-22T15:01:49.882814,KXBTCD-25MAY2219-T110999.99,DELTA,45,1000,49,14,232,no,5,-20000
2025-05-22T15:01:50.082217,KXBTCD-25MAY2219-T110999.99,DELTA,45,1000,49,14,233,yes,44,-200
2025-05-22T15:01:50.102772,KXBTCD-25MAY2219-T110999.99,DELTA,45,1000,49,14,234,no,7,20000
2025-05-22T15:01:50.103375,KXBTCD-25MAY2219-T110999.99,DELTA,45,1000,49,14,235,yes,39,-30
2025-05-22T15:01:50.103454,KXBTCD-25MAY2219-T110999.99,DELTA,45,1000,49,14,236,yes,38,14
2025-05-22T15:01:50.103514,KXBTCD-25MAY2219-T110999.99,DELTA,45,1000,49,14,237,yes,37,30
2025-05-22T15:01:50.103562,KXBTCD-25MAY2219-T110999.99,DELTA,45,1000,49,14,238,yes,40,-14
2025-05-22T15:01:50.201212,KXBTCD-25MAY2219-T110999.99,DELTA,45,1000,49,14,239,no,50,-250
2025-05-22T15:01:50.302197,KXBTCD-25MAY2219-T110999.99,DELTA,43,100,49,14,240,yes,45,-1000
2025-05-22T15:01:50.304801,KXBTCD-25MAY2219-T110999.99,DELTA,43,100,50,30,241,no,51,-14
2025-05-22T15:01:50.305024,KXBTCD-25MAY2219-T110999.99,DELTA,43,100,68,9,242,no,50,-30
2025-05-22T15:01:50.305295,KXBTCD-25MAY2219-T110999.99,DELTA,43,100,48,30,243,no,52,30
2025-05-22T15:01:50.305582,KXBTCD-25MAY2219-T110999.99,DELTA,43,100,47,14,244,no,53,14
2025-05-22T15:01:50.402254,KXBTCD-25MAY2219-T110999.99,DELTA,43,100,47,14,245,no,31,-1000
2025-05-22T15:01:50.580694,KXBTCD-25MAY2219-T110999.99,DELTA,44,1000,47,14,246,yes,44,1000
2025-05-22T15:01:50.601742,KXBTCD-25MAY2219-T110999.99,DELTA,44,1000,47,14,247,no,31,1000
2025-05-22T15:01:50.601876,KXBTCD-25MAY2219-T110999.99,DELTA,44,1000,48,30,248,no,53,-14
2025-05-22T15:01:50.601937,KXBTCD-25MAY2219-T110999.99,DELTA,44,1000,48,26,249,no,52,-4
2025-05-22T15:01:50.701399,KXBTCD-25MAY2219-T110999.99,DELTA,44,1000,48,26,250,yes,38,-14
2025-05-22T15:01:50.781578,KXBTCD-25MAY2219-T110999.99,DELTA,44,1000,48,26,251,yes,41,14
2025-05-22T15:01:50.781721,KXBTCD-25MAY2219-T110999.99,DELTA,44,1000,48,26,252,yes,25,-9
2025-05-22T15:01:50.902348,KXBTCD-25MAY2219-T110999.99,DELTA,44,1000,48,26,253,no,49,14
2025-05-22T15:01:51.182646,KXBTCD-25MAY2219-T110999.99,DELTA,44,1000,48,26,254,no,51,100
2025-05-22T15:01:51.382481,KXBTCD-25MAY2219-T110999.99,DELTA,44,1000,48,26,255,yes,41,150
2025-05-22T15:01:51.383039,KXBTCD-25MAY2219-T110999.99,DELTA,44,1000,48,26,256,yes,43,-100
2025-05-22T15:01:51.502564,KXBTCD-25MAY2219-T110999.99,DELTA,44,1000,46,50,257,no,54,50
2025-05-22T15:01:51.582475,KXBTCD-25MAY2219-T110999.99,DELTA,44,1000,46,50,258,yes,21,-2000
2025-05-22T15:01:51.582764,KXBTCD-25MAY2219-T110999.99,DELTA,44,1000,46,50,259,yes,8,-4050
2025-05-22T15:01:51.583121,KXBTCD-25MAY2219-T110999.99,DELTA,44,1000,46,50,260,yes,10,3240
2025-05-22T15:01:51.683255,KXBTCD-25MAY2219-T110999.99,DELTA,44,1000,46,50,261,no,6,-5400
2025-05-22T15:01:51.683515,KXBTCD-25MAY2219-T110999.99,DELTA,44,1000,46,50,262,no,8,4050
2025-05-22T15:01:51.683648,KXBTCD-25MAY2219-T110999.99,DELTA,41,164,46,50,263,yes,44,-1000
2025-05-22T15:01:51.783041,KXBTCD-25MAY2219-T110999.99,DELTA,42,1000,46,50,264,yes,42,1000
2025-05-22T15:01:51.783183,KXBTCD-25MAY2219-T110999.99,DELTA,42,1000,46,50,265,yes,41,2000
2025-05-22T15:01:51.783261,KXBTCD-25MAY2219-T110999.99,DELTA,42,1000,46,50,266,yes,9,-20000
2025-05-22T15:01:51.801932,KXBTCD-25MAY2219-T110999.99,DELTA,42,1000,46,50,267,no,7,-20000
2025-05-22T15:01:51.841743,KXBTCD-25MAY2219-T110999.99,DELTA,42,1000,48,26,268,no,54,-50
2025-05-22T15:01:51.861041,KXBTCD-25MAY2219-T110999.99,DELTA,42,1000,48,26,269,yes,11,20000
2025-05-22T15:01:51.861198,KXBTCD-25MAY2219-T110999.99,DELTA,42,1000,47,250,270,no,53,250
2025-05-22T15:01:51.861290,KXBTCD-25MAY2219-T110999.99,DELTA,42,1000,47,250,271,no,9,20000
2025-05-22T15:01:52.321882,KXBTCD-25MAY2219-T110999.99,DELTA,42,1000,47,250,272,no,51,-100
2025-05-22T15:01:52.942973,KXBTCD-25MAY2219-T110999.99,DELTA,42,1000,47,250,273,yes,41,-2000
2025-05-22T15:01:52.981119,KXBTCD-25MAY2219-T110999.99,DELTA,42,3000,47,250,274,yes,42,2000
2025-05-22T15:01:53.022179,KXBTCD-25MAY2219-T110999.99,DELTA,42,3000,47,250,275,yes,10,-3240
2025-05-22T15:01:53.022797,KXBTCD-25MAY2219-T110999.99,DELTA,42,3000,47,250,276,yes,12,2700
2025-05-22T15:01:53.081787,KXBTCD-25MAY2219-T110999.99,DELTA,42,3000,47,250,277,no,8,-4050
2025-05-22T15:01:53.082169,KXBTCD-25MAY2219-T110999.99,DELTA,42,3000,47,250,278,no,10,3240
2025-05-22T15:01:53.082332,KXBTCD-25MAY2219-T110999.99,DELTA,42,3000,47,250,279,yes,11,-20000
2025-05-22T15:01:53.142315,KXBTCD-25MAY2219-T110999.99,DELTA,42,3000,47,250,280,no,9,-20000
2025-05-22T15:01:53.182797,KXBTCD-25MAY2219-T110999.99,DELTA,42,3000,47,250,281,no,11,20000
2025-05-22T15:01:53.842853,KXBTCD-25MAY2219-T110999.99,DELTA,42,3000,47,250,282,yes,41,100
2025-05-22T15:01:53.901569,KXBTCD-25MAY2219-T110999.99,DELTA,42,3000,48,26,283,no,53,-250
2025-05-22T15:01:53.922027,KXBTCD-25MAY2219-T110999.99,DELTA,42,3000,48,276,284,no,52,250
2025-05-22T15:01:53.962647,KXBTCD-25MAY2219-T110999.99,DELTA,42,3000,48,276,285,yes,41,-150
2025-05-22T15:01:53.982846,KXBTCD-25MAY2219-T110999.99,DELTA,42,3000,48,276,286,no,1,-8000
2025-05-22T15:01:53.983485,KXBTCD-25MAY2219-T110999.99,DELTA,42,4250,48,276,287,yes,42,1250
2025-05-22T15:01:54.021725,KXBTCD-25MAY2219-T110999.99,DELTA,42,2250,48,276,288,yes,42,-2000
2025-05-22T15:01:54.022011,KXBTCD-25MAY2219-T110999.99,DELTA,43,100,48,276,289,yes,43,100
2025-05-22T15:01:54.044699,KXBTCD-25MAY2219-T110999.99,DELTA,43,100,48,276,290,yes,42,-1250
2025-05-22T15:01:54.082266,KXBTCD-25MAY2219-T110999.99,DELTA,43,100,48,276,291,yes,21,2000
2025-05-22T15:01:54.145153,KXBTCD-25MAY2219-T110999.99,DELTA,43,100,48,276,292,yes,42,-1000
2025-05-22T15:01:54.145821,KXBTCD-25MAY2219-T110999.99,DELTA,43,100,48,276,293,no,1,8000
2025-05-22T15:01:54.182029,KXBTCD-25MAY2219-T110999.99,DELTA,44,1000,48,276,294,yes,44,1000
2025-05-22T15:01:54.341945,KXBTCD-25MAY2219-T110999.99,DELTA,44,1000,48,276,295,yes,12,-2700
2025-05-22T15:01:54.343045,KXBTCD-25MAY2219-T110999.99,DELTA,44,1000,48,276,296,yes,4,8100
2025-05-22T15:01:54.401905,KXBTCD-25MAY2219-T110999.99,DELTA,44,1000,48,276,297,no,10,-3240
2025-05-22T15:01:54.402777,KXBTCD-25MAY2219-T110999.99,DELTA,44,1000,48,276,298,no,12,2700
2025-05-22T15:01:54.403448,KXBTCD-25MAY2219-T110999.99,DELTA,44,1000,48,276,299,yes,5,20000
2025-05-22T15:01:54.461010,KXBTCD-25MAY2219-T110999.99,DELTA,44,1000,48,276,300,no,11,-20000
2025-05-22T15:01:54.501560,KXBTCD-25MAY2219-T110999.99,DELTA,44,1000,48,276,301,no,5,20000
2025-05-22T15:01:55.017228,KXBTCD-25MAY2219-T110999.99,DELTA,44,1000,48,276,302,no,51,100
2025-05-22T15:01:55.461637,KXBTCD-25MAY2219-T110999.99,DELTA,44,1000,48,276,303,yes,41,-100
2025-05-22T15:01:57.161357,KXBTCD-25MAY2219-T110999.99,DELTA,44,1000,48,276,304,yes,41,100
2025-05-22T15:01:58.381027,KXBTCD-25MAY2219-T110999.99,DELTA,44,1000,48,276,305,yes,4,-8100
2025-05-22T15:01:58.381302,KXBTCD-25MAY2219-T110999.99,DELTA,44,1000,48,276,306,yes,6,5400
2025-05-22T15:01:58.422211,KXBTCD-25MAY2219-T110999.99,DELTA,44,1000,48,276,307,no,12,-2700
2025-05-22T15:01:58.422442,KXBTCD-25MAY2219-T110999.99,DELTA,44,1000,48,276,308,no,6,5400
2025-05-22T15:01:58.482885,KXBTCD-25MAY2219-T110999.99,DELTA,44,1000,48,276,309,yes,5,-20000
2025-05-22T15:01:58.502360,KXBTCD-25MAY2219-T110999.99,DELTA,44,1000,48,276,310,no,5,-20000
2025-05-22T15:01:58.521262,KXBTCD-25MAY2219-T110999.99,DELTA,44,1000,48,276,311,yes,7,20000
2025-05-22T15:01:58.541878,KXBTCD-25MAY2219-T110999.99,DELTA,44,1000,48,276,312,no,7,20000
2025-05-22T15:02:00.501367,KXBTCD-25MAY2219-T110999.99,DELTA,44,1000,48,276,313,yes,39,30
2025-05-22T15:02:00.501754,KXBTCD-25MAY2219-T110999.99,DELTA,44,1000,48,276,314,yes,37,-30
2025-05-22T15:02:00.523446,KXBTCD-25MAY2219-T110999.99,DELTA,44,1000,48,276,315,no,50,30
2025-05-22T15:02:00.523743,KXBTCD-25MAY2219-T110999.99,DELTA,44,1000,48,250,316,no,52,-26
2025-05-22T15:02:00.623383,KXBTCD-25MAY2219-T110999.99,DELTA,44,1000,48,250,317,yes,6,-5400
2025-05-22T15:02:00.624126,KXBTCD-25MAY2219-T110999.99,DELTA,44,1000,48,250,318,yes,8,4050
2025-05-22T15:02:00.663130,KXBTCD-25MAY2219-T110999.99,DELTA,44,1000,48,250,319,no,6,-5400
2025-05-22T15:02:00.663899,KXBTCD-25MAY2219-T110999.99,DELTA,44,1000,48,250,320,no,8,4050
2025-05-22T15:02:00.682579,KXBTCD-25MAY2219-T110999.99,DELTA,44,1000,48,250,321,yes,7,-20000
2025-05-22T15:02:00.702618,KXBTCD-25MAY2219-T110999.99,DELTA,44,1000,48,250,322,yes,43,14
2025-05-22T15:02:00.703361,KXBTCD-25MAY2219-T110999.99,DELTA,44,1000,48,250,323,yes,41,-14
2025-05-22T15:02:00.722588,KXBTCD-25MAY2219-T110999.99,DELTA,44,1000,48,250,324,no,49,-14
2025-05-22T15:02:00.723318,KXBTCD-25MAY2219-T110999.99,DELTA,44,1000,48,250,325,no,47,14
2025-05-22T15:02:00.723938,KXBTCD-25MAY2219-T110999.99,DELTA,44,1000,48,250,326,no,7,-20000
2025-05-22T15:02:00.742382,KXBTCD-25MAY2219-T110999.99,DELTA,44,1000,48,250,327,yes,9,20000
2025-05-22T15:02:00.761819,KXBTCD-25MAY2219-T110999.99,DELTA,44,1000,48,250,328,no,9,20000
2025-05-22T15:02:01.266646,KXBTCD-25MAY2219-T110999.99,DELTA,44,1000,48,250,329,yes,43,-100
2025-05-22T15:02:01.267185,KXBTCD-25MAY2219-T110999.99,DELTA,44,1000,49,100,330,no,52,-250
2025-05-22T15:02:01.281715,KXBTCD-25MAY2219-T110999.99,DELTA,43,14,49,100,331,yes,44,-1000
2025-05-22T15:02:01.282030,KXBTCD-25MAY2219-T110999.99,DELTA,44,150,49,100,332,yes,44,150
2025-05-22T15:02:01.301395,KXBTCD-25MAY2219-T110999.99,DELTA,44,150,49,100,333,yes,41,-100
2025-05-22T15:02:01.301665,KXBTCD-25MAY2219-T110999.99,DELTA,44,150,49,150,334,no,51,50
2025-05-22T15:02:01.321828,KXBTCD-25MAY2219-T110999.99,DELTA,44,150,49,150,335,yes,42,1000
2025-05-22T15:02:01.361452,KXBTCD-25MAY2219-T110999.99,DELTA,44,150,49,150,336,yes,42,-1000
2025-05-22T15:02:01.387998,KXBTCD-25MAY2219-T110999.99,DELTA,44,150,49,150,337,yes,25,9
2025-05-22T15:02:01.401304,KXBTCD-25MAY2219-T110999.99,DELTA,45,1000,49,150,338,yes,45,1000
2025-05-22T15:02:01.661805,KXBTCD-25MAY2219-T110999.99,DELTA,45,1000,49,150,339,yes,21,-2000
2025-05-22T15:02:01.662362,KXBTCD-25MAY2219-T110999.99,DELTA,45,1000,49,150,340,no,1,-8000
2025-05-22T15:02:01.681878,KXBTCD-25MAY2219-T110999.99,DELTA,45,1000,49,150,341,yes,40,30
2025-05-22T15:02:01.682110,KXBTCD-25MAY2219-T110999.99,DELTA,45,1000,49,150,342,yes,39,-30
2025-05-22T15:02:01.701481,KXBTCD-25MAY2219-T110999.99,DELTA,45,1000,49,150,343,no,49,30
2025-05-22T15:02:01.701696,KXBTCD-25MAY2219-T110999.99,DELTA,45,1000,49,150,344,no,50,-30
2025-05-22T15:02:01.741735,KXBTCD-25MAY2219-T110999.99,DELTA,45,1000,49,150,345,yes,44,2000
2025-05-22T15:02:01.761622,KXBTCD-25MAY2219-T110999.99,DELTA,45,1000,49,100,346,no,51,-50
2025-05-22T15:02:01.821272,KXBTCD-25MAY2219-T110999.99,DELTA,45,1000,49,100,347,no,50,200
2025-05-22T15:02:01.921244,KXBTCD-25MAY2219-T110999.99,DELTA,45,1000,49,100,348,yes,8,-4050
2025-05-22T15:02:01.921565,KXBTCD-25MAY2219-T110999.99,DELTA,45,1000,49,100,349,yes,10,3240
2025-05-22T15:02:01.982325,KXBTCD-25MAY2219-T110999.99,DELTA,45,1000,49,100,350,no,8,-4050
2025-05-22T15:02:01.982542,KXBTCD-25MAY2219-T110999.99,DELTA,45,1000,49,100,351,no,10,3240
2025-05-22T15:02:01.982625,KXBTCD-25MAY2219-T110999.99,DELTA,45,1000,49,100,352,yes,9,-20000
2025-05-22T15:02:02.021580,KXBTCD-25MAY2219-T110999.99,DELTA,45,1000,49,100,353,yes,11,20000
2025-05-22T15:02:02.042187,KXBTCD-25MAY2219-T110999.99,DELTA,45,1000,49,100,354,no,9,-20000
2025-05-22T15:02:02.082006,KXBTCD-25MAY2219-T110999.99,DELTA,45,1000,49,100,355,no,11,20000
2025-05-22T15:02:02.140907,KXBTCD-25MAY2219-T110999.99,DELTA,45,1000,49,100,356,yes,25,-9
2025-05-22T15:02:02.281718,KXBTCD-25MAY2219-T110999.99,DELTA,45,1000,50,200,357,no,51,-100
2025-05-22T15:02:02.462231,KXBTCD-25MAY2219-T110999.99,DELTA,45,1014,50,200,358,yes,45,14
2025-05-22T15:02:02.462702,KXBTCD-25MAY2219-T110999.99,DELTA,45,1014,50,200,359,yes,43,-14
2025-05-22T15:02:02.462852,KXBTCD-25MAY2219-T110999.99,DELTA,45,1014,50,200,360,no,47,-14
2025-05-22T15:02:02.462979,KXBTCD-25MAY2219-T110999.99,DELTA,45,1014,50,200,361,no,45,14
2025-05-22T15:02:02.641300,KXBTCD-25MAY2219-T110999.99,DELTA,45,1014,50,200,362,yes,44,-2000
2025-05-22T15:02:02.722131,KXBTCD-25MAY2219-T110999.99,DELTA,45,3014,50,200,363,yes,45,2000
2025-05-22T15:02:03.143613,KXBTCD-25MAY2219-T110999.99,DELTA,45,3014,50,200,364,yes,43,100
2025-05-22T15:02:03.262696,KXBTCD-25MAY2219-T110999.99,DELTA,45,3014,50,200,365,yes,10,-3240
2025-05-22T15:02:03.263628,KXBTCD-25MAY2219-T110999.99,DELTA,45,3014,50,200,366,yes,12,2700
2025-05-22T15:02:03.304218,KXBTCD-25MAY2219-T110999.99,DELTA,45,3014,50,200,367,no,10,-3240
2025-05-22T15:02:03.305091,KXBTCD-25MAY2219-T110999.99,DELTA,45,3014,50,200,368,no,12,2700
2025-05-22T15:02:03.323768,KXBTCD-25MAY2219-T110999.99,DELTA,45,3014,50,200,369,yes,11,-20000
2025-05-22T15:02:03.362766,KXBTCD-25MAY2219-T110999.99,DELTA,45,3014,50,200,370,no,11,-20000
2025-05-22T15:02:03.402008,KXBTCD-25MAY2219-T110999.99,DELTA,45,3014,50,200,371,no,5,20000
2025-05-22T15:02:03.822779,KXBTCD-25MAY2219-T110999.99,DELTA,45,3014,50,200,372,no,48,100
2025-05-22T15:02:04.622745,KXBTCD-25MAY2219-T110999.99,DELTA,45,3014,50,200,373,yes,12,-2700
2025-05-22T15:02:04.623019,KXBTCD-25MAY2219-T110999.99,DELTA,45,3014,50,200,374,yes,4,8100
2025-05-22T15:02:04.683697,KXBTCD-25MAY2219-T110999.99,DELTA,45,3014,50,200,375,no,12,-2700
2025-05-22T15:02:04.684079,KXBTCD-25MAY2219-T110999.99,DELTA,45,3014,50,200,376,no,6,5400
2025-05-22T15:02:04.684164,KXBTCD-25MAY2219-T110999.99,DELTA,45,3014,50,200,377,yes,5,20000
2025-05-22T15:02:04.741287,KXBTCD-25MAY2219-T110999.99,DELTA,45,3014,50,200,378,no,5,-20000
2025-05-22T15:02:04.781903,KXBTCD-25MAY2219-T110999.99,DELTA,45,3014,50,200,379,no,7,20000
2025-05-22T15:02:05.421606,KXBTCD-25MAY2219-T110999.99,DELTA,45,3014,50,200,380,yes,43,-100
2025-05-22T15:02:05.980958,KXBTCD-25MAY2219-T110999.99,DELTA,45,3014,50,200,381,yes,4,-8100
2025-05-22T15:02:05.981176,KXBTCD-25MAY2219-T110999.99,DELTA,45,3014,50,200,382,yes,6,5400
2025-05-22T15:02:06.042638,KXBTCD-25MAY2219-T110999.99,DELTA,45,3014,50,200,383,no,6,-5400
2025-05-22T15:02:06.042921,KXBTCD-25MAY2219-T110999.99,DELTA,45,3014,50,200,384,no,8,4050
2025-05-22T15:02:06.043043,KXBTCD-25MAY2219-T110999.99,DELTA,45,3014,50,200,385,yes,5,-20000
2025-05-22T15:02:06.101668,KXBTCD-25MAY2219-T110999.99,DELTA,45,3014,50,200,386,yes,7,20000
2025-05-22T15:02:06.102517,KXBTCD-25MAY2219-T110999.99,DELTA,45,3014,50,200,387,no,7,-20000
2025-05-22T15:02:06.142293,KXBTCD-25MAY2219-T110999.99,DELTA,45,3014,50,200,388,no,9,20000
2025-05-22T15:02:07.422591,KXBTCD-25MAY2219-T110999.99,DELTA,45,3014,50,200,389,yes,43,100
2025-05-22T15:02:08.441286,KXBTCD-25MAY2219-T110999.99,DELTA,45,3014,50,200,390,no,48,-100
2025-05-22T15:02:09.923535,KXBTCD-25MAY2219-T110999.99,DELTA,45,3014,50,200,391,yes,6,-5400
2025-05-22T15:02:09.924531,KXBTCD-25MAY2219-T110999.99,DELTA,45,3014,50,200,392,yes,8,4050
2025-05-22T15:02:09.983460,KXBTCD-25MAY2219-T110999.99,DELTA,45,3014,50,200,393,no,8,-4050
2025-05-22T15:02:09.984670,KXBTCD-25MAY2219-T110999.99,DELTA,45,3014,50,200,394,no,10,3240
2025-05-22T15:02:09.985208,KXBTCD-25MAY2219-T110999.99,DELTA,45,3014,50,200,395,no,48,100
2025-05-22T15:02:10.001588,KXBTCD-25MAY2219-T110999.99,DELTA,45,3014,50,200,396,yes,7,-20000
2025-05-22T15:02:10.042248,KXBTCD-25MAY2219-T110999.99,DELTA,45,3014,50,200,397,yes,9,20000
2025-05-22T15:02:10.043142,KXBTCD-25MAY2219-T110999.99,DELTA,45,3014,50,200,398,no,9,-20000
2025-05-22T15:02:10.082060,KXBTCD-25MAY2219-T110999.99,DELTA,45,3014,50,200,399,no,11,20000
2025-05-22T15:02:10.481787,KXBTCD-25MAY2219-T110999.99,DELTA,45,3014,50,75,400,no,50,-125
2025-05-22T15:02:10.521826,KXBTCD-25MAY2219-T110999.99,DELTA,45,3014,50,75,401,no,48,-100
2025-05-22T15:02:11.722717,KXBTCD-25MAY2219-T110999.99,DELTA,45,3014,50,75,402,yes,44,-150
2025-05-22T15:02:11.723002,KXBTCD-25MAY2219-T110999.99,DELTA,45,3014,51,30,403,no,50,-75
2025-05-22T15:02:11.761947,KXBTCD-25MAY2219-T110999.99,DELTA,45,1014,51,30,404,yes,45,-2000
2025-05-22T15:02:11.782856,KXBTCD-25MAY2219-T110999.99,DELTA,46,100,51,30,405,yes,46,100
2025-05-22T15:02:11.783107,KXBTCD-25MAY2219-T110999.99,DELTA,46,100,51,130,406,no,49,100
2025-05-22T15:02:11.783252,KXBTCD-25MAY2219-T110999.99,DELTA,46,100,51,130,407,no,32,-9
2025-05-22T15:02:11.802055,KXBTCD-25MAY2219-T110999.99,DELTA,46,100,51,130,408,no,46,9
2025-05-22T15:02:11.862667,KXBTCD-25MAY2219-T110999.99,DELTA,46,100,51,130,409,yes,45,-1000
2025-05-22T15:02:11.901741,KXBTCD-25MAY2219-T110999.99,DELTA,47,1000,51,130,410,yes,47,1000
2025-05-22T15:02:11.902137,KXBTCD-25MAY2219-T110999.99,DELTA,47,1000,51,130,411,yes,21,2000
2025-05-22T15:02:12.021547,KXBTCD-25MAY2219-T110999.99,DELTA,47,1000,51,130,412,no,48,100
2025-05-22T15:02:12.102511,KXBTCD-25MAY2219-T110999.99,DELTA,47,1000,51,130,413,yes,43,-100
2025-05-22T15:02:12.141789,KXBTCD-25MAY2219-T110999.99,DELTA,47,1000,51,30,414,no,49,-100
2025-05-22T15:02:12.181948,KXBTCD-25MAY2219-T110999.99,DELTA,47,1000,51,30,415,no,48,200
2025-05-22T15:02:12.241654,KXBTCD-25MAY2219-T110999.99,DELTA,47,1000,51,30,416,yes,8,-4050
2025-05-22T15:02:12.241826,KXBTCD-25MAY2219-T110999.99,DELTA,47,1000,51,30,417,yes,10,3240
2025-05-22T15:02:12.241935,KXBTCD-25MAY2219-T110999.99,DELTA,47,1000,51,30,418,yes,1,8000
2025-05-22T15:02:12.282003,KXBTCD-25MAY2219-T110999.99,DELTA,47,1000,51,30,419,no,10,-3240
2025-05-22T15:02:12.282202,KXBTCD-25MAY2219-T110999.99,DELTA,47,1000,51,30,420,no,12,2700
2025-05-22T15:02:12.300861,KXBTCD-25MAY2219-T110999.99,DELTA,47,1000,51,30,421,yes,9,-20000
2025-05-22T15:02:12.343260,KXBTCD-25MAY2219-T110999.99,DELTA,47,1000,51,30,422,yes,40,-30
2025-05-22T15:02:12.343868,KXBTCD-25MAY2219-T110999.99,DELTA,47,1000,51,30,423,yes,43,30
2025-05-22T15:02:12.344236,KXBTCD-25MAY2219-T110999.99,DELTA,47,1000,51,30,424,no,11,-20000
2025-05-22T15:02:12.344566,KXBTCD-25MAY2219-T110999.99,DELTA,47,1000,51,30,425,yes,46,14
2025-05-22T15:02:12.344874,KXBTCD-25MAY2219-T110999.99,DELTA,47,1000,52,300,426,no,49,-30
2025-05-22T15:02:12.345072,KXBTCD-25MAY2219-T110999.99,DELTA,47,1000,52,300,427,yes,45,-14
2025-05-22T15:02:12.345239,KXBTCD-25MAY2219-T110999.99,DELTA,47,1000,52,300,428,no,46,30
2025-05-22T15:02:12.362406,KXBTCD-25MAY2219-T110999.99,DELTA,47,1000,52,300,429,yes,11,20000
2025-05-22T15:02:12.363173,KXBTCD-25MAY2219-T110999.99,DELTA,47,1000,52,300,430,no,45,-14
2025-05-22T15:02:12.363566,KXBTCD-25MAY2219-T110999.99,DELTA,47,1000,52,300,431,no,44,14
2025-05-22T15:02:12.382560,KXBTCD-25MAY2219-T110999.99,DELTA,47,1000,52,300,432,no,5,20000
2025-05-22T15:02:12.484390,KXBTCD-25MAY2219-T110999.99,DELTA,47,1000,52,300,433,yes,20,-200
2025-05-22T15:02:12.484527,KXBTCD-25MAY2219-T110999.99,DELTA,47,1000,52,300,434,yes,30,200
2025-05-22T15:02:12.501762,KXBTCD-25MAY2219-T110999.99,DELTA,47,1000,52,300,435,no,30,-200
2025-05-22T15:02:12.501849,KXBTCD-25MAY2219-T110999.99,DELTA,47,1000,52,300,436,no,20,200
2025-05-22T15:02:12.542237,KXBTCD-25MAY2219-T110999.99,DELTA,47,1000,52,300,437,yes,21,-2000
2025-05-22T15:02:12.562666,KXBTCD-25MAY2219-T110999.99,DELTA,47,1000,52,300,438,no,31,-2000
2025-05-22T15:02:12.562772,KXBTCD-25MAY2219-T110999.99,DELTA,47,1000,52,300,439,yes,46,-100
2025-05-22T15:02:12.582084,KXBTCD-25MAY2219-T110999.99,DELTA,47,1000,52,100,440,no,48,-200
2025-05-22T15:02:12.582326,KXBTCD-25MAY2219-T110999.99,DELTA,47,1000,52,100,441,no,31,-1000
2025-05-22T15:02:12.602728,KXBTCD-25MAY2219-T110999.99,DELTA,47,1000,52,100,442,no,46,-9
2025-05-22T15:02:12.603011,KXBTCD-25MAY2219-T110999.99,DELTA,47,1000,52,100,443,yes,31,2000
2025-05-22T15:02:12.603215,KXBTCD-25MAY2219-T110999.99,DELTA,47,1000,52,100,444,no,32,9
2025-05-22T15:02:12.640989,KXBTCD-25MAY2219-T110999.99,DELTA,46,14,52,100,445,yes,47,-1000
2025-05-22T15:02:12.641145,KXBTCD-25MAY2219-T110999.99,DELTA,46,14,52,100,446,no,21,1000
2025-05-22T15:02:12.641334,KXBTCD-25MAY2219-T110999.99,DELTA,46,14,52,100,447,no,21,2000
2025-05-22T15:02:12.641437,KXBTCD-25MAY2219-T110999.99,DELTA,48,100,52,100,448,yes,48,100
2025-05-22T15:02:12.661682,KXBTCD-25MAY2219-T110999.99,DELTA,48,100,52,100,449,no,47,100
2025-05-22T15:02:12.681594,KXBTCD-25MAY2219-T110999.99,DELTA,48,100,52,100,450,yes,44,1000
2025-05-22T15:02:12.741838,KXBTCD-25MAY2219-T110999.99,DELTA,48,100,52,100,451,yes,44,-1000
2025-05-22T15:02:12.761385,KXBTCD-25MAY2219-T110999.99,DELTA,46,14,52,100,452,yes,48,-100
2025-05-22T15:02:12.761544,KXBTCD-25MAY2219-T110999.99,DELTA,46,14,52,100,453,no,47,-100
2025-05-22T15:02:12.800965,KXBTCD-25MAY2219-T110999.99,DELTA,48,250,52,100,454,yes,48,250
2025-05-22T15:02:12.801168,KXBTCD-25MAY2219-T110999.99,DELTA,49,1000,52,100,455,yes,49,1000
2025-05-22T15:02:12.821167,KXBTCD-25MAY2219-T110999.99,DELTA,49,1000,52,100,456,no,46,200
2025-05-22T15:02:12.860724,KXBTCD-25MAY2219-T110999.99,DELTA,48,250,52,100,457,yes,49,-1000
2025-05-22T15:02:12.901305,KXBTCD-25MAY2219-T110999.99,DELTA,49,1000,52,100,458,yes,49,1000
2025-05-22T15:02:13.060992,KXBTCD-25MAY2219-T110999.99,DELTA,49,1000,52,100,459,yes,48,-250
2025-05-22T15:02:13.101982,KXBTCD-25MAY2219-T110999.99,DELTA,49,1000,52,100,460,yes,47,200
2025-05-22T15:02:13.121608,KXBTCD-25MAY2219-T110999.99,DELTA,49,1000,52,100,461,no,46,-200
2025-05-22T15:02:13.142763,KXBTCD-25MAY2219-T110999.99,DELTA,47,200,52,100,462,yes,49,-1000
2025-05-22T15:02:13.161348,KXBTCD-25MAY2219-T110999.99,DELTA,47,200,52,150,463,no,48,50
2025-05-22T15:02:13.181845,KXBTCD-25MAY2219-T110999.99,DELTA,47,200,52,150,464,yes,31,-2000
2025-05-22T15:02:13.201284,KXBTCD-25MAY2219-T110999.99,DELTA,48,1000,52,150,465,yes,48,1000
2025-05-22T15:02:13.221217,KXBTCD-25MAY2219-T110999.99,DELTA,48,1000,52,150,466,yes,47,2000
2025-05-22T15:02:13.342580,KXBTCD-25MAY2219-T110999.99,DELTA,48,1000,52,50,467,no,48,-100
2025-05-22T15:02:13.441298,KXBTCD-25MAY2219-T110999.99,DELTA,48,1000,52,50,468,no,32,-9
2025-05-22T15:02:13.463413,KXBTCD-25MAY2219-T110999.99,DELTA,48,1000,52,50,469,no,24,9
2025-05-22T15:02:13.481113,KXBTCD-25MAY2219-T110999.99,DELTA,48,1000,52,50,470,yes,47,-2000
2025-05-22T15:02:13.521892,KXBTCD-25MAY2219-T110999.99,DELTA,48,1000,52,50,471,yes,30,-200
2025-05-22T15:02:13.522446,KXBTCD-25MAY2219-T110999.99,DELTA,48,1000,52,50,472,yes,20,200
2025-05-22T15:02:13.541309,KXBTCD-25MAY2219-T110999.99,DELTA,48,1000,52,50,473,yes,47,-200
2025-05-22T15:02:13.541501,KXBTCD-25MAY2219-T110999.99,DELTA,48,1000,52,50,474,yes,1,-8000
2025-05-22T15:02:13.541755,KXBTCD-25MAY2219-T110999.99,DELTA,48,1000,52,50,475,no,21,-1000
2025-05-22T15:02:13.541851,KXBTCD-25MAY2219-T110999.99,DELTA,48,1000,54,30,476,no,48,-50
2025-05-22T15:02:13.541957,KXBTCD-25MAY2219-T110999.99,DELTA,48,1000,54,30,477,no,20,-200
2025-05-22T15:02:13.542055,KXBTCD-25MAY2219-T110999.99,DELTA,48,1000,54,30,478,no,30,200
2025-05-22T15:02:13.581516,KXBTCD-25MAY2219-T110999.99,DELTA,48,1000,54,30,479,yes,31,2000
2025-05-22T15:02:13.581782,KXBTCD-25MAY2219-T110999.99,DELTA,48,1000,54,30,480,yes,10,-3240
2025-05-22T15:02:13.581875,KXBTCD-25MAY2219-T110999.99,DELTA,48,1000,54,30,481,yes,12,2700
2025-05-22T15:02:13.621679,KXBTCD-25MAY2219-T110999.99,DELTA,48,1000,53,1000,482,no,47,1000
2025-05-22T15:02:13.640842,KXBTCD-25MAY2219-T110999.99,DELTA,48,1000,53,1000,483,no,12,-2700
2025-05-22T15:02:13.641047,KXBTCD-25MAY2219-T110999.99,DELTA,48,1000,53,1000,484,no,6,5400
2025-05-22T15:02:13.641220,KXBTCD-25MAY2219-T110999.99,DELTA,46,14,53,1000,485,yes,48,-1000
2025-05-22T15:02:13.641351,KXBTCD-25MAY2219-T110999.99,DELTA,47,100,53,1000,486,yes,47,100
2025-05-22T15:02:13.660701,KXBTCD-25MAY2219-T110999.99,DELTA,47,100,53,1000,487,yes,45,150
2025-05-22T15:02:13.661134,KXBTCD-25MAY2219-T110999.99,DELTA,47,100,50,50,488,no,50,50
2025-05-22T15:02:13.661217,KXBTCD-25MAY2219-T110999.99,DELTA,47,100,50,50,489,yes,31,-2000
2025-05-22T15:02:13.681309,KXBTCD-25MAY2219-T110999.99,DELTA,47,100,50,50,490,no,21,-2000
2025-05-22T15:02:13.721650,KXBTCD-25MAY2219-T110999.99,DELTA,47,100,50,50,491,yes,44,1000
2025-05-22T15:02:13.722090,KXBTCD-25MAY2219-T110999.99,DELTA,47,100,50,50,492,yes,21,2000
2025-05-22T15:02:13.761717,KXBTCD-25MAY2219-T110999.99,DELTA,47,100,50,50,493,no,5,-20000
2025-05-22T15:02:13.781806,KXBTCD-25MAY2219-T110999.99,DELTA,47,100,50,50,494,yes,11,-20000
2025-05-22T15:02:13.782506,KXBTCD-25MAY2219-T110999.99,DELTA,47,100,50,50,495,no,31,2000
2025-05-22T15:02:13.821735,KXBTCD-25MAY2219-T110999.99,DELTA,47,100,50,50,496,no,7,20000
2025-05-22T15:02:13.921230,KXBTCD-25MAY2219-T110999.99,DELTA,47,100,50,50,497,yes,21,-2000
2025-05-22T15:02:13.921369,KXBTCD-25MAY2219-T110999.99,DELTA,47,100,50,50,498,yes,44,-1000
2025-05-22T15:02:13.942850,KXBTCD-25MAY2219-T110999.99,DELTA,47,100,53,1000,499,no,50,-50
2025-05-22T15:02:13.980450,KXBTCD-25MAY2219-T110999.99,DELTA,47,1100,53,1000,500,yes,47,1000
2025-05-22T15:02:13.980562,KXBTCD-25MAY2219-T110999.99,DELTA,47,1100,50,150,501,no,50,150
2025-05-22T15:02:13.980639,KXBTCD-25MAY2219-T110999.99,DELTA,47,1100,50,150,502,yes,45,2000
2025-05-22T15:02:14.051067,KXBTCD-25MAY2219-T110999.99,DELTA,47,1100,50,150,503,yes,45,-150
2025-05-22T15:02:14.051230,KXBTCD-25MAY2219-T110999.99,DELTA,47,1100,50,150,504,yes,45,-2000
2025-05-22T15:02:14.051326,KXBTCD-25MAY2219-T110999.99,DELTA,47,1100,50,150,505,yes,45,14
2025-05-22T15:02:14.061048,KXBTCD-25MAY2219-T110999.99,DELTA,47,1100,50,150,506,yes,46,-14
2025-05-22T15:02:14.061157,KXBTCD-25MAY2219-T110999.99,DELTA,47,1100,50,150,507,no,46,14
2025-05-22T15:02:14.081209,KXBTCD-25MAY2219-T110999.99,DELTA,47,1100,50,150,508,no,44,-14
2025-05-22T15:02:14.081596,KXBTCD-25MAY2219-T110999.99,DELTA,47,1100,50,150,509,yes,44,250
2025-05-22T15:02:14.141020,KXBTCD-25MAY2219-T110999.99,DELTA,47,100,50,150,510,yes,47,-1000
2025-05-22T15:02:14.141251,KXBTCD-25MAY2219-T110999.99,DELTA,47,100,50,150,511,yes,21,2000
2025-05-22T15:02:14.162409,KXBTCD-25MAY2219-T110999.99,DELTA,47,100,50,150,512,yes,41,30
2025-05-22T15:02:14.162678,KXBTCD-25MAY2219-T110999.99,DELTA,47,100,50,150,513,yes,43,-30
2025-05-22T15:02:14.162863,KXBTCD-25MAY2219-T110999.99,DELTA,47,100,50,150,514,no,46,-30
2025-05-22T15:02:14.163025,KXBTCD-25MAY2219-T110999.99,DELTA,47,100,50,150,515,no,48,30
2025-05-22T15:02:14.240973,KXBTCD-25MAY2219-T110999.99,DELTA,47,100,50,150,516,yes,45,1000
2025-05-22T15:02:14.241268,KXBTCD-25MAY2219-T110999.99,DELTA,47,100,50,150,517,yes,44,-250
2025-05-22T15:02:14.261989,KXBTCD-25MAY2219-T110999.99,DELTA,47,100,52,30,518,no,50,-150
2025-05-22T15:02:14.262257,KXBTCD-25MAY2219-T110999.99,DELTA,47,100,52,30,519,yes,25,9
2025-05-22T15:02:14.262432,KXBTCD-25MAY2219-T110999.99,DELTA,47,100,52,30,520,no,47,-1000
2025-05-22T15:02:14.262567,KXBTCD-25MAY2219-T110999.99,DELTA,47,100,52,30,521,no,24,-9
2025-05-22T15:02:14.320901,KXBTCD-25MAY2219-T110999.99,DELTA,47,100,52,30,522,yes,45,-1000
2025-05-22T15:02:14.321049,KXBTCD-25MAY2219-T110999.99,DELTA,47,100,52,1030,523,no,48,1000
2025-05-22T15:02:14.341423,KXBTCD-25MAY2219-T110999.99,DELTA,47,100,52,1030,524,yes,43,150
2025-05-22T15:02:14.361147,KXBTCD-25MAY2219-T110999.99,DELTA,47,100,48,50,525,no,52,50
2025-05-22T15:02:14.381805,KXBTCD-25MAY2219-T110999.99,DELTA,47,100,48,50,526,yes,42,1000
2025-05-22T15:02:14.445671,KXBTCD-25MAY2219-T110999.99,DELTA,47,100,48,50,527,yes,39,30
2025-05-22T15:02:14.446091,KXBTCD-25MAY2219-T110999.99,DELTA,47,100,48,50,528,yes,41,-30
2025-05-22T15:02:14.446202,KXBTCD-25MAY2219-T110999.99,DELTA,47,100,48,50,529,yes,21,-2000
2025-05-22T15:02:14.446288,KXBTCD-25MAY2219-T110999.99,DELTA,47,100,48,50,530,no,50,30
2025-05-22T15:02:14.446371,KXBTCD-25MAY2219-T110999.99,DELTA,47,100,48,50,531,no,48,-30
2025-05-22T15:02:14.462848,KXBTCD-25MAY2219-T110999.99,DELTA,47,100,48,50,532,yes,42,-1000
2025-05-22T15:02:14.462984,KXBTCD-25MAY2219-T110999.99,DELTA,47,100,48,50,533,yes,43,14
2025-05-22T15:02:14.463064,KXBTCD-25MAY2219-T110999.99,DELTA,47,100,48,50,534,yes,45,-14
2025-05-22T15:02:14.463136,KXBTCD-25MAY2219-T110999.99,DELTA,47,100,48,50,535,no,47,14
2025-05-22T15:02:14.480891,KXBTCD-25MAY2219-T110999.99,DELTA,47,100,48,50,536,no,1,8000
2025-05-22T15:02:14.481035,KXBTCD-25MAY2219-T110999.99,DELTA,47,100,48,50,537,no,48,-1000
2025-05-22T15:02:14.481422,KXBTCD-25MAY2219-T110999.99,DELTA,47,100,48,50,538,no,46,-14
2025-05-22T15:02:14.481495,KXBTCD-25MAY2219-T110999.99,DELTA,47,100,48,50,539,yes,43,-150
2025-05-22T15:02:14.500934,KXBTCD-25MAY2219-T110999.99,DELTA,47,100,50,30,540,no,52,-50
2025-05-22T15:02:14.521629,KXBTCD-25MAY2219-T110999.99,DELTA,47,100,50,30,541,yes,43,2000
2025-05-22T15:02:14.521816,KXBTCD-25MAY2219-T110999.99,DELTA,47,100,50,30,542,yes,44,1000
2025-05-22T15:02:14.542463,KXBTCD-25MAY2219-T110999.99,DELTA,47,100,50,30,543,yes,42,250
2025-05-22T15:02:14.542694,KXBTCD-25MAY2219-T110999.99,DELTA,47,100,48,200,544,no,52,200
2025-05-22T15:02:14.542759,KXBTCD-25MAY2219-T110999.99,DELTA,47,100,48,200,545,no,31,1000
2025-05-22T15:02:14.581695,KXBTCD-25MAY2219-T110999.99,DELTA,47,100,48,200,546,yes,43,-2000
2025-05-22T15:02:14.601729,KXBTCD-25MAY2219-T110999.99,DELTA,47,100,48,200,547,yes,44,-1000
2025-05-22T15:02:14.641173,KXBTCD-25MAY2219-T110999.99,DELTA,47,100,48,200,548,yes,43,1000
2025-05-22T15:02:14.641290,KXBTCD-25MAY2219-T110999.99,DELTA,47,100,48,200,549,yes,42,2000
2025-05-22T15:02:14.921185,KXBTCD-25MAY2219-T110999.99,DELTA,47,100,48,200,550,yes,12,-2700
2025-05-22T15:02:14.921419,KXBTCD-25MAY2219-T110999.99,DELTA,47,100,48,200,551,yes,4,8100
2025-05-22T15:02:14.982079,KXBTCD-25MAY2219-T110999.99,DELTA,47,100,48,200,552,no,6,-5400
2025-05-22T15:02:14.982306,KXBTCD-25MAY2219-T110999.99,DELTA,47,100,48,200,553,no,8,4050
2025-05-22T15:02:15.001837,KXBTCD-25MAY2219-T110999.99,DELTA,47,100,48,200,554,yes,5,20000
2025-05-22T15:02:15.042273,KXBTCD-25MAY2219-T110999.99,DELTA,47,100,48,200,555,no,32,9
2025-05-22T15:02:15.042686,KXBTCD-25MAY2219-T110999.99,DELTA,47,100,48,200,556,no,7,-20000
2025-05-22T15:02:15.042946,KXBTCD-25MAY2219-T110999.99,DELTA,47,100,48,200,557,yes,25,-9
2025-05-22T15:02:15.102065,KXBTCD-25MAY2219-T110999.99,DELTA,47,100,48,200,558,no,9,20000
2025-05-22T15:02:15.323569,KXBTCD-25MAY2219-T110999.99,DELTA,43,1014,48,200,559,yes,47,-100
2025-05-22T15:02:15.641381,KXBTCD-25MAY2219-T110999.99,DELTA,43,1014,48,200,560,no,49,100
2025-05-22T15:02:15.702122,KXBTCD-25MAY2219-T110999.99,DELTA,43,1014,48,200,561,no,31,-1000
2025-05-22T15:02:15.742679,KXBTCD-25MAY2219-T110999.99,DELTA,43,1014,48,200,562,no,49,1000
2025-05-22T15:02:16.082712,KXBTCD-25MAY2219-T110999.99,DELTA,43,1014,48,200,563,no,49,-100
2025-05-22T15:02:16.162720,KXBTCD-25MAY2219-T110999.99,DELTA,43,1014,48,200,564,no,49,-1000
2025-05-22T15:02:16.220938,KXBTCD-25MAY2219-T110999.99,DELTA,43,1014,48,200,565,yes,42,1250
2025-05-22T15:02:16.221180,KXBTCD-25MAY2219-T110999.99,DELTA,43,1014,48,200,566,yes,42,-2000
2025-05-22T15:02:16.241443,KXBTCD-25MAY2219-T110999.99,DELTA,43,1014,48,200,567,no,1,-8000
2025-05-22T15:02:16.241982,KXBTCD-25MAY2219-T110999.99,DELTA,43,1014,48,200,568,no,31,1000
2025-05-22T15:02:16.260780,KXBTCD-25MAY2219-T110999.99,DELTA,43,1014,48,200,569,yes,4,-8100
2025-05-22T15:02:16.260994,KXBTCD-25MAY2219-T110999.99,DELTA,43,1014,48,200,570,yes,6,5400
2025-05-22T15:02:16.302281,KXBTCD-25MAY2219-T110999.99,DELTA,43,1014,48,200,571,no,8,-4050
2025-05-22T15:02:16.302528,KXBTCD-25MAY2219-T110999.99,DELTA,43,1014,48,200,572,no,10,3240
2025-05-22T15:02:16.321911,KXBTCD-25MAY2219-T110999.99,DELTA,43,3014,48,200,573,yes,43,2000
2025-05-22T15:02:16.362447,KXBTCD-25MAY2219-T110999.99,DELTA,43,3014,48,200,574,yes,5,-20000
2025-05-22T15:02:16.362728,KXBTCD-25MAY2219-T110999.99,DELTA,43,3014,48,200,575,no,9,-20000
2025-05-22T15:02:16.401708,KXBTCD-25MAY2219-T110999.99,DELTA,43,3014,48,200,576,yes,42,-1250
2025-05-22T15:02:16.401981,KXBTCD-25MAY2219-T110999.99,DELTA,43,3014,48,200,577,yes,7,20000
2025-05-22T15:02:16.402104,KXBTCD-25MAY2219-T110999.99,DELTA,43,3014,48,200,578,no,11,20000
2025-05-22T15:02:16.583955,KXBTCD-25MAY2219-T110999.99,DELTA,43,3014,48,200,579,yes,41,100
2025-05-22T15:02:16.842629,KXBTCD-25MAY2219-T110999.99,DELTA,43,3014,48,200,580,yes,42,1250
2025-05-22T15:02:17.442035,KXBTCD-25MAY2219-T110999.99,DELTA,43,3014,48,186,581,no,52,-14
2025-05-22T15:02:17.523133,KXBTCD-25MAY2219-T110999.99,DELTA,43,3014,48,186,582,no,50,100
2025-05-22T15:02:17.642129,KXBTCD-25MAY2219-T110999.99,DELTA,43,3014,48,186,583,yes,6,-5400
2025-05-22T15:02:17.642493,KXBTCD-25MAY2219-T110999.99,DELTA,43,3014,48,186,584,yes,8,4050
2025-05-22T15:02:17.681727,KXBTCD-25MAY2219-T110999.99,DELTA,43,3014,48,186,585,no,10,-3240
2025-05-22T15:02:17.681931,KXBTCD-25MAY2219-T110999.99,DELTA,43,3014,48,186,586,no,12,2700
2025-05-22T15:02:17.703999,KXBTCD-25MAY2219-T110999.99,DELTA,43,3014,48,186,587,yes,7,-20000
2025-05-22T15:02:17.744074,KXBTCD-25MAY2219-T110999.99,DELTA,43,3014,48,186,588,yes,9,20000
2025-05-22T15:02:17.744217,KXBTCD-25MAY2219-T110999.99,DELTA,43,3014,48,186,589,no,11,-20000
2025-05-22T15:02:17.822121,KXBTCD-25MAY2219-T110999.99,DELTA,43,3014,48,186,590,no,5,20000
2025-05-22T15:02:18.020968,KXBTCD-25MAY2219-T110999.99,DELTA,43,3014,48,186,591,no,50,-100
2025-05-22T15:02:18.141943,KXBTCD-25MAY2219-T110999.99,DELTA,43,3014,48,186,592,yes,42,-1250
2025-05-22T15:02:18.801517,KXBTCD-25MAY2219-T110999.99,DELTA,43,3014,48,186,593,yes,41,-100
2025-05-22T15:02:20.662545,KXBTCD-25MAY2219-T110999.99,DELTA,43,3014,48,186,594,no,51,100
2025-05-22T15:02:21.761099,KXBTCD-25MAY2219-T110999.99,DELTA,43,3014,48,186,595,yes,8,-4050
2025-05-22T15:02:21.761452,KXBTCD-25MAY2219-T110999.99,DELTA,43,3014,48,186,596,yes,10,3240
2025-05-22T15:02:21.822105,KXBTCD-25MAY2219-T110999.99,DELTA,43,3014,48,186,597,yes,42,1250
2025-05-22T15:02:21.841653,KXBTCD-25MAY2219-T110999.99,DELTA,43,3014,48,186,598,yes,9,-20000
2025-05-22T15:02:21.841900,KXBTCD-25MAY2219-T110999.99,DELTA,43,3014,48,186,599,no,12,-2700
2025-05-22T15:02:21.842050,KXBTCD-25MAY2219-T110999.99,DELTA,43,3014,48,186,600,no,6,5400
2025-05-22T15:02:21.883260,KXBTCD-25MAY2219-T110999.99,DELTA,43,3014,48,186,601,yes,11,20000
2025-05-22T15:02:21.902111,KXBTCD-25MAY2219-T110999.99,DELTA,43,3014,48,186,602,yes,41,100
2025-05-22T15:02:21.902397,KXBTCD-25MAY2219-T110999.99,DELTA,43,3014,48,186,603,no,5,-20000
2025-05-22T15:02:21.962274,KXBTCD-25MAY2219-T110999.99,DELTA,43,3014,48,186,604,no,7,20000
2025-05-22T15:02:22.321998,KXBTCD-25MAY2219-T110999.99,DELTA,43,3014,48,186,605,yes,42,-1250
2025-05-22T15:02:23.641971,KXBTCD-25MAY2219-T110999.99,DELTA,43,3014,48,186,606,yes,41,14
2025-05-22T15:02:23.642528,KXBTCD-25MAY2219-T110999.99,DELTA,43,3014,48,186,607,yes,38,30
2025-05-22T15:02:23.642627,KXBTCD-25MAY2219-T110999.99,DELTA,43,3014,48,186,608,no,49,14
2025-05-22T15:02:23.642709,KXBTCD-25MAY2219-T110999.99,DELTA,43,3000,48,186,609,yes,43,-14
2025-05-22T15:02:23.642782,KXBTCD-25MAY2219-T110999.99,DELTA,43,3000,48,186,610,yes,39,-30
2025-05-22T15:02:23.661867,KXBTCD-25MAY2219-T110999.99,DELTA,43,3000,48,186,611,no,51,30
2025-05-22T15:02:23.662082,KXBTCD-25MAY2219-T110999.99,DELTA,43,3000,48,186,612,no,47,-14
2025-05-22T15:02:23.662286,KXBTCD-25MAY2219-T110999.99,DELTA,43,3000,48,186,613,no,50,-30
2025-05-22T15:02:23.681706,KXBTCD-25MAY2219-T110999.99,DELTA,43,3000,48,186,614,yes,42,-250
2025-05-22T15:02:23.701694,KXBTCD-25MAY2219-T110999.99,DELTA,43,3000,49,130,615,no,52,-186
2025-05-22T15:02:23.702026,KXBTCD-25MAY2219-T110999.99,DELTA,43,3000,49,130,616,no,1,8000
2025-05-22T15:02:23.723990,KXBTCD-25MAY2219-T110999.99,DELTA,43,1000,49,130,617,yes,43,-2000
2025-05-22T15:02:23.793305,KXBTCD-25MAY2219-T110999.99,DELTA,41,114,49,130,618,yes,43,-1000
2025-05-22T15:02:23.800793,KXBTCD-25MAY2219-T110999.99,DELTA,41,114,49,130,619,no,31,-1000
2025-05-22T15:02:23.800923,KXBTCD-25MAY2219-T110999.99,DELTA,41,114,49,130,620,yes,39,300
2025-05-22T15:02:23.800995,KXBTCD-25MAY2219-T110999.99,DELTA,41,114,49,130,621,yes,40,14
2025-05-22T15:02:23.801058,KXBTCD-25MAY2219-T110999.99,DELTA,41,114,49,130,622,yes,36,30
2025-05-22T15:02:23.801262,KXBTCD-25MAY2219-T110999.99,DELTA,41,114,49,130,623,yes,20,-200
2025-05-22T15:02:23.801323,KXBTCD-25MAY2219-T110999.99,DELTA,41,114,49,130,624,yes,10,200
2025-05-22T15:02:23.801382,KXBTCD-25MAY2219-T110999.99,DELTA,41,100,49,130,625,yes,41,-14
2025-05-22T15:02:23.801434,KXBTCD-25MAY2219-T110999.99,DELTA,41,100,49,130,626,yes,38,-30
2025-05-22T15:02:23.801547,KXBTCD-25MAY2219-T110999.99,DELTA,41,100,49,130,627,no,50,14
2025-05-22T15:02:23.801604,KXBTCD-25MAY2219-T110999.99,DELTA,41,100,45,200,628,no,55,200
2025-05-22T15:02:23.820446,KXBTCD-25MAY2219-T110999.99,DELTA,41,100,45,200,629,yes,21,2000
2025-05-22T15:02:23.820711,KXBTCD-25MAY2219-T110999.99,DELTA,41,100,45,200,630,no,51,-30
2025-05-22T15:02:23.820799,KXBTCD-25MAY2219-T110999.99,DELTA,41,100,45,200,631,no,49,-14
2025-05-22T15:02:23.820870,KXBTCD-25MAY2219-T110999.99,DELTA,41,100,45,200,632,no,53,30
2025-05-22T15:02:23.922064,KXBTCD-25MAY2219-T110999.99,DELTA,41,100,45,200,633,no,52,1000
2025-05-22T15:02:23.922351,KXBTCD-25MAY2219-T110999.99,DELTA,42,1000,45,200,634,yes,42,1000
2025-05-22T15:02:23.981298,KXBTCD-25MAY2219-T110999.99,DELTA,42,1000,45,200,635,yes,21,-2000
2025-05-22T15:02:24.021836,KXBTCD-25MAY2219-T110999.99,DELTA,42,1000,45,200,636,yes,40,2000
2025-05-22T15:02:24.121642,KXBTCD-25MAY2219-T110999.99,DELTA,42,1000,45,200,637,yes,10,-3240
2025-05-22T15:02:24.122020,KXBTCD-25MAY2219-T110999.99,DELTA,42,1000,45,200,638,yes,12,2700
2025-05-22T15:02:24.162348,KXBTCD-25MAY2219-T110999.99,DELTA,42,1000,45,200,639,no,6,-5400
2025-05-22T15:02:24.162834,KXBTCD-25MAY2219-T110999.99,DELTA,42,1000,45,200,640,no,8,4050
2025-05-22T15:02:24.182109,KXBTCD-25MAY2219-T110999.99,DELTA,42,1000,45,200,641,yes,11,-20000
2025-05-22T15:02:24.221221,KXBTCD-25MAY2219-T110999.99,DELTA,42,1000,45,200,642,no,7,-20000
2025-05-22T15:02:24.261084,KXBTCD-25MAY2219-T110999.99,DELTA,42,1000,45,200,643,no,9,20000
2025-05-22T15:02:24.661525,KXBTCD-25MAY2219-T110999.99,DELTA,42,1000,45,200,644,yes,40,-2000
2025-05-22T15:02:24.661836,KXBTCD-25MAY2219-T110999.99,DELTA,42,1000,45,200,645,no,23,-3000
2025-05-22T15:02:24.721513,KXBTCD-25MAY2219-T110999.99,DELTA,42,1000,45,200,646,yes,39,2000
2025-05-22T15:02:24.721800,KXBTCD-25MAY2219-T110999.99,DELTA,42,1000,45,200,647,no,29,3000
2025-05-22T15:02:24.761911,KXBTCD-25MAY2219-T110999.99,DELTA,41,100,45,200,648,yes,42,-1000
2025-05-22T15:02:24.762308,KXBTCD-25MAY2219-T110999.99,DELTA,41,100,45,200,649,yes,39,-300
2025-05-22T15:02:24.781392,KXBTCD-25MAY2219-T110999.99,DELTA,41,100,45,200,650,no,52,-1000
2025-05-22T15:02:24.805636,KXBTCD-25MAY2219-T110999.99,DELTA,41,100,45,200,651,yes,39,-2000
2025-05-22T15:02:24.805918,KXBTCD-25MAY2219-T110999.99,DELTA,41,1100,45,200,652,yes,41,1000
2025-05-22T15:02:24.806102,KXBTCD-25MAY2219-T110999.99,DELTA,41,1100,45,200,653,no,32,-9
2025-05-22T15:02:24.806242,KXBTCD-25MAY2219-T110999.99,DELTA,41,1100,47,30,654,no,55,-200
2025-05-22T15:02:24.840814,KXBTCD-25MAY2219-T110999.99,DELTA,41,1100,47,1030,655,no,53,1000
2025-05-22T15:02:24.882141,KXBTCD-25MAY2219-T110999.99,DELTA,41,1100,47,1030,656,yes,13,2000
2025-05-22T15:02:24.901763,KXBTCD-25MAY2219-T110999.99,DELTA,41,1100,47,1030,657,yes,38,50
2025-05-22T15:02:24.921501,KXBTCD-25MAY2219-T110999.99,DELTA,41,1100,43,150,658,no,57,150
2025-05-22T15:02:25.082019,KXBTCD-25MAY2219-T110999.99,DELTA,41,100,43,150,659,yes,41,-1000
2025-05-22T15:02:25.102420,KXBTCD-25MAY2219-T110999.99,DELTA,41,100,43,150,660,no,53,-1000
2025-05-22T15:02:25.141600,KXBTCD-25MAY2219-T110999.99,DELTA,41,100,43,150,661,yes,38,-50
2025-05-22T15:02:25.142489,KXBTCD-25MAY2219-T110999.99,DELTA,41,100,43,150,662,no,52,1000
2025-05-22T15:02:25.143100,KXBTCD-25MAY2219-T110999.99,DELTA,42,1000,43,150,663,yes,42,1000
2025-05-22T15:02:25.221864,KXBTCD-25MAY2219-T110999.99,DELTA,42,1000,47,30,664,no,57,-150
2025-05-22T15:02:25.300811,KXBTCD-25MAY2219-T110999.99,DELTA,42,1000,47,30,665,yes,39,300
2025-05-22T15:02:25.320606,KXBTCD-25MAY2219-T110999.99,DELTA,42,1000,45,200,666,no,55,200
2025-05-22T15:02:25.381255,KXBTCD-25MAY2219-T110999.99,DELTA,42,1000,45,200,667,yes,13,-2000
2025-05-22T15:02:25.421700,KXBTCD-25MAY2219-T110999.99,DELTA,42,1000,45,200,668,yes,12,-2700
2025-05-22T15:02:25.421866,KXBTCD-25MAY2219-T110999.99,DELTA,42,1000,45,200,669,yes,10,3240
2025-05-22T15:02:25.421974,KXBTCD-25MAY2219-T110999.99,DELTA,42,1000,45,200,670,yes,40,2000
2025-05-22T15:02:25.480442,KXBTCD-25MAY2219-T110999.99,DELTA,42,1000,45,200,671,no,8,-4050
2025-05-22T15:02:25.480742,KXBTCD-25MAY2219-T110999.99,DELTA,42,1000,45,200,672,no,10,3240
2025-05-22T15:02:25.500944,KXBTCD-25MAY2219-T110999.99,DELTA,42,1000,45,200,673,yes,11,20000
2025-05-22T15:02:25.562061,KXBTCD-25MAY2219-T110999.99,DELTA,42,1000,45,200,674,no,9,-20000
2025-05-22T15:02:25.603920,KXBTCD-25MAY2219-T110999.99,DELTA,42,1000,45,200,675,no,11,20000
2025-05-22T15:02:25.622975,KXBTCD-25MAY2219-T110999.99,DELTA,42,1000,45,200,676,no,51,-100
2025-05-22T15:02:25.623389,KXBTCD-25MAY2219-T110999.99,DELTA,42,1000,45,200,677,yes,41,-100
2025-05-22T15:02:25.701885,KXBTCD-25MAY2219-T110999.99,DELTA,40,2014,45,200,678,yes,42,-1000
2025-05-22T15:02:25.702696,KXBTCD-25MAY2219-T110999.99,DELTA,40,2014,45,200,679,no,52,-1000
2025-05-22T15:02:25.761525,KXBTCD-25MAY2219-T110999.99,DELTA,40,2014,45,200,680,no,31,1000
2025-05-22T15:02:25.761811,KXBTCD-25MAY2219-T110999.99,DELTA,40,3014,45,200,681,yes,40,1000
2025-05-22T15:02:26.201685,KXBTCD-25MAY2219-T110999.99,DELTA,40,3014,47,30,682,no,55,-200
2025-05-22T15:02:26.241548,KXBTCD-25MAY2219-T110999.99,DELTA,40,3014,47,30,683,yes,39,-300
2025-05-22T15:02:26.301483,KXBTCD-25MAY2219-T110999.99,DELTA,41,150,47,30,684,yes,41,150
2025-05-22T15:02:26.320998,KXBTCD-25MAY2219-T110999.99,DELTA,41,150,47,30,685,yes,40,-2000
2025-05-22T15:02:26.321224,KXBTCD-25MAY2219-T110999.99,DELTA,41,150,46,50,686,no,54,50
2025-05-22T15:02:26.321321,KXBTCD-25MAY2219-T110999.99,DELTA,41,150,46,50,687,no,32,9
2025-05-22T15:02:26.321402,KXBTCD-25MAY2219-T110999.99,DELTA,41,150,46,50,688,yes,40,-1000
2025-05-22T15:02:26.381150,KXBTCD-25MAY2219-T110999.99,DELTA,41,150,46,50,689,yes,11,2000
2025-05-22T15:02:26.401071,KXBTCD-25MAY2219-T110999.99,DELTA,42,1000,46,50,690,yes,42,1000
2025-05-22T15:02:26.401327,KXBTCD-25MAY2219-T110999.99,DELTA,42,1000,47,30,691,no,54,-50
2025-05-22T15:02:26.461207,KXBTCD-25MAY2219-T110999.99,DELTA,42,1000,47,130,692,no,53,100
2025-05-22T15:02:26.481066,KXBTCD-25MAY2219-T110999.99,DELTA,42,1000,47,130,693,yes,11,-2000
2025-05-22T15:02:26.560315,KXBTCD-25MAY2219-T110999.99,DELTA,42,3000,47,130,694,yes,42,2000
2025-05-22T15:02:26.600490,KXBTCD-25MAY2219-T110999.99,DELTA,42,3000,47,130,695,no,1,-8000
2025-05-22T15:02:26.801378,KXBTCD-25MAY2219-T110999.99,DELTA,42,3000,47,130,696,no,10,-3240
2025-05-22T15:02:26.801842,KXBTCD-25MAY2219-T110999.99,DELTA,42,3000,47,130,697,no,11,2945
2025-05-22T15:02:26.881381,KXBTCD-25MAY2219-T110999.99,DELTA,42,3000,47,130,698,no,11,-20000
2025-05-22T15:02:26.922462,KXBTCD-25MAY2219-T110999.99,DELTA,42,3000,47,130,699,no,5,20000
2025-05-22T15:02:27.121759,KXBTCD-25MAY2219-T110999.99,DELTA,42,3000,47,130,700,yes,38,30
2025-05-22T15:02:27.122025,KXBTCD-25MAY2219-T110999.99,DELTA,42,3000,47,130,701,yes,36,-30
2025-05-22T15:02:27.141655,KXBTCD-25MAY2219-T110999.99,DELTA,42,3000,47,130,702,no,51,30
2025-05-22T15:02:27.141891,KXBTCD-25MAY2219-T110999.99,DELTA,42,3000,47,100,703,no,53,-30
2025-05-22T15:02:27.281925,KXBTCD-25MAY2219-T110999.99,DELTA,42,3000,47,100,704,yes,41,-150
2025-05-22T15:02:27.301789,KXBTCD-25MAY2219-T110999.99,DELTA,42,3000,49,30,705,no,53,-100
2025-05-22T15:02:27.321549,KXBTCD-25MAY2219-T110999.99,DELTA,43,50,49,30,706,yes,43,50
2025-05-22T15:02:27.321823,KXBTCD-25MAY2219-T110999.99,DELTA,43,50,48,150,707,no,52,150
2025-05-22T15:02:27.340888,KXBTCD-25MAY2219-T110999.99,DELTA,43,50,48,150,708,yes,42,-2000
2025-05-22T15:02:27.341221,KXBTCD-25MAY2219-T110999.99,DELTA,43,50,48,150,709,yes,42,-1000
2025-05-22T15:02:27.381231,KXBTCD-25MAY2219-T110999.99,DELTA,44,1000,48,150,710,yes,44,1000
2025-05-22T15:02:27.401730,KXBTCD-25MAY2219-T110999.99,DELTA,44,1000,48,150,711,yes,11,2000
2025-05-22T15:02:27.445454,KXBTCD-25MAY2219-T110999.99,DELTA,44,1000,48,150,712,yes,40,-14
2025-05-22T15:02:27.446380,KXBTCD-25MAY2219-T110999.99,DELTA,44,1000,48,150,713,yes,42,14
2025-05-22T15:02:27.446751,KXBTCD-25MAY2219-T110999.99,DELTA,44,1000,48,150,714,no,50,-14
2025-05-22T15:02:27.447097,KXBTCD-25MAY2219-T110999.99,DELTA,44,1000,48,150,715,no,48,14
2025-05-22T15:02:27.541763,KXBTCD-25MAY2219-T110999.99,DELTA,44,1000,48,150,716,yes,43,-50
2025-05-22T15:02:27.562175,KXBTCD-25MAY2219-T110999.99,DELTA,44,1000,48,150,717,yes,42,150
2025-05-22T15:02:27.602286,KXBTCD-25MAY2219-T110999.99,DELTA,42,164,48,150,718,yes,44,-1000
2025-05-22T15:02:27.661568,KXBTCD-25MAY2219-T110999.99,DELTA,42,164,48,150,719,yes,11,-2000
2025-05-22T15:02:27.662474,KXBTCD-25MAY2219-T110999.99,DELTA,43,1000,48,150,720,yes,43,1000
2025-05-22T15:02:27.702410,KXBTCD-25MAY2219-T110999.99,DELTA,43,3000,48,150,721,yes,43,2000
2025-05-22T15:02:28.023738,KXBTCD-25MAY2219-T110999.99,DELTA,43,3000,48,150,722,no,11,-2945
2025-05-22T15:02:28.024703,KXBTCD-25MAY2219-T110999.99,DELTA,43,3000,48,150,723,no,6,5400
2025-05-22T15:02:28.082137,KXBTCD-25MAY2219-T110999.99,DELTA,43,3000,48,150,724,no,5,-20000
2025-05-22T15:02:28.122506,KXBTCD-25MAY2219-T110999.99,DELTA,43,3000,48,150,725,no,7,20000
2025-05-22T15:02:28.501929,KXBTCD-25MAY2219-T110999.99,DELTA,43,3000,48,150,726,no,51,100
2025-05-22T15:02:28.502469,KXBTCD-25MAY2219-T110999.99,DELTA,43,3000,48,150,727,yes,41,100
2025-05-22T15:02:29.182086,KXBTCD-25MAY2219-T110999.99,DELTA,43,3000,48,150,728,yes,42,-150
2025-05-22T15:02:29.201721,KXBTCD-25MAY2219-T110999.99,DELTA,43,3000,48,150,729,no,1,8000
2025-05-22T15:02:29.222542,KXBTCD-25MAY2219-T110999.99,DELTA,43,3000,48,150,730,yes,41,250
2025-05-22T15:02:29.241793,KXBTCD-25MAY2219-T110999.99,DELTA,43,1000,48,150,731,yes,43,-2000
2025-05-22T15:02:29.242348,KXBTCD-25MAY2219-T110999.99,DELTA,43,1000,49,130,732,no,52,-150
2025-05-22T15:02:29.242656,KXBTCD-25MAY2219-T110999.99,DELTA,43,1000,49,130,733,no,6,-5400
2025-05-22T15:02:29.242911,KXBTCD-25MAY2219-T110999.99,DELTA,43,1000,49,130,734,no,8,4050
2025-05-22T15:02:29.243236,KXBTCD-25MAY2219-T110999.99,DELTA,42,14,49,130,735,yes,43,-1000
2025-05-22T15:02:29.322101,KXBTCD-25MAY2219-T110999.99,DELTA,42,14,49,130,736,no,7,-20000
2025-05-22T15:02:29.322800,KXBTCD-25MAY2219-T110999.99,DELTA,42,2014,49,130,737,yes,42,2000
2025-05-22T15:02:29.323285,KXBTCD-25MAY2219-T110999.99,DELTA,42,3014,49,130,738,yes,42,1000
2025-05-22T15:02:29.323718,KXBTCD-25MAY2219-T110999.99,DELTA,42,3014,46,150,739,no,54,150
2025-05-22T15:02:29.381127,KXBTCD-25MAY2219-T110999.99,DELTA,42,3014,46,150,740,no,9,20000
2025-05-22T15:02:30.242042,KXBTCD-25MAY2219-T110999.99,DELTA,42,3014,49,130,741,no,54,-150
2025-05-22T15:02:30.282170,KXBTCD-25MAY2219-T110999.99,DELTA,42,3014,47,250,742,no,53,250
2025-05-22T15:02:30.341757,KXBTCD-25MAY2219-T110999.99,DELTA,42,3014,47,250,743,yes,41,1250
2025-05-22T15:02:30.962924,KXBTCD-25MAY2219-T110999.99,DELTA,42,3014,47,250,744,no,1,-8000
2025-05-22T15:02:30.963364,KXBTCD-25MAY2219-T110999.99,DELTA,42,3014,47,250,745,yes,41,-1250
2025-05-22T15:02:30.981667,KXBTCD-25MAY2219-T110999.99,DELTA,42,4264,47,250,746,yes,42,1250
2025-05-22T15:02:31.062033,KXBTCD-25MAY2219-T110999.99,DELTA,42,4264,47,250,747,no,51,-100
2025-05-22T15:02:31.143163,KXBTCD-25MAY2219-T110999.99,DELTA,42,3014,47,250,748,yes,42,-1250
2025-05-22T15:02:31.181587,KXBTCD-25MAY2219-T110999.99,DELTA,42,3014,47,250,749,yes,41,1250
2025-05-22T15:02:32.041913,KXBTCD-25MAY2219-T110999.99,DELTA,42,3014,49,30,750,no,53,-250
2025-05-22T15:02:32.101910,KXBTCD-25MAY2219-T110999.99,DELTA,42,3014,48,200,751,no,52,200
2025-05-22T15:02:32.495847,KXBTCD-25MAY2219-T110999.99,DELTA,42,3014,48,200,752,no,50,18
2025-05-22T15:02:32.962712,KXBTCD-25MAY2219-T110999.99,DELTA,42,3014,48,200,753,yes,41,-1250
2025-05-22T15:02:33.002401,KXBTCD-25MAY2219-T110999.99,DELTA,42,3014,48,200,754,yes,41,-250
2025-05-22T15:02:33.003365,KXBTCD-25MAY2219-T110999.99,DELTA,42,3014,49,30,755,no,52,-200
2025-05-22T15:02:33.023008,KXBTCD-25MAY2219-T110999.99,DELTA,42,3014,49,30,756,yes,38,-30
2025-05-22T15:02:33.023931,KXBTCD-25MAY2219-T110999.99,DELTA,42,3014,49,30,757,yes,40,30
2025-05-22T15:02:33.042018,KXBTCD-25MAY2219-T110999.99,DELTA,42,3014,49,30,758,no,49,30
2025-05-22T15:02:33.053020,KXBTCD-25MAY2219-T110999.99,DELTA,42,3014,50,18,759,no,51,-30
2025-05-22T15:02:33.053778,KXBTCD-25MAY2219-T110999.99,DELTA,42,3014,50,18,760,yes,10,-200
2025-05-22T15:02:33.054818,KXBTCD-25MAY2219-T110999.99,DELTA,42,3014,50,18,761,yes,20,200
2025-05-22T15:02:33.081973,KXBTCD-25MAY2219-T110999.99,DELTA,42,3014,50,18,762,no,8,-4050
2025-05-22T15:02:33.082618,KXBTCD-25MAY2219-T110999.99,DELTA,42,3014,50,18,763,no,10,3240
2025-05-22T15:02:33.102592,KXBTCD-25MAY2219-T110999.99,DELTA,42,1014,50,18,764,yes,42,-2000
2025-05-22T15:02:33.172625,KXBTCD-25MAY2219-T110999.99,DELTA,42,1014,49,100,765,no,51,100
2025-05-22T15:02:33.173030,KXBTCD-25MAY2219-T110999.99,DELTA,42,1014,49,100,766,no,9,-20000
2025-05-22T15:02:33.173324,KXBTCD-25MAY2219-T110999.99,DELTA,42,1014,49,100,767,yes,21,2000
2025-05-22T15:02:33.182202,KXBTCD-25MAY2219-T110999.99,DELTA,45,50,49,100,768,yes,45,50
2025-05-22T15:02:33.182625,KXBTCD-25MAY2219-T110999.99,DELTA,45,50,49,100,769,yes,42,-14
2025-05-22T15:02:33.183115,KXBTCD-25MAY2219-T110999.99,DELTA,45,50,49,100,770,yes,44,14
2025-05-22T15:02:33.183489,KXBTCD-25MAY2219-T110999.99,DELTA,45,50,49,100,771,no,46,14
2025-05-22T15:02:33.183863,KXBTCD-25MAY2219-T110999.99,DELTA,45,50,49,100,772,no,48,-14
2025-05-22T15:02:33.184211,KXBTCD-25MAY2219-T110999.99,DELTA,45,50,49,100,773,no,50,150
2025-05-22T15:02:33.222179,KXBTCD-25MAY2219-T110999.99,DELTA,45,50,49,100,774,no,11,20000
2025-05-22T15:02:33.281605,KXBTCD-25MAY2219-T110999.99,DELTA,45,50,49,100,775,yes,42,-1000
2025-05-22T15:02:33.342490,KXBTCD-25MAY2219-T110999.99,DELTA,46,1000,49,100,776,yes,46,1000
2025-05-22T15:02:34.183112,KXBTCD-25MAY2219-T110999.99,DELTA,46,1000,49,100,777,yes,45,-50
2025-05-22T15:02:34.201502,KXBTCD-25MAY2219-T110999.99,DELTA,46,1000,50,168,778,no,51,-100
2025-05-22T15:02:34.221469,KXBTCD-25MAY2219-T110999.99,DELTA,46,1000,50,168,779,yes,41,-100
2025-05-22T15:02:34.242301,KXBTCD-25MAY2219-T110999.99,DELTA,44,14,50,168,780,yes,46,-1000
2025-05-22T15:02:34.281707,KXBTCD-25MAY2219-T110999.99,DELTA,44,14,50,168,781,yes,43,250
2025-05-22T15:02:34.321866,KXBTCD-25MAY2219-T110999.99,DELTA,44,14,50,168,782,yes,41,1000
2025-05-22T15:02:34.342028,KXBTCD-25MAY2219-T110999.99,DELTA,44,14,50,18,783,no,50,-150
2025-05-22T15:02:34.381163,KXBTCD-25MAY2219-T110999.99,DELTA,44,14,48,100,784,no,52,100
2025-05-22T15:02:34.381675,KXBTCD-25MAY2219-T110999.99,DELTA,44,14,48,100,785,yes,21,-2000
2025-05-22T15:02:34.404715,KXBTCD-25MAY2219-T110999.99,DELTA,44,14,48,100,786,yes,41,-1000
2025-05-22T15:02:34.461906,KXBTCD-25MAY2219-T110999.99,DELTA,44,2014,48,100,787,yes,44,2000
2025-05-22T15:02:34.480987,KXBTCD-25MAY2219-T110999.99,DELTA,44,2014,48,100,788,yes,43,-250
2025-05-22T15:02:34.501764,KXBTCD-25MAY2219-T110999.99,DELTA,44,2014,50,18,789,no,52,-100
2025-05-22T15:02:34.521447,KXBTCD-25MAY2219-T110999.99,DELTA,44,3014,50,18,790,yes,44,1000
2025-05-22T15:02:34.542132,KXBTCD-25MAY2219-T110999.99,DELTA,44,1014,50,18,791,yes,44,-2000
2025-05-22T15:02:34.562917,KXBTCD-25MAY2219-T110999.99,DELTA,44,14,50,18,792,yes,44,-1000
2025-05-22T15:02:34.601160,KXBTCD-25MAY2219-T110999.99,DELTA,44,14,50,18,793,yes,42,50
2025-05-22T15:02:34.601392,KXBTCD-25MAY2219-T110999.99,DELTA,44,14,50,18,794,yes,41,1000
2025-05-22T15:02:34.601477,KXBTCD-25MAY2219-T110999.99,DELTA,44,14,47,150,795,no,53,150
2025-05-22T15:02:34.601547,KXBTCD-25MAY2219-T110999.99,DELTA,44,14,47,150,796,yes,21,2000
2025-05-22T15:02:34.665610,KXBTCD-25MAY2219-T110999.99,DELTA,44,14,47,150,797,yes,41,-1000
2025-05-22T15:02:34.721565,KXBTCD-25MAY2219-T110999.99,DELTA,44,14,47,150,798,yes,43,1000
2025-05-22T15:02:34.801231,KXBTCD-25MAY2219-T110999.99,DELTA,44,14,47,150,799,yes,42,-50
2025-05-22T15:02:34.841969,KXBTCD-25MAY2219-T110999.99,DELTA,44,14,47,150,800,yes,41,200
2025-05-22T15:02:34.921069,KXBTCD-25MAY2219-T110999.99,DELTA,44,14,47,150,801,yes,43,-1000
2025-05-22T15:02:34.961469,KXBTCD-25MAY2219-T110999.99,DELTA,44,14,47,150,802,yes,42,1000
2025-05-22T15:02:34.961685,KXBTCD-25MAY2219-T110999.99,DELTA,44,14,47,150,803,yes,21,-2000
2025-05-22T15:02:35.001222,KXBTCD-25MAY2219-T110999.99,DELTA,44,14,47,150,804,yes,42,2000
2025-05-22T15:02:35.201880,KXBTCD-25MAY2219-T110999.99,DELTA,44,14,47,150,805,no,1,8000
2025-05-22T15:02:35.202106,KXBTCD-25MAY2219-T110999.99,DELTA,44,14,47,150,806,no,31,-1000
2025-05-22T15:02:35.202575,KXBTCD-25MAY2219-T110999.99,DELTA,42,3000,47,150,807,yes,44,-14
2025-05-22T15:02:35.202761,KXBTCD-25MAY2219-T110999.99,DELTA,42,3014,47,150,808,yes,42,14
2025-05-22T15:02:35.222824,KXBTCD-25MAY2219-T110999.99,DELTA,42,3014,47,150,809,no,46,-14
2025-05-22T15:02:35.223020,KXBTCD-25MAY2219-T110999.99,DELTA,42,3014,47,150,810,no,48,14
2025-05-22T15:02:35.241509,KXBTCD-25MAY2219-T110999.99,DELTA,42,3014,47,150,811,no,49,1000
2025-05-22T15:02:35.341152,KXBTCD-25MAY2219-T110999.99,DELTA,42,3014,47,150,812,yes,10,-3240
2025-05-22T15:02:35.341265,KXBTCD-25MAY2219-T110999.99,DELTA,42,3014,47,150,813,yes,12,2700
2025-05-22T15:02:35.400868,KXBTCD-25MAY2219-T110999.99,DELTA,42,3014,47,150,814,no,10,-3240
2025-05-22T15:02:35.401038,KXBTCD-25MAY2219-T110999.99,DELTA,42,3014,47,150,815,no,12,2700
2025-05-22T15:02:35.401131,KXBTCD-25MAY2219-T110999.99,DELTA,42,3014,47,150,816,yes,11,-20000
2025-05-22T15:02:35.460486,KXBTCD-25MAY2219-T110999.99,DELTA,42,3014,47,150,817,no,11,-20000
2025-05-22T15:02:35.501142,KXBTCD-25MAY2219-T110999.99,DELTA,42,3014,47,150,818,no,5,20000
2025-05-22T15:02:35.981734,KXBTCD-25MAY2219-T110999.99,DELTA,42,3014,47,150,819,yes,38,30
2025-05-22T15:02:35.981956,KXBTCD-25MAY2219-T110999.99,DELTA,42,3014,47,150,820,yes,40,-30
2025-05-22T15:02:35.982086,KXBTCD-25MAY2219-T110999.99,DELTA,42,3014,47,150,821,no,49,-30
2025-05-22T15:02:35.982205,KXBTCD-25MAY2219-T110999.99,DELTA,42,3014,47,150,822,no,51,30
2025-05-22T15:02:36.041103,KXBTCD-25MAY2219-T110999.99,DELTA,42,3014,47,150,823,no,49,-1000
2025-05-22T15:02:36.083185,KXBTCD-25MAY2219-T110999.99,DELTA,42,3014,47,150,824,no,31,1000
2025-05-22T15:02:36.101589,KXBTCD-25MAY2219-T110999.99,DELTA,42,3014,47,150,825,no,32,-9
2025-05-22T15:02:36.601194,KXBTCD-25MAY2219-T110999.99,DELTA,42,3014,47,150,826,yes,12,-2700
2025-05-22T15:02:36.601579,KXBTCD-25MAY2219-T110999.99,DELTA,42,3014,47,150,827,yes,4,8100
2025-05-22T15:02:36.661498,KXBTCD-25MAY2219-T110999.99,DELTA,42,3014,47,150,828,no,12,-2700
2025-05-22T15:02:36.661712,KXBTCD-25MAY2219-T110999.99,DELTA,42,3014,47,150,829,no,6,5400
2025-05-22T15:02:36.661791,KXBTCD-25MAY2219-T110999.99,DELTA,42,3014,47,150,830,yes,5,20000
2025-05-22T15:02:36.741358,KXBTCD-25MAY2219-T110999.99,DELTA,42,3014,47,150,831,no,5,-20000
2025-05-22T15:02:36.761889,KXBTCD-25MAY2219-T110999.99,DELTA,42,3014,47,150,832,yes,20,-200
2025-05-22T15:02:36.762108,KXBTCD-25MAY2219-T110999.99,DELTA,42,3014,47,150,833,yes,10,200
2025-05-22T15:02:36.800918,KXBTCD-25MAY2219-T110999.99,DELTA,42,3014,47,150,834,no,7,20000
2025-05-22T15:02:36.881240,KXBTCD-25MAY2219-T110999.99,DELTA,42,3014,47,150,835,no,32,9
2025-05-22T15:02:36.941604,KXBTCD-25MAY2219-T110999.99,DELTA,42,3014,47,150,836,yes,40,100
2025-05-22T15:02:36.961474,KXBTCD-25MAY2219-T110999.99,DELTA,42,3014,47,150,837,no,52,100
2025-05-22T15:02:37.261179,KXBTCD-25MAY2219-T110999.99,DELTA,42,3014,47,150,838,yes,40,30
2025-05-22T15:02:37.261620,KXBTCD-25MAY2219-T110999.99,DELTA,42,3014,47,150,839,yes,38,-30
2025-05-22T15:02:37.261769,KXBTCD-25MAY2219-T110999.99,DELTA,42,3014,47,150,840,no,49,30
2025-05-22T15:02:37.281227,KXBTCD-25MAY2219-T110999.99,DELTA,42,3014,47,150,841,no,51,-30
2025-05-22T15:02:37.321936,KXBTCD-25MAY2219-T110999.99,DELTA,42,3014,47,150,842,no,31,-1000
2025-05-22T15:02:37.360693,KXBTCD-25MAY2219-T110999.99,DELTA,42,3014,47,150,843,no,49,1000
2025-05-22T15:02:37.401748,KXBTCD-25MAY2219-T110999.99,DELTA,42,3014,47,150,844,no,52,-100
2025-05-22T15:02:37.442982,KXBTCD-25MAY2219-T110999.99,DELTA,42,3014,47,150,845,no,49,-1000
2025-05-22T15:02:37.461081,KXBTCD-25MAY2219-T110999.99,DELTA,42,3014,47,150,846,no,1,-8000
2025-05-22T15:02:37.522166,KXBTCD-25MAY2219-T110999.99,DELTA,42,3014,47,150,847,no,31,1000
2025-05-22T15:02:37.641461,KXBTCD-25MAY2219-T110999.99,DELTA,42,3014,47,150,848,yes,4,-8100
2025-05-22T15:02:37.641853,KXBTCD-25MAY2219-T110999.99,DELTA,42,3014,47,150,849,yes,11,2945
2025-05-22T15:02:37.701365,KXBTCD-25MAY2219-T110999.99,DELTA,42,3014,47,150,850,no,6,-5400
2025-05-22T15:02:37.701726,KXBTCD-25MAY2219-T110999.99,DELTA,42,3014,47,150,851,no,8,4050
2025-05-22T15:02:37.702103,KXBTCD-25MAY2219-T110999.99,DELTA,42,3014,47,150,852,yes,5,-20000
2025-05-22T15:02:37.761507,KXBTCD-25MAY2219-T110999.99,DELTA,42,3014,47,150,853,no,7,-20000
2025-05-22T15:02:37.803281,KXBTCD-25MAY2219-T110999.99,DELTA,42,3014,47,150,854,no,9,20000
2025-05-22T15:02:37.921160,KXBTCD-25MAY2219-T110999.99,DELTA,42,3014,47,150,855,no,31,-1000
2025-05-22T15:02:37.921347,KXBTCD-25MAY2219-T110999.99,DELTA,42,3014,47,150,856,no,1,8000
2025-05-22T15:02:37.982388,KXBTCD-25MAY2219-T110999.99,DELTA,42,3014,47,150,857,no,49,1000
2025-05-22T15:02:38.721317,KXBTCD-25MAY2219-T110999.99,DELTA,42,3014,47,150,858,no,8,-4050
2025-05-22T15:02:38.722068,KXBTCD-25MAY2219-T110999.99,DELTA,42,3014,47,150,859,no,10,3240
2025-05-22T15:02:38.782312,KXBTCD-25MAY2219-T110999.99,DELTA,42,3014,47,150,860,no,9,-20000
2025-05-22T15:02:38.822575,KXBTCD-25MAY2219-T110999.99,DELTA,42,3014,47,150,861,no,11,20000
2025-05-22T15:02:38.823309,KXBTCD-25MAY2219-T110999.99,DELTA,42,3014,47,150,862,no,32,-9
2025-05-22T15:02:39.002250,KXBTCD-25MAY2219-T110999.99,DELTA,42,3014,47,150,863,no,49,-1000
2025-05-22T15:02:39.021768,KXBTCD-25MAY2219-T110999.99,DELTA,42,3014,47,150,864,no,1,-8000
2025-05-22T15:02:39.061452,KXBTCD-25MAY2219-T110999.99,DELTA,42,3014,47,150,865,no,31,1000
2025-05-22T15:02:39.083105,KXBTCD-25MAY2219-T110999.99,DELTA,42,3014,47,150,866,no,52,100
2025-05-22T15:02:39.682088,KXBTCD-25MAY2219-T110999.99,DELTA,42,3014,47,150,867,no,10,-3240
2025-05-22T15:02:39.682532,KXBTCD-25MAY2219-T110999.99,DELTA,42,3014,47,150,868,no,12,2700
2025-05-22T15:02:39.741495,KXBTCD-25MAY2219-T110999.99,DELTA,42,3014,47,150,869,no,11,-20000
2025-05-22T15:02:39.781114,KXBTCD-25MAY2219-T110999.99,DELTA,42,3014,47,150,870,no,5,20000
2025-05-22T15:02:39.801757,KXBTCD-25MAY2219-T110999.99,DELTA,42,3014,47,150,871,no,32,9
2025-05-22T15:02:41.443062,KXBTCD-25MAY2219-T110999.99,DELTA,42,3014,47,150,872,no,31,-1000
2025-05-22T15:02:41.443895,KXBTCD-25MAY2219-T110999.99,DELTA,42,3014,47,150,873,no,1,8000
2025-05-22T15:02:41.501571,KXBTCD-25MAY2219-T110999.99,DELTA,42,3014,47,150,874,no,49,1000
2025-05-22T15:02:41.502055,KXBTCD-25MAY2219-T110999.99,DELTA,42,3014,47,150,875,yes,40,-100
2025-05-22T15:02:42.240989,KXBTCD-25MAY2219-T110999.99,DELTA,42,3000,47,150,876,yes,42,-14
2025-05-22T15:02:42.241376,KXBTCD-25MAY2219-T110999.99,DELTA,44,14,47,150,877,yes,44,14
2025-05-22T15:02:42.261652,KXBTCD-25MAY2219-T110999.99,DELTA,44,14,47,150,878,no,46,14
2025-05-22T15:02:42.262078,KXBTCD-25MAY2219-T110999.99,DELTA,44,14,47,150,879,no,48,-14
2025-05-22T15:02:42.344488,KXBTCD-25MAY2219-T110999.99,DELTA,44,14,47,150,880,no,32,-9
2025-05-22T15:02:42.361753,KXBTCD-25MAY2219-T110999.99,DELTA,44,14,47,150,881,no,49,-1000
2025-05-22T15:02:42.362741,KXBTCD-25MAY2219-T110999.99,DELTA,44,14,47,150,882,no,1,-8000
2025-05-22T15:02:42.401539,KXBTCD-25MAY2219-T110999.99,DELTA,44,14,47,150,883,no,31,1000
2025-05-22T15:02:42.737479,KXBTCD-25MAY2219-T110999.99,DELTA,44,14,48,100,884,no,53,-150
2025-05-22T15:02:42.737917,KXBTCD-25MAY2219-T110999.99,DELTA,44,14,48,350,885,no,52,250
2025-05-22T15:02:42.762778,KXBTCD-25MAY2219-T110999.99,DELTA,44,14,48,350,886,yes,41,-200
2025-05-22T15:02:42.806248,KXBTCD-25MAY2219-T110999.99,DELTA,44,14,48,350,887,yes,43,50
2025-05-22T15:02:42.821861,KXBTCD-25MAY2219-T110999.99,DELTA,44,14,48,350,888,yes,42,-2000
2025-05-22T15:02:42.841827,KXBTCD-25MAY2219-T110999.99,DELTA,44,14,48,350,889,yes,42,-1000
2025-05-22T15:02:42.901866,KXBTCD-25MAY2219-T110999.99,DELTA,44,14,48,350,890,yes,41,100
2025-05-22T15:02:42.940878,KXBTCD-25MAY2219-T110999.99,DELTA,44,14,48,350,891,yes,12,2000
2025-05-22T15:02:42.941171,KXBTCD-25MAY2219-T110999.99,DELTA,44,1014,48,350,892,yes,44,1000
2025-05-22T15:02:43.201491,KXBTCD-25MAY2219-T110999.99,DELTA,44,1014,48,350,893,yes,11,-2945
2025-05-22T15:02:43.201767,KXBTCD-25MAY2219-T110999.99,DELTA,44,1014,48,350,894,yes,12,2700
2025-05-22T15:02:43.241765,KXBTCD-25MAY2219-T110999.99,DELTA,44,1014,48,350,895,no,12,-2700
2025-05-22T15:02:43.242070,KXBTCD-25MAY2219-T110999.99,DELTA,44,1014,48,350,896,no,6,5400
2025-05-22T15:02:43.260359,KXBTCD-25MAY2219-T110999.99,DELTA,44,1014,48,350,897,yes,12,-2000
2025-05-22T15:02:43.301475,KXBTCD-25MAY2219-T110999.99,DELTA,44,1014,48,350,898,no,5,-20000
2025-05-22T15:02:43.322550,KXBTCD-25MAY2219-T110999.99,DELTA,44,1014,48,350,899,yes,13,2000
2025-05-22T15:02:43.323305,KXBTCD-25MAY2219-T110999.99,DELTA,44,1014,48,350,900,no,32,9
2025-05-22T15:02:43.342108,KXBTCD-25MAY2219-T110999.99,DELTA,44,1014,48,350,901,no,7,20000
2025-05-22T15:02:43.963702,KXBTCD-25MAY2219-T110999.99,DELTA,44,1014,48,250,902,no,52,-100
2025-05-22T15:02:44.241814,KXBTCD-25MAY2219-T110999.99,DELTA,44,1014,48,250,903,yes,41,-100
2025-05-22T15:02:45.320766,KXBTCD-25MAY2219-T110999.99,DELTA,44,1014,48,250,904,yes,12,-2700
2025-05-22T15:02:45.320992,KXBTCD-25MAY2219-T110999.99,DELTA,44,1014,48,250,905,yes,11,2945
2025-05-22T15:02:45.361865,KXBTCD-25MAY2219-T110999.99,DELTA,44,1014,48,250,906,no,6,-5400
2025-05-22T15:02:45.362089,KXBTCD-25MAY2219-T110999.99,DELTA,44,1014,48,250,907,no,8,4050
2025-05-22T15:02:45.401658,KXBTCD-25MAY2219-T110999.99,DELTA,44,1014,48,250,908,yes,13,-2000
2025-05-22T15:02:45.421666,KXBTCD-25MAY2219-T110999.99,DELTA,44,1014,48,250,909,no,7,-20000
2025-05-22T15:02:45.441196,KXBTCD-25MAY2219-T110999.99,DELTA,44,1014,48,250,910,yes,12,2000
2025-05-22T15:02:45.461769,KXBTCD-25MAY2219-T110999.99,DELTA,44,1014,48,250,911,no,9,20000
2025-05-22T15:02:45.841745,KXBTCD-25MAY2219-T110999.99,DELTA,44,1014,48,250,912,yes,41,100
2025-05-22T15:02:45.861802,KXBTCD-25MAY2219-T110999.99,DELTA,44,1014,48,250,913,no,50,100
2025-05-22T15:02:45.963479,KXBTCD-25MAY2219-T110999.99,DELTA,44,1014,48,250,914,yes,10,-200
2025-05-22T15:02:45.963861,KXBTCD-25MAY2219-T110999.99,DELTA,44,1014,48,250,915,yes,20,200
2025-05-22T15:02:46.022966,KXBTCD-25MAY2219-T110999.99,DELTA,44,1014,48,250,916,yes,43,-50
2025-05-22T15:02:46.023207,KXBTCD-25MAY2219-T110999.99,DELTA,44,1014,48,250,917,yes,12,-2000
2025-05-22T15:02:46.023326,KXBTCD-25MAY2219-T110999.99,DELTA,44,1014,50,118,918,no,52,-250
2025-05-22T15:02:46.061992,KXBTCD-25MAY2219-T110999.99,DELTA,44,1014,50,118,919,yes,21,2000
2025-05-22T15:02:46.081991,KXBTCD-25MAY2219-T110999.99,DELTA,44,1014,50,118,920,yes,41,30
2025-05-22T15:02:46.082449,KXBTCD-25MAY2219-T110999.99,DELTA,44,1014,50,118,921,yes,40,-30
2025-05-22T15:02:46.082773,KXBTCD-25MAY2219-T110999.99,DELTA,44,1014,50,118,922,no,48,30
2025-05-22T15:02:46.083067,KXBTCD-25MAY2219-T110999.99,DELTA,44,1014,50,118,923,no,49,-30
2025-05-22T15:02:46.122656,KXBTCD-25MAY2219-T110999.99,DELTA,44,1014,50,118,924,yes,43,250
2025-05-22T15:02:46.123320,KXBTCD-25MAY2219-T110999.99,DELTA,44,1014,49,200,925,no,51,200
2025-05-22T15:02:46.163191,KXBTCD-25MAY2219-T110999.99,DELTA,44,14,49,200,926,yes,44,-1000
2025-05-22T15:02:46.205579,KXBTCD-25MAY2219-T110999.99,DELTA,44,14,49,200,927,yes,21,-2000
2025-05-22T15:02:46.206580,KXBTCD-25MAY2219-T110999.99,DELTA,44,1014,49,200,928,yes,44,1000
2025-05-22T15:02:46.242163,KXBTCD-25MAY2219-T110999.99,DELTA,44,1014,49,200,929,yes,41,-100
2025-05-22T15:02:46.242676,KXBTCD-25MAY2219-T110999.99,DELTA,44,3014,49,200,930,yes,44,2000
2025-05-22T15:02:46.381743,KXBTCD-25MAY2219-T110999.99,DELTA,44,3014,49,200,931,yes,11,-2945
2025-05-22T15:02:46.382296,KXBTCD-25MAY2219-T110999.99,DELTA,44,3014,49,200,932,yes,4,8100
2025-05-22T15:02:46.421934,KXBTCD-25MAY2219-T110999.99,DELTA,44,3014,49,200,933,no,8,-4050
2025-05-22T15:02:46.422489,KXBTCD-25MAY2219-T110999.99,DELTA,44,3014,49,200,934,no,10,3240
2025-05-22T15:02:46.441578,KXBTCD-25MAY2219-T110999.99,DELTA,44,3014,49,200,935,yes,5,20000
2025-05-22T15:02:46.481549,KXBTCD-25MAY2219-T110999.99,DELTA,44,3014,49,200,936,no,9,-20000
2025-05-22T15:02:46.521904,KXBTCD-25MAY2219-T110999.99,DELTA,44,3014,49,200,937,no,11,20000
2025-05-22T15:02:46.561455,KXBTCD-25MAY2219-T110999.99,DELTA,44,3014,49,200,938,yes,43,1250
2025-05-22T15:02:47.181534,KXBTCD-25MAY2219-T110999.99,DELTA,44,3014,50,118,939,no,51,-200
2025-05-22T15:02:47.262061,KXBTCD-25MAY2219-T110999.99,DELTA,44,3014,50,318,940,no,50,200
2025-05-22T15:02:47.473193,KXBTCD-25MAY2219-T110999.99,DELTA,44,3014,50,318,941,yes,43,-1250
2025-05-22T15:02:47.501026,KXBTCD-25MAY2219-T110999.99,DELTA,44,4264,50,318,942,yes,44,1250
2025-05-22T15:02:47.501508,KXBTCD-25MAY2219-T110999.99,DELTA,44,4264,50,318,943,yes,4,-8100
2025-05-22T15:02:47.501722,KXBTCD-25MAY2219-T110999.99,DELTA,44,4264,50,318,944,yes,6,5400
2025-05-22T15:02:47.561929,KXBTCD-25MAY2219-T110999.99,DELTA,44,4264,50,318,945,no,10,-3240
2025-05-22T15:02:47.562538,KXBTCD-25MAY2219-T110999.99,DELTA,44,4264,50,318,946,no,12,2700
2025-05-22T15:02:47.562969,KXBTCD-25MAY2219-T110999.99,DELTA,44,4264,50,318,947,yes,5,-20000
2025-05-22T15:02:47.623923,KXBTCD-25MAY2219-T110999.99,DELTA,44,4264,50,318,948,no,11,-20000
2025-05-22T15:02:47.661884,KXBTCD-25MAY2219-T110999.99,DELTA,45,14,50,318,949,yes,45,14
2025-05-22T15:02:47.662258,KXBTCD-25MAY2219-T110999.99,DELTA,45,14,50,318,950,no,45,14
2025-05-22T15:02:47.662470,KXBTCD-25MAY2219-T110999.99,DELTA,45,14,50,318,951,no,5,20000
2025-05-22T15:02:47.681415,KXBTCD-25MAY2219-T110999.99,DELTA,45,14,50,318,952,yes,7,20000
2025-05-22T15:02:47.681962,KXBTCD-25MAY2219-T110999.99,DELTA,45,14,50,318,953,yes,44,-14
2025-05-22T15:02:47.682385,KXBTCD-25MAY2219-T110999.99,DELTA,45,14,50,318,954,no,46,-14
2025-05-22T15:02:47.701211,KXBTCD-25MAY2219-T110999.99,DELTA,45,14,50,318,955,yes,43,-250
2025-05-22T15:02:47.722366,KXBTCD-25MAY2219-T110999.99,DELTA,45,64,50,318,956,yes,45,50
2025-05-22T15:02:47.761300,KXBTCD-25MAY2219-T110999.99,DELTA,45,64,50,318,957,yes,44,-2000
2025-05-22T15:02:47.783495,KXBTCD-25MAY2219-T110999.99,DELTA,45,64,50,318,958,yes,44,-1000
2025-05-22T15:02:47.784248,KXBTCD-25MAY2219-T110999.99,DELTA,45,64,50,318,959,yes,44,-1250
2025-05-22T15:02:47.784857,KXBTCD-25MAY2219-T110999.99,DELTA,45,14,50,318,960,yes,45,-50
2025-05-22T15:02:47.822062,KXBTCD-25MAY2219-T110999.99,DELTA,45,14,50,318,961,yes,44,250
2025-05-22T15:02:47.822761,KXBTCD-25MAY2219-T110999.99,DELTA,46,1000,50,318,962,yes,46,1000
2025-05-22T15:02:47.823923,KXBTCD-25MAY2219-T110999.99,DELTA,46,1000,50,318,963,yes,21,2000
2025-05-22T15:02:47.862623,KXBTCD-25MAY2219-T110999.99,DELTA,45,14,50,318,964,yes,46,-1000
2025-05-22T15:02:47.901469,KXBTCD-25MAY2219-T110999.99,DELTA,45,14,50,318,965,yes,44,1250
2025-05-22T15:02:47.901687,KXBTCD-25MAY2219-T110999.99,DELTA,45,1014,50,318,966,yes,45,1000
2025-05-22T15:02:47.941860,KXBTCD-25MAY2219-T110999.99,DELTA,45,1014,50,318,967,yes,21,-2000
2025-05-22T15:02:48.001035,KXBTCD-25MAY2219-T110999.99,DELTA,45,3014,50,318,968,yes,45,2000
2025-05-22T15:02:48.361554,KXBTCD-25MAY2219-T110999.99,DELTA,45,3014,50,318,969,yes,43,100
2025-05-22T15:02:48.542208,KXBTCD-25MAY2219-T110999.99,DELTA,45,3014,50,318,970,yes,6,-5400
2025-05-22T15:02:48.542858,KXBTCD-25MAY2219-T110999.99,DELTA,45,3014,50,318,971,yes,8,4050
2025-05-22T15:02:48.581465,KXBTCD-25MAY2219-T110999.99,DELTA,45,3014,50,318,972,no,12,-2700
2025-05-22T15:02:48.581835,KXBTCD-25MAY2219-T110999.99,DELTA,45,3014,50,318,973,no,6,5400
2025-05-22T15:02:48.602133,KXBTCD-25MAY2219-T110999.99,DELTA,45,3014,50,318,974,yes,7,-20000
2025-05-22T15:02:48.642340,KXBTCD-25MAY2219-T110999.99,DELTA,45,3014,50,318,975,yes,9,20000
2025-05-22T15:02:48.642619,KXBTCD-25MAY2219-T110999.99,DELTA,45,3014,50,318,976,no,5,-20000
2025-05-22T15:02:48.701290,KXBTCD-25MAY2219-T110999.99,DELTA,45,3014,50,318,977,no,7,20000
2025-05-22T15:02:48.722136,KXBTCD-25MAY2219-T110999.99,DELTA,45,3014,50,318,978,yes,44,-1250
2025-05-22T15:02:49.260721,KXBTCD-25MAY2219-T110999.99,DELTA,45,3014,50,318,979,yes,44,1250
2025-05-22T15:02:49.581588,KXBTCD-25MAY2219-T110999.99,DELTA,45,3014,50,318,980,yes,8,-4050
2025-05-22T15:02:49.581885,KXBTCD-25MAY2219-T110999.99,DELTA,45,3014,50,318,981,yes,10,3240
2025-05-22T15:02:49.621901,KXBTCD-25MAY2219-T110999.99,DELTA,45,3014,50,318,982,no,6,-5400
2025-05-22T15:02:49.622600,KXBTCD-25MAY2219-T110999.99,DELTA,45,3014,50,318,983,no,8,4050
2025-05-22T15:02:49.641997,KXBTCD-25MAY2219-T110999.99,DELTA,45,3014,50,318,984,yes,9,-20000
2025-05-22T15:02:49.682554,KXBTCD-25MAY2219-T110999.99,DELTA,45,3014,50,318,985,yes,11,20000
2025-05-22T15:02:49.682866,KXBTCD-25MAY2219-T110999.99,DELTA,45,3014,50,318,986,no,7,-20000
2025-05-22T15:02:49.721459,KXBTCD-25MAY2219-T110999.99,DELTA,45,3014,50,318,987,no,9,20000
2025-05-22T15:02:50.322005,KXBTCD-25MAY2219-T110999.99,DELTA,45,3014,50,218,988,no,50,-100
2025-05-22T15:02:50.322366,KXBTCD-25MAY2219-T110999.99,DELTA,45,3014,50,218,989,yes,43,-100
2025-05-22T15:02:52.361666,KXBTCD-25MAY2219-T110999.99,DELTA,45,3014,50,218,990,no,48,100
2025-05-22T15:02:52.362204,KXBTCD-25MAY2219-T110999.99,DELTA,45,3014,50,218,991,yes,44,100
2025-05-22T15:02:52.834251,KXBTCD-25MAY2219-T110999.99,DELTA,45,3014,50,218,992,yes,44,-1250
2025-05-22T15:02:52.835232,KXBTCD-25MAY2219-T110999.99,DELTA,45,3014,50,218,993,yes,1,8000
2025-05-22T15:02:52.835521,KXBTCD-25MAY2219-T110999.99,DELTA,45,3014,50,218,994,no,29,-3000
2025-05-22T15:02:52.837279,KXBTCD-25MAY2219-T110999.99,DELTA,45,4264,50,218,995,yes,45,1250
2025-05-22T15:02:52.842389,KXBTCD-25MAY2219-T110999.99,DELTA,45,4264,50,218,996,no,21,3000
2025-05-22T15:02:52.842961,KXBTCD-25MAY2219-T110999.99,DELTA,45,4264,50,218,997,yes,44,-250
2025-05-22T15:02:52.861466,KXBTCD-25MAY2219-T110999.99,DELTA,45,4264,50,18,998,no,50,-200
2025-05-22T15:02:52.901644,KXBTCD-25MAY2219-T110999.99,DELTA,45,2264,50,18,999,yes,45,-2000
2025-05-22T15:02:52.921436,KXBTCD-25MAY2219-T110999.99,DELTA,45,1014,50,18,1000,yes,45,-1250
2025-05-22T15:02:52.944496,KXBTCD-25MAY2219-T110999.99,DELTA,45,1014,50,18,1001,yes,43,30
2025-05-22T15:02:52.944854,KXBTCD-25MAY2219-T110999.99,DELTA,45,1014,50,18,1002,yes,41,-30
2025-05-22T15:02:52.945200,KXBTCD-25MAY2219-T110999.99,DELTA,45,1000,50,18,1003,yes,45,-14
2025-05-22T15:02:52.945411,KXBTCD-25MAY2219-T110999.99,DELTA,47,14,50,18,1004,yes,47,14
2025-05-22T15:02:52.945600,KXBTCD-25MAY2219-T110999.99,DELTA,47,14,50,18,1005,no,45,-14
2025-05-22T15:02:52.945756,KXBTCD-25MAY2219-T110999.99,DELTA,47,14,50,18,1006,no,46,30
2025-05-22T15:02:52.945970,KXBTCD-25MAY2219-T110999.99,DELTA,47,14,50,18,1007,no,43,14
2025-05-22T15:02:52.946185,KXBTCD-25MAY2219-T110999.99,DELTA,47,14,50,18,1008,no,48,-30
2025-05-22T15:02:52.946366,KXBTCD-25MAY2219-T110999.99,DELTA,47,14,50,18,1009,yes,46,150
2025-05-22T15:02:52.961581,KXBTCD-25MAY2219-T110999.99,DELTA,47,14,50,18,1010,no,49,50
2025-05-22T15:02:52.962046,KXBTCD-25MAY2219-T110999.99,DELTA,47,14,50,18,1011,yes,21,2000
2025-05-22T15:02:53.022464,KXBTCD-25MAY2219-T110999.99,DELTA,47,14,50,18,1012,yes,21,-2000
2025-05-22T15:02:53.041638,KXBTCD-25MAY2219-T110999.99,DELTA,47,14,50,18,1013,yes,45,-1000
2025-05-22T15:02:53.062185,KXBTCD-25MAY2219-T110999.99,DELTA,47,14,50,18,1014,no,49,-50
2025-05-22T15:02:53.081752,KXBTCD-25MAY2219-T110999.99,DELTA,47,1014,50,18,1015,yes,47,1000
2025-05-22T15:02:53.082103,KXBTCD-25MAY2219-T110999.99,DELTA,47,3014,50,18,1016,yes,47,2000
2025-05-22T15:02:53.121693,KXBTCD-25MAY2219-T110999.99,DELTA,47,3014,50,18,1017,no,48,50
2025-05-22T15:02:53.201932,KXBTCD-25MAY2219-T110999.99,DELTA,47,3014,50,18,1018,no,48,-50
2025-05-22T15:02:53.241816,KXBTCD-25MAY2219-T110999.99,DELTA,47,3014,50,18,1019,yes,10,-3240
2025-05-22T15:02:53.242571,KXBTCD-25MAY2219-T110999.99,DELTA,47,3014,50,18,1020,yes,12,2700
2025-05-22T15:02:53.242813,KXBTCD-25MAY2219-T110999.99,DELTA,47,3014,50,18,1021,no,47,250
2025-05-22T15:02:53.281771,KXBTCD-25MAY2219-T110999.99,DELTA,47,3014,50,18,1022,no,8,-4050
2025-05-22T15:02:53.282387,KXBTCD-25MAY2219-T110999.99,DELTA,47,3014,50,18,1023,no,10,3240
2025-05-22T15:02:53.302130,KXBTCD-25MAY2219-T110999.99,DELTA,47,3014,50,18,1024,yes,11,-20000
2025-05-22T15:02:53.342396,KXBTCD-25MAY2219-T110999.99,DELTA,47,3014,50,18,1025,no,9,-20000
2025-05-22T15:02:53.442382,KXBTCD-25MAY2219-T110999.99,DELTA,47,3014,50,18,1026,no,11,20000
2025-05-22T15:02:53.781524,KXBTCD-25MAY2219-T110999.99,DELTA,47,3014,50,18,1027,yes,44,-100
2025-05-22T15:02:54.103221,KXBTCD-25MAY2219-T110999.99,DELTA,47,3014,50,18,1028,no,48,-100
2025-05-22T15:02:54.861144,KXBTCD-25MAY2219-T110999.99,DELTA,47,3014,50,18,1029,yes,46,-150
2025-05-22T15:02:54.961731,KXBTCD-25MAY2219-T110999.99,DELTA,48,100,50,18,1030,yes,48,100
2025-05-22T15:02:54.962276,KXBTCD-25MAY2219-T110999.99,DELTA,48,100,50,18,1031,yes,47,-2000
2025-05-22T15:02:54.964758,KXBTCD-25MAY2219-T110999.99,DELTA,48,100,50,18,1032,yes,47,-1000
2025-05-22T15:02:55.022482,KXBTCD-25MAY2219-T110999.99,DELTA,48,100,50,18,1033,yes,44,1000
2025-05-22T15:02:55.022884,KXBTCD-25MAY2219-T110999.99,DELTA,48,100,50,18,1034,yes,21,2000
2025-05-22T15:02:55.082490,KXBTCD-25MAY2219-T110999.99,DELTA,48,100,50,18,1035,yes,44,-1000
2025-05-22T15:02:55.122462,KXBTCD-25MAY2219-T110999.99,DELTA,49,1000,50,18,1036,yes,49,1000
2025-05-22T15:02:55.281543,KXBTCD-25MAY2219-T110999.99,DELTA,49,1000,50,18,1037,yes,12,-2700
2025-05-22T15:02:55.282763,KXBTCD-25MAY2219-T110999.99,DELTA,49,1000,50,18,1038,yes,4,8100
2025-05-22T15:02:55.342639,KXBTCD-25MAY2219-T110999.99,DELTA,49,1000,50,18,1039,no,10,-3240
2025-05-22T15:02:55.343438,KXBTCD-25MAY2219-T110999.99,DELTA,49,1000,50,18,1040,no,12,2700
2025-05-22T15:02:55.344102,KXBTCD-25MAY2219-T110999.99,DELTA,49,1000,50,18,1041,yes,5,20000
2025-05-22T15:02:55.461203,KXBTCD-25MAY2219-T110999.99,DELTA,49,1000,50,18,1042,no,11,-20000
2025-05-22T15:02:55.501839,KXBTCD-25MAY2219-T110999.99,DELTA,49,1000,50,18,1043,no,5,20000
2025-05-22T15:02:55.562501,KXBTCD-25MAY2219-T110999.99,DELTA,49,1000,50,18,1044,yes,46,100
2025-05-22T15:02:55.562984,KXBTCD-25MAY2219-T110999.99,DELTA,49,1000,50,18,1045,no,46,100
2025-05-22T15:02:56.421725,KXBTCD-25MAY2219-T110999.99,DELTA,49,1000,50,18,1046,yes,4,-8100
2025-05-22T15:02:56.421994,KXBTCD-25MAY2219-T110999.99,DELTA,49,1000,50,18,1047,yes,6,5400
2025-05-22T15:02:56.481434,KXBTCD-25MAY2219-T110999.99,DELTA,49,1000,50,18,1048,no,12,-2700
2025-05-22T15:02:56.481735,KXBTCD-25MAY2219-T110999.99,DELTA,49,1000,50,18,1049,no,6,5400
2025-05-22T15:02:56.482133,KXBTCD-25MAY2219-T110999.99,DELTA,49,1000,50,18,1050,yes,5,-20000
2025-05-22T15:02:56.541689,KXBTCD-25MAY2219-T110999.99,DELTA,49,1000,50,18,1051,yes,7,20000
2025-05-22T15:02:56.541992,KXBTCD-25MAY2219-T110999.99,DELTA,49,1000,50,18,1052,no,5,-20000
2025-05-22T15:02:56.601741,KXBTCD-25MAY2219-T110999.99,DELTA,49,1000,50,18,1053,no,7,20000
2025-05-22T15:02:57.262496,KXBTCD-25MAY2219-T110999.99,DELTA,49,1000,50,18,1054,no,47,-250
2025-05-22T15:02:57.301819,KXBTCD-25MAY2219-T110999.99,DELTA,49,1000,50,18,1055,yes,48,-100
2025-05-22T15:02:57.321924,KXBTCD-25MAY2219-T110999.99,DELTA,49,1000,50,18,1056,yes,48,250
2025-05-22T15:02:57.322180,KXBTCD-25MAY2219-T110999.99,DELTA,49,1000,50,18,1057,no,46,200
2025-05-22T15:02:57.402636,KXBTCD-25MAY2219-T110999.99,DELTA,48,250,50,18,1058,yes,49,-1000
2025-05-22T15:02:57.502103,KXBTCD-25MAY2219-T110999.99,DELTA,49,1000,50,18,1059,yes,49,1000
2025-05-22T15:02:57.502439,KXBTCD-25MAY2219-T110999.99,DELTA,49,1000,50,18,1060,yes,21,-2000
2025-05-22T15:02:57.522370,KXBTCD-25MAY2219-T110999.99,DELTA,49,1000,50,18,1061,yes,6,-5400
2025-05-22T15:02:57.522615,KXBTCD-25MAY2219-T110999.99,DELTA,49,1000,50,18,1062,yes,8,4050
2025-05-22T15:02:57.561582,KXBTCD-25MAY2219-T110999.99,DELTA,49,3000,50,18,1063,yes,49,2000
2025-05-22T15:02:57.585531,KXBTCD-25MAY2219-T110999.99,DELTA,49,3000,50,18,1064,no,6,-5400
2025-05-22T15:02:57.585732,KXBTCD-25MAY2219-T110999.99,DELTA,49,3000,50,18,1065,no,8,4050
2025-05-22T15:02:57.601340,KXBTCD-25MAY2219-T110999.99,DELTA,49,3000,50,18,1066,yes,48,1250
2025-05-22T15:02:57.640878,KXBTCD-25MAY2219-T110999.99,DELTA,49,3000,50,18,1067,yes,7,-20000
2025-05-22T15:02:57.661058,KXBTCD-25MAY2219-T110999.99,DELTA,49,3000,50,18,1068,no,7,-20000
2025-05-22T15:02:57.702162,KXBTCD-25MAY2219-T110999.99,DELTA,49,3000,50,18,1069,yes,9,20000
2025-05-22T15:02:57.702439,KXBTCD-25MAY2219-T110999.99,DELTA,49,3000,50,18,1070,no,9,20000
2025-05-22T15:02:57.961234,KXBTCD-25MAY2219-T110999.99,DELTA,49,3000,50,18,1071,yes,46,-100
2025-05-22T15:02:58.541370,KXBTCD-25MAY2219-T110999.99,DELTA,49,3000,50,18,1072,yes,8,-4050
2025-05-22T15:02:58.541677,KXBTCD-25MAY2219-T110999.99,DELTA,49,3000,50,18,1073,yes,10,3240
2025-05-22T15:02:58.601944,KXBTCD-25MAY2219-T110999.99,DELTA,49,3000,50,18,1074,no,8,-4050
2025-05-22T15:02:58.602169,KXBTCD-25MAY2219-T110999.99,DELTA,49,3000,50,18,1075,no,10,3240
2025-05-22T15:02:58.621979,KXBTCD-25MAY2219-T110999.99,DELTA,49,3000,50,18,1076,yes,9,-20000
2025-05-22T15:02:58.661757,KXBTCD-25MAY2219-T110999.99,DELTA,49,3000,50,18,1077,yes,11,20000
2025-05-22T15:02:58.661980,KXBTCD-25MAY2219-T110999.99,DELTA,49,3000,50,18,1078,no,9,-20000
2025-05-22T15:02:58.701487,KXBTCD-25MAY2219-T110999.99,DELTA,49,3000,50,18,1079,no,11,20000
2025-05-22T15:02:59.922716,KXBTCD-25MAY2219-T110999.99,DELTA,49,3000,50,18,1080,yes,46,100
2025-05-22T15:03:00.965166,KXBTCD-25MAY2219-T110999.99,DELTA,49,3000,50,18,1081,yes,46,-100
2025-05-22T15:03:02.442614,KXBTCD-25MAY2219-T110999.99,DELTA,49,3000,50,18,1082,yes,47,100
2025-05-22T15:03:03.124005,KXBTCD-25MAY2219-T110999.99,DELTA,49,3000,54,330,1083,no,50,-18
2025-05-22T15:03:03.124871,KXBTCD-25MAY2219-T110999.99,DELTA,49,3000,54,330,1084,no,40,18
2025-05-22T15:03:03.143655,KXBTCD-25MAY2219-T110999.99,DELTA,49,3000,54,330,1085,yes,10,-3240
2025-05-22T15:03:03.144342,KXBTCD-25MAY2219-T110999.99,DELTA,49,3000,54,330,1086,yes,12,2700
2025-05-22T15:03:03.204611,KXBTCD-25MAY2219-T110999.99,DELTA,49,3000,54,330,1087,no,10,-3240
2025-05-22T15:03:03.205513,KXBTCD-25MAY2219-T110999.99,DELTA,49,3000,54,330,1088,no,12,2700
2025-05-22T15:03:03.206262,KXBTCD-25MAY2219-T110999.99,DELTA,49,3000,54,330,1089,yes,11,-20000
