timestamp,market_ticker,type,yes_bid_price_cents,yes_bid_qty,yes_ask_price_cents,yes_ask_qty_on_no_side,sequence_num,delta_side,delta_price_cents,delta_quantity
2025-05-22T20:02:00.099532,KXBTCD-25MAY2300-T111749.99,SNAPSHOT,7,14,16,1014,1,,,
2025-05-22T20:02:01.192651,KXBTCD-25MAY2300-T111749.99,DELTA,7,14,16,1014,2,no,81,100
2025-05-22T20:02:01.193367,KXBTCD-25MAY2300-T111749.99,DELTA,11,100,16,1014,3,yes,11,100
2025-05-22T20:02:01.311922,KXBTCD-25MAY2300-T111749.99,DELTA,11,100,16,1014,4,yes,7,9
2025-05-22T20:02:02.452873,KXBTCD-25MAY2300-T111749.99,DELTA,7,23,16,1014,5,yes,11,-100
2025-05-22T20:02:02.472204,KXBTCD-25MAY2300-T111749.99,DELTA,7,23,16,1014,6,no,81,-100
2025-05-22T20:02:02.492002,KXBTCD-25MAY2300-T111749.99,DELTA,7,23,16,1014,7,no,12,-2700
2025-05-22T20:02:02.492516,KXBTCD-25MAY2300-T111749.99,DELTA,7,23,16,1014,8,no,4,8100
2025-05-22T20:02:02.571870,KXBTCD-25MAY2300-T111749.99,DELTA,7,14,16,1014,9,yes,7,-9
2025-05-22T20:02:02.592679,KXBTCD-25MAY2300-T111749.99,DELTA,7,14,16,1014,10,no,5,20000
2025-05-22T20:02:03.372414,KXBTCD-25MAY2300-T111749.99,DELTA,7,14,16,1014,11,yes,6,-1000
2025-05-22T20:02:03.453279,KXBTCD-25MAY2300-T111749.99,DELTA,7,1014,16,1014,12,yes,7,1000
2025-05-22T20:02:03.492622,KXBTCD-25MAY2300-T111749.99,DELTA,7,1014,16,1014,13,no,76,-3000
2025-05-22T20:02:03.493605,KXBTCD-25MAY2300-T111749.99,DELTA,7,1014,16,1014,14,no,51,-8000
2025-05-22T20:02:03.572627,KXBTCD-25MAY2300-T111749.99,DELTA,7,1014,16,1014,15,no,75,3000
2025-05-22T20:02:03.591482,KXBTCD-25MAY2300-T111749.99,DELTA,7,1014,16,1014,16,no,50,8000
2025-05-22T20:02:04.112870,KXBTCD-25MAY2300-T111749.99,DELTA,8,30,16,1014,17,yes,8,30
2025-05-22T20:02:04.113557,KXBTCD-25MAY2300-T111749.99,DELTA,8,30,16,1014,18,yes,7,-14
2025-05-22T20:02:04.114082,KXBTCD-25MAY2300-T111749.99,DELTA,9,14,16,1014,19,yes,9,14
2025-05-22T20:02:04.114564,KXBTCD-25MAY2300-T111749.99,DELTA,9,14,16,1014,20,no,81,30
2025-05-22T20:02:04.114954,KXBTCD-25MAY2300-T111749.99,DELTA,9,14,16,1000,21,no,84,-14
2025-05-22T20:02:04.132605,KXBTCD-25MAY2300-T111749.99,DELTA,9,14,16,1000,22,yes,6,-30
2025-05-22T20:02:04.133047,KXBTCD-25MAY2300-T111749.99,DELTA,9,14,16,1000,23,no,82,14
2025-05-22T20:02:04.133215,KXBTCD-25MAY2300-T111749.99,DELTA,9,14,16,1000,24,no,83,-30
2025-05-22T20:02:04.212279,KXBTCD-25MAY2300-T111749.99,DELTA,9,14,16,1000,25,yes,7,-1000
2025-05-22T20:02:04.231775,KXBTCD-25MAY2300-T111749.99,DELTA,9,14,18,14,26,no,84,-1000
2025-05-22T20:02:04.312703,KXBTCD-25MAY2300-T111749.99,DELTA,9,14,18,1014,27,no,82,1000
2025-05-22T20:02:05.272002,KXBTCD-25MAY2300-T111749.99,DELTA,9,14,18,1014,28,no,4,-8100
2025-05-22T20:02:05.272796,KXBTCD-25MAY2300-T111749.99,DELTA,9,14,18,1014,29,no,6,5400
2025-05-22T20:02:05.371710,KXBTCD-25MAY2300-T111749.99,DELTA,9,14,18,1014,30,no,5,-20000
2025-05-22T20:02:05.372364,KXBTCD-25MAY2300-T111749.99,DELTA,9,14,18,1014,31,yes,4,9
2025-05-22T20:02:05.431681,KXBTCD-25MAY2300-T111749.99,DELTA,9,14,18,1014,32,no,7,20000
2025-05-22T20:02:06.491358,KXBTCD-25MAY2300-T111749.99,DELTA,9,14,18,1014,33,no,6,-5400
2025-05-22T20:02:06.491900,KXBTCD-25MAY2300-T111749.99,DELTA,9,14,18,1014,34,no,8,4050
2025-05-22T20:02:06.572142,KXBTCD-25MAY2300-T111749.99,DELTA,9,14,18,1014,35,no,7,-20000
2025-05-22T20:02:06.652430,KXBTCD-25MAY2300-T111749.99,DELTA,9,14,18,1014,36,no,9,20000
2025-05-22T20:02:06.851380,KXBTCD-25MAY2300-T111749.99,DELTA,12,100,18,1014,37,yes,12,100
2025-05-22T20:02:06.851827,KXBTCD-25MAY2300-T111749.99,DELTA,12,100,18,1014,38,no,80,100
2025-05-22T20:02:07.711799,KXBTCD-25MAY2300-T111749.99,DELTA,12,100,18,1014,39,no,8,-4050
2025-05-22T20:02:07.712369,KXBTCD-25MAY2300-T111749.99,DELTA,12,100,18,1014,40,no,10,3240
2025-05-22T20:02:07.753015,KXBTCD-25MAY2300-T111749.99,DELTA,12,100,18,1014,41,no,80,-100
2025-05-22T20:02:07.753725,KXBTCD-25MAY2300-T111749.99,DELTA,9,14,18,1014,42,yes,12,-100
2025-05-22T20:02:07.792847,KXBTCD-25MAY2300-T111749.99,DELTA,9,14,18,1014,43,no,9,-20000
2025-05-22T20:02:07.871955,KXBTCD-25MAY2300-T111749.99,DELTA,9,14,18,1014,44,no,11,20000
2025-05-22T20:02:08.893074,KXBTCD-25MAY2300-T111749.99,DELTA,9,14,18,1014,45,no,10,-3240
2025-05-22T20:02:08.893466,KXBTCD-25MAY2300-T111749.99,DELTA,9,14,18,1014,46,no,12,2700
2025-05-22T20:02:08.974122,KXBTCD-25MAY2300-T111749.99,DELTA,9,14,18,1014,47,no,11,-20000
2025-05-22T20:02:10.071285,KXBTCD-25MAY2300-T111749.99,DELTA,9,14,18,1014,48,no,12,-2700
2025-05-22T20:02:10.071620,KXBTCD-25MAY2300-T111749.99,DELTA,9,14,18,1014,49,no,4,8100
2025-05-22T20:02:10.153479,KXBTCD-25MAY2300-T111749.99,DELTA,9,14,18,1014,50,no,5,20000
2025-05-22T20:02:12.558327,KXBTCD-25MAY2300-T111749.99,DELTA,12,100,18,1014,51,yes,12,100
2025-05-22T20:02:12.558899,KXBTCD-25MAY2300-T111749.99,DELTA,12,100,18,1014,52,no,80,100
2025-05-22T20:02:13.693313,KXBTCD-25MAY2300-T111749.99,DELTA,12,100,18,1014,53,no,80,-100
2025-05-22T20:02:13.714075,KXBTCD-25MAY2300-T111749.99,DELTA,9,14,18,1014,54,yes,12,-100
2025-05-22T20:02:14.452650,KXBTCD-25MAY2300-T111749.99,DELTA,9,14,18,1014,55,no,4,-8100
2025-05-22T20:02:14.453736,KXBTCD-25MAY2300-T111749.99,DELTA,9,14,18,1014,56,no,6,5400
2025-05-22T20:02:14.532722,KXBTCD-25MAY2300-T111749.99,DELTA,9,14,18,1014,57,no,5,-20000
2025-05-22T20:02:14.613077,KXBTCD-25MAY2300-T111749.99,DELTA,9,14,18,1014,58,no,7,20000
2025-05-22T20:02:15.613481,KXBTCD-25MAY2300-T111749.99,DELTA,9,14,18,1014,59,yes,8,1000
2025-05-22T20:02:15.752736,KXBTCD-25MAY2300-T111749.99,DELTA,9,14,18,1014,60,yes,4,-9
2025-05-22T20:02:15.833815,KXBTCD-25MAY2300-T111749.99,DELTA,9,14,18,1014,61,no,75,-3000
2025-05-22T20:02:15.834768,KXBTCD-25MAY2300-T111749.99,DELTA,9,14,18,1014,62,no,50,-8000
2025-05-22T20:02:15.912631,KXBTCD-25MAY2300-T111749.99,DELTA,9,14,18,1014,63,no,74,3000
2025-05-22T20:02:15.913550,KXBTCD-25MAY2300-T111749.99,DELTA,9,14,18,1014,64,no,49,8000
2025-05-22T20:02:17.132774,KXBTCD-25MAY2300-T111749.99,DELTA,9,14,18,1014,65,no,6,-5400
2025-05-22T20:02:17.133546,KXBTCD-25MAY2300-T111749.99,DELTA,9,14,18,1014,66,no,8,4050
2025-05-22T20:02:17.212494,KXBTCD-25MAY2300-T111749.99,DELTA,9,14,18,1014,67,no,7,-20000
2025-05-22T20:02:17.292421,KXBTCD-25MAY2300-T111749.99,DELTA,9,14,18,1014,68,no,9,20000
2025-05-22T20:02:18.453553,KXBTCD-25MAY2300-T111749.99,DELTA,9,14,18,1014,69,no,8,-4050
2025-05-22T20:02:18.454452,KXBTCD-25MAY2300-T111749.99,DELTA,9,14,18,1014,70,no,10,3240
2025-05-22T20:02:18.553570,KXBTCD-25MAY2300-T111749.99,DELTA,9,14,18,1014,71,no,9,-20000
2025-05-22T20:02:18.612926,KXBTCD-25MAY2300-T111749.99,DELTA,9,14,18,1014,72,no,11,20000
2025-05-22T20:02:19.393148,KXBTCD-25MAY2300-T111749.99,DELTA,12,100,18,1014,73,yes,12,100
2025-05-22T20:02:19.393593,KXBTCD-25MAY2300-T111749.99,DELTA,12,100,18,1014,74,no,80,100
2025-05-22T20:02:19.632711,KXBTCD-25MAY2300-T111749.99,DELTA,12,100,18,1014,75,no,10,-3240
2025-05-22T20:02:19.633736,KXBTCD-25MAY2300-T111749.99,DELTA,12,100,18,1014,76,no,12,2700
2025-05-22T20:02:19.713517,KXBTCD-25MAY2300-T111749.99,DELTA,12,100,18,1014,77,no,11,-20000
2025-05-22T20:02:20.852381,KXBTCD-25MAY2300-T111749.99,DELTA,12,100,18,1014,78,no,12,-2700
2025-05-22T20:02:20.852557,KXBTCD-25MAY2300-T111749.99,DELTA,12,100,18,1014,79,no,4,8100
2025-05-22T20:02:20.931847,KXBTCD-25MAY2300-T111749.99,DELTA,12,100,18,1014,80,no,5,20000
2025-05-22T20:02:21.032914,KXBTCD-25MAY2300-T111749.99,DELTA,12,100,18,1014,81,no,80,-100
2025-05-22T20:02:21.052116,KXBTCD-25MAY2300-T111749.99,DELTA,9,14,18,1014,82,yes,12,-100
2025-05-22T20:02:22.053117,KXBTCD-25MAY2300-T111749.99,DELTA,9,14,18,1014,83,no,4,-8100
2025-05-22T20:02:22.054153,KXBTCD-25MAY2300-T111749.99,DELTA,9,14,18,1014,84,no,6,5400
2025-05-22T20:02:22.136484,KXBTCD-25MAY2300-T111749.99,DELTA,9,14,18,1014,85,no,5,-20000
2025-05-22T20:02:22.212842,KXBTCD-25MAY2300-T111749.99,DELTA,9,14,18,1014,86,no,7,20000
2025-05-22T20:02:26.352733,KXBTCD-25MAY2300-T111749.99,DELTA,13,100,18,1014,87,yes,13,100
2025-05-22T20:02:26.353721,KXBTCD-25MAY2300-T111749.99,DELTA,13,100,18,1014,88,no,79,100
2025-05-22T20:02:26.492363,KXBTCD-25MAY2300-T111749.99,DELTA,13,100,18,1014,89,yes,9,9
2025-05-22T20:02:26.512305,KXBTCD-25MAY2300-T111749.99,DELTA,13,100,18,1014,90,no,6,-5400
2025-05-22T20:02:26.513518,KXBTCD-25MAY2300-T111749.99,DELTA,13,100,18,1014,91,no,8,4050
2025-05-22T20:02:26.591717,KXBTCD-25MAY2300-T111749.99,DELTA,13,100,18,1014,92,no,7,-20000
2025-05-22T20:02:26.650661,KXBTCD-25MAY2300-T111749.99,DELTA,13,100,18,1014,93,no,9,20000
2025-05-22T20:02:28.492691,KXBTCD-25MAY2300-T111749.99,DELTA,13,100,18,1014,94,no,79,-100
2025-05-22T20:02:28.515147,KXBTCD-25MAY2300-T111749.99,DELTA,9,23,18,1014,95,yes,13,-100
2025-05-22T20:02:29.354303,KXBTCD-25MAY2300-T111749.99,DELTA,9,23,18,1014,96,no,8,-4050
2025-05-22T20:02:29.354652,KXBTCD-25MAY2300-T111749.99,DELTA,9,23,18,1014,97,no,10,3240
2025-05-22T20:02:29.433357,KXBTCD-25MAY2300-T111749.99,DELTA,9,23,18,1014,98,no,9,-20000
2025-05-22T20:02:29.471787,KXBTCD-25MAY2300-T111749.99,DELTA,9,14,18,1014,99,yes,9,-9
2025-05-22T20:02:29.513880,KXBTCD-25MAY2300-T111749.99,DELTA,9,14,18,1014,100,no,11,20000
2025-05-22T20:02:30.652773,KXBTCD-25MAY2300-T111749.99,DELTA,9,14,18,1014,101,no,10,-3240
2025-05-22T20:02:30.653875,KXBTCD-25MAY2300-T111749.99,DELTA,9,14,18,1014,102,no,12,2700
2025-05-22T20:02:30.733095,KXBTCD-25MAY2300-T111749.99,DELTA,9,14,18,1014,103,no,11,-20000
2025-05-22T20:02:32.313855,KXBTCD-25MAY2300-T111749.99,DELTA,9,14,18,1014,104,yes,8,-30
2025-05-22T20:02:32.314664,KXBTCD-25MAY2300-T111749.99,DELTA,10,30,18,1014,105,yes,10,30
2025-05-22T20:02:32.335092,KXBTCD-25MAY2300-T111749.99,DELTA,10,30,18,1014,106,yes,9,-14
2025-05-22T20:02:32.336068,KXBTCD-25MAY2300-T111749.99,DELTA,10,30,18,1014,107,no,79,30
2025-05-22T20:02:32.336633,KXBTCD-25MAY2300-T111749.99,DELTA,10,30,18,1014,108,no,81,-30
2025-05-22T20:02:32.337094,KXBTCD-25MAY2300-T111749.99,DELTA,10,30,18,1000,109,no,82,-14
2025-05-22T20:02:32.352372,KXBTCD-25MAY2300-T111749.99,DELTA,11,14,18,1000,110,yes,11,14
2025-05-22T20:02:32.373740,KXBTCD-25MAY2300-T111749.99,DELTA,11,14,18,1000,111,no,80,14
2025-05-22T20:02:32.393016,KXBTCD-25MAY2300-T111749.99,DELTA,11,14,18,1000,112,yes,8,-1000
2025-05-22T20:02:32.412926,KXBTCD-25MAY2300-T111749.99,DELTA,11,14,20,14,113,no,82,-1000
2025-05-22T20:02:32.493028,KXBTCD-25MAY2300-T111749.99,DELTA,11,14,20,1014,114,no,80,1000
2025-05-22T20:02:33.052814,KXBTCD-25MAY2300-T111749.99,DELTA,11,14,20,1014,115,no,12,-2700
2025-05-22T20:02:33.053351,KXBTCD-25MAY2300-T111749.99,DELTA,11,14,20,1014,116,no,4,8100
2025-05-22T20:02:33.133056,KXBTCD-25MAY2300-T111749.99,DELTA,11,14,20,1014,117,no,5,20000
2025-05-22T20:02:33.252353,KXBTCD-25MAY2300-T111749.99,DELTA,11,14,20,1014,118,yes,4,9
2025-05-22T20:02:33.861777,KXBTCD-25MAY2300-T111749.99,DELTA,13,100,20,1014,119,yes,13,100
2025-05-22T20:02:33.862821,KXBTCD-25MAY2300-T111749.99,DELTA,13,100,20,1014,120,no,79,100
2025-05-22T20:02:34.452787,KXBTCD-25MAY2300-T111749.99,DELTA,13,100,20,1014,121,no,4,-8100
2025-05-22T20:02:34.453903,KXBTCD-25MAY2300-T111749.99,DELTA,13,100,20,1014,122,no,6,5400
2025-05-22T20:02:34.533181,KXBTCD-25MAY2300-T111749.99,DELTA,13,100,20,1014,123,no,5,-20000
2025-05-22T20:02:34.614090,KXBTCD-25MAY2300-T111749.99,DELTA,13,100,20,1014,124,no,7,20000
2025-05-22T20:02:35.494132,KXBTCD-25MAY2300-T111749.99,DELTA,13,100,20,1014,125,no,79,-100
2025-05-22T20:02:35.494580,KXBTCD-25MAY2300-T111749.99,DELTA,11,14,20,1014,126,yes,13,-100
2025-05-22T20:02:38.972410,KXBTCD-25MAY2300-T111749.99,DELTA,11,14,20,1014,127,no,6,-5400
2025-05-22T20:02:38.972926,KXBTCD-25MAY2300-T111749.99,DELTA,11,14,20,1014,128,no,8,4050
2025-05-22T20:02:39.052425,KXBTCD-25MAY2300-T111749.99,DELTA,11,14,20,1014,129,no,7,-20000
2025-05-22T20:02:39.133991,KXBTCD-25MAY2300-T111749.99,DELTA,11,14,20,1014,130,no,9,20000
2025-05-22T20:02:39.412047,KXBTCD-25MAY2300-T111749.99,DELTA,13,100,20,1014,131,yes,13,100
2025-05-22T20:02:39.412314,KXBTCD-25MAY2300-T111749.99,DELTA,13,100,20,1014,132,no,79,100
2025-05-22T20:02:39.744212,KXBTCD-25MAY2300-T111749.99,DELTA,13,100,20,1014,133,no,50,-200
2025-05-22T20:02:39.745373,KXBTCD-25MAY2300-T111749.99,DELTA,13,100,20,1014,134,no,40,200
2025-05-22T20:02:39.745936,KXBTCD-25MAY2300-T111749.99,DELTA,13,100,20,1014,135,no,74,-3000
2025-05-22T20:02:39.746397,KXBTCD-25MAY2300-T111749.99,DELTA,13,100,20,1014,136,no,49,-8000
2025-05-22T20:02:39.752245,KXBTCD-25MAY2300-T111749.99,DELTA,13,100,20,1014,137,no,51,-2000
2025-05-22T20:02:39.793565,KXBTCD-25MAY2300-T111749.99,DELTA,13,100,20,1014,138,no,73,3000
2025-05-22T20:02:39.794616,KXBTCD-25MAY2300-T111749.99,DELTA,13,100,20,1014,139,no,48,8000
2025-05-22T20:02:39.833055,KXBTCD-25MAY2300-T111749.99,DELTA,13,100,20,1014,140,no,41,2000
2025-05-22T20:02:40.332859,KXBTCD-25MAY2300-T111749.99,DELTA,13,100,20,1014,141,no,79,-100
2025-05-22T20:02:40.353168,KXBTCD-25MAY2300-T111749.99,DELTA,11,14,20,1014,142,yes,13,-100
2025-05-22T20:02:41.775494,KXBTCD-25MAY2300-T111749.99,DELTA,11,14,20,1014,143,no,8,-4050
2025-05-22T20:02:41.776296,KXBTCD-25MAY2300-T111749.99,DELTA,11,14,20,1014,144,no,10,3240
2025-05-22T20:02:41.832621,KXBTCD-25MAY2300-T111749.99,DELTA,11,14,20,1014,145,no,9,-20000
2025-05-22T20:02:41.874437,KXBTCD-25MAY2300-T111749.99,DELTA,11,14,20,1014,146,no,11,20000
2025-05-22T20:02:43.232123,KXBTCD-25MAY2300-T111749.99,DELTA,11,14,20,1014,147,no,10,-3240
2025-05-22T20:02:43.233190,KXBTCD-25MAY2300-T111749.99,DELTA,11,14,20,1014,148,no,12,2700
2025-05-22T20:02:43.294502,KXBTCD-25MAY2300-T111749.99,DELTA,11,14,20,1014,149,no,11,-20000
2025-05-22T20:02:44.253492,KXBTCD-25MAY2300-T111749.99,DELTA,14,100,20,1014,150,yes,14,100
2025-05-22T20:02:44.273757,KXBTCD-25MAY2300-T111749.99,DELTA,14,100,20,1014,151,no,78,100
2025-05-22T20:02:44.552406,KXBTCD-25MAY2300-T111749.99,DELTA,14,100,20,1014,152,no,12,-2700
2025-05-22T20:02:44.553572,KXBTCD-25MAY2300-T111749.99,DELTA,14,100,20,1014,153,no,4,8100
2025-05-22T20:02:44.612687,KXBTCD-25MAY2300-T111749.99,DELTA,14,100,20,1014,154,no,5,20000
2025-05-22T20:02:44.873154,KXBTCD-25MAY2300-T111749.99,DELTA,14,100,20,1014,155,no,78,-100
2025-05-22T20:02:44.873604,KXBTCD-25MAY2300-T111749.99,DELTA,11,14,20,1014,156,yes,14,-100
2025-05-22T20:02:45.893474,KXBTCD-25MAY2300-T111749.99,DELTA,11,14,20,1014,157,no,4,-8100
2025-05-22T20:02:45.894523,KXBTCD-25MAY2300-T111749.99,DELTA,11,14,20,1014,158,no,6,5400
2025-05-22T20:02:45.953214,KXBTCD-25MAY2300-T111749.99,DELTA,11,14,20,1014,159,no,5,-20000
2025-05-22T20:02:45.992987,KXBTCD-25MAY2300-T111749.99,DELTA,11,14,20,1014,160,no,7,20000
2025-05-22T20:02:47.134281,KXBTCD-25MAY2300-T111749.99,DELTA,11,14,20,1014,161,no,6,-5400
2025-05-22T20:02:47.135244,KXBTCD-25MAY2300-T111749.99,DELTA,11,14,20,1014,162,no,8,4050
2025-05-22T20:02:47.191949,KXBTCD-25MAY2300-T111749.99,DELTA,11,14,20,1014,163,no,7,-20000
2025-05-22T20:02:47.232499,KXBTCD-25MAY2300-T111749.99,DELTA,11,14,20,1014,164,no,9,20000
2025-05-22T20:02:48.672070,KXBTCD-25MAY2300-T111749.99,DELTA,11,14,20,1014,165,no,79,100
2025-05-22T20:02:50.336743,KXBTCD-25MAY2300-T111749.99,DELTA,14,100,20,1014,166,yes,14,100
2025-05-22T20:02:50.832280,KXBTCD-25MAY2300-T111749.99,DELTA,14,100,20,1014,167,no,79,-100
2025-05-22T20:02:51.771948,KXBTCD-25MAY2300-T111749.99,DELTA,11,14,20,1014,168,yes,14,-100
2025-05-22T20:02:51.833277,KXBTCD-25MAY2300-T111749.99,DELTA,11,14,20,1014,169,yes,10,1000
2025-05-22T20:02:53.928575,KXBTCD-25MAY2300-T111749.99,DELTA,11,14,20,1014,170,no,78,100
2025-05-22T20:02:53.993735,KXBTCD-25MAY2300-T111749.99,DELTA,11,14,20,1014,171,yes,4,-9
2025-05-22T20:02:54.133603,KXBTCD-25MAY2300-T111749.99,DELTA,11,14,20,1014,172,no,8,-4050
2025-05-22T20:02:54.134707,KXBTCD-25MAY2300-T111749.99,DELTA,11,14,20,1014,173,no,10,3240
2025-05-22T20:02:54.193757,KXBTCD-25MAY2300-T111749.99,DELTA,11,14,20,1014,174,no,9,-20000
2025-05-22T20:02:54.232935,KXBTCD-25MAY2300-T111749.99,DELTA,11,14,20,1014,175,no,11,20000
2025-05-22T20:02:54.674330,KXBTCD-25MAY2300-T111749.99,DELTA,11,14,20,1014,176,no,78,-100
2025-05-22T20:02:55.213035,KXBTCD-25MAY2300-T111749.99,DELTA,11,14,20,1014,177,no,73,-3000
2025-05-22T20:02:55.232137,KXBTCD-25MAY2300-T111749.99,DELTA,11,14,20,1014,178,no,48,-8000
2025-05-22T20:02:55.273079,KXBTCD-25MAY2300-T111749.99,DELTA,11,14,20,1014,179,no,47,8000
2025-05-22T20:02:55.273671,KXBTCD-25MAY2300-T111749.99,DELTA,11,14,20,1014,180,no,72,3000
2025-05-22T20:02:56.352581,KXBTCD-25MAY2300-T111749.99,DELTA,14,100,20,1014,181,yes,14,100
2025-05-22T20:02:56.972965,KXBTCD-25MAY2300-T111749.99,DELTA,14,100,20,1014,182,no,10,-3240
2025-05-22T20:02:56.973973,KXBTCD-25MAY2300-T111749.99,DELTA,14,100,20,1014,183,no,12,2700
2025-05-22T20:02:57.032925,KXBTCD-25MAY2300-T111749.99,DELTA,14,100,20,1014,184,no,11,-20000
2025-05-22T20:02:57.592784,KXBTCD-25MAY2300-T111749.99,DELTA,11,14,20,1014,185,yes,14,-100
2025-05-22T20:02:58.112733,KXBTCD-25MAY2300-T111749.99,DELTA,11,14,20,1014,186,no,12,-2700
2025-05-22T20:02:58.113693,KXBTCD-25MAY2300-T111749.99,DELTA,11,14,20,1014,187,no,4,8100
2025-05-22T20:02:58.172624,KXBTCD-25MAY2300-T111749.99,DELTA,11,14,20,1014,188,no,5,20000
2025-05-22T20:02:59.232016,KXBTCD-25MAY2300-T111749.99,DELTA,11,14,20,1014,189,no,4,-8100
2025-05-22T20:02:59.232737,KXBTCD-25MAY2300-T111749.99,DELTA,11,14,20,1014,190,no,6,5400
2025-05-22T20:02:59.292341,KXBTCD-25MAY2300-T111749.99,DELTA,11,14,20,1014,191,no,5,-20000
2025-05-22T20:02:59.413144,KXBTCD-25MAY2300-T111749.99,DELTA,11,14,20,1014,192,no,7,20000
2025-05-22T20:03:00.833293,KXBTCD-25MAY2300-T111749.99,DELTA,11,14,20,1014,193,no,78,100
2025-05-22T20:03:01.474441,KXBTCD-25MAY2300-T111749.99,DELTA,11,14,20,1014,194,no,6,-5400
2025-05-22T20:03:01.475408,KXBTCD-25MAY2300-T111749.99,DELTA,11,14,20,1014,195,no,8,4050
2025-05-22T20:03:01.532824,KXBTCD-25MAY2300-T111749.99,DELTA,11,14,20,1014,196,no,7,-20000
2025-05-22T20:03:01.576619,KXBTCD-25MAY2300-T111749.99,DELTA,11,14,20,1014,197,no,9,20000
2025-05-22T20:03:02.253156,KXBTCD-25MAY2300-T111749.99,DELTA,11,14,20,1014,198,no,78,-100
2025-05-22T20:03:03.773326,KXBTCD-25MAY2300-T111749.99,DELTA,14,100,20,1014,199,yes,14,100
2025-05-22T20:03:04.958821,KXBTCD-25MAY2300-T111749.99,DELTA,11,14,20,1014,200,yes,14,-100
2025-05-22T20:03:07.136362,KXBTCD-25MAY2300-T111749.99,DELTA,11,14,20,1014,201,no,78,100
2025-05-22T20:03:07.814793,KXBTCD-25MAY2300-T111749.99,DELTA,11,14,20,1014,202,no,78,-100
2025-05-22T20:03:08.493555,KXBTCD-25MAY2300-T111749.99,DELTA,11,14,20,1014,203,no,8,-4050
2025-05-22T20:03:08.494717,KXBTCD-25MAY2300-T111749.99,DELTA,11,14,20,1014,204,no,10,3240
2025-05-22T20:03:08.552617,KXBTCD-25MAY2300-T111749.99,DELTA,11,14,20,1014,205,no,9,-20000
2025-05-22T20:03:08.592690,KXBTCD-25MAY2300-T111749.99,DELTA,11,14,20,1014,206,no,11,20000
2025-05-22T20:03:09.232934,KXBTCD-25MAY2300-T111749.99,DELTA,14,100,20,1014,207,yes,14,100
2025-05-22T20:03:09.553672,KXBTCD-25MAY2300-T111749.99,DELTA,14,100,20,1014,208,yes,12,30
2025-05-22T20:03:09.554504,KXBTCD-25MAY2300-T111749.99,DELTA,14,100,20,1014,209,yes,10,-30
2025-05-22T20:03:09.555076,KXBTCD-25MAY2300-T111749.99,DELTA,14,100,20,1014,210,yes,11,-14
2025-05-22T20:03:09.555542,KXBTCD-25MAY2300-T111749.99,DELTA,14,100,20,1000,211,no,80,-14
2025-05-22T20:03:09.555995,KXBTCD-25MAY2300-T111749.99,DELTA,14,100,20,1000,212,no,77,30
2025-05-22T20:03:09.558748,KXBTCD-25MAY2300-T111749.99,DELTA,14,100,20,1000,213,no,79,-30
2025-05-22T20:03:09.572688,KXBTCD-25MAY2300-T111749.99,DELTA,14,100,20,1000,214,yes,13,14
2025-05-22T20:03:09.573289,KXBTCD-25MAY2300-T111749.99,DELTA,14,100,20,1000,215,no,78,14
2025-05-22T20:03:09.612767,KXBTCD-25MAY2300-T111749.99,DELTA,14,100,20,1000,216,yes,10,-1000
2025-05-22T20:03:09.633277,KXBTCD-25MAY2300-T111749.99,DELTA,14,100,22,14,217,no,80,-1000
2025-05-22T20:03:09.672315,KXBTCD-25MAY2300-T111749.99,DELTA,14,100,22,1014,218,no,78,1000
2025-05-22T20:03:10.003197,KXBTCD-25MAY2300-T111749.99,DELTA,14,100,22,1014,219,no,72,-3000
2025-05-22T20:03:10.035168,KXBTCD-25MAY2300-T111749.99,DELTA,14,100,22,1014,220,no,47,-8000
2025-05-22T20:03:10.077228,KXBTCD-25MAY2300-T111749.99,DELTA,14,100,22,1014,221,no,45,8000
2025-05-22T20:03:10.077841,KXBTCD-25MAY2300-T111749.99,DELTA,14,100,22,1014,222,no,71,3000
2025-05-22T20:03:10.960112,KXBTCD-25MAY2300-T111749.99,DELTA,13,14,22,1014,223,yes,14,-100
2025-05-22T20:03:11.081064,KXBTCD-25MAY2300-T111749.99,DELTA,13,14,22,1014,224,no,10,-3240
2025-05-22T20:03:11.081619,KXBTCD-25MAY2300-T111749.99,DELTA,13,14,22,1014,225,yes,4,9
2025-05-22T20:03:11.155373,KXBTCD-25MAY2300-T111749.99,DELTA,13,14,22,1014,226,no,11,-20000
2025-05-22T20:03:11.252136,KXBTCD-25MAY2300-T111749.99,DELTA,13,14,22,1014,227,yes,1,32400
2025-05-22T20:03:11.311715,KXBTCD-25MAY2300-T111749.99,DELTA,13,14,22,1014,228,yes,2,1000
2025-05-22T20:03:11.533800,KXBTCD-25MAY2300-T111749.99,DELTA,13,14,22,1014,229,yes,2,2000
2025-05-22T20:03:11.534960,KXBTCD-25MAY2300-T111749.99,DELTA,13,14,22,1014,230,yes,2,20000
2025-05-22T20:03:11.535694,KXBTCD-25MAY2300-T111749.99,DELTA,13,14,22,1014,231,yes,2,1250
2025-05-22T20:03:12.753635,KXBTCD-25MAY2300-T111749.99,DELTA,13,14,22,1014,232,no,4,8100
2025-05-22T20:03:12.813846,KXBTCD-25MAY2300-T111749.99,DELTA,13,14,22,1014,233,no,5,20000
2025-05-22T20:03:13.953216,KXBTCD-25MAY2300-T111749.99,DELTA,13,14,22,1014,234,yes,1,-32400
2025-05-22T20:03:13.954219,KXBTCD-25MAY2300-T111749.99,DELTA,13,14,22,1014,235,yes,2,16200
2025-05-22T20:03:13.994592,KXBTCD-25MAY2300-T111749.99,DELTA,13,14,22,1014,236,no,4,-8100
2025-05-22T20:03:13.996214,KXBTCD-25MAY2300-T111749.99,DELTA,13,14,22,1014,237,no,6,5400
2025-05-22T20:03:14.014207,KXBTCD-25MAY2300-T111749.99,DELTA,13,14,22,1014,238,yes,2,-20000
2025-05-22T20:03:14.033491,KXBTCD-25MAY2300-T111749.99,DELTA,13,14,22,1014,239,yes,2,-2000
2025-05-22T20:03:14.034349,KXBTCD-25MAY2300-T111749.99,DELTA,13,14,22,1014,240,yes,2,-1000
2025-05-22T20:03:14.053452,KXBTCD-25MAY2300-T111749.99,DELTA,13,14,22,1014,241,yes,2,-1250
2025-05-22T20:03:14.054394,KXBTCD-25MAY2300-T111749.99,DELTA,13,14,22,1014,242,no,5,-20000
2025-05-22T20:03:14.094151,KXBTCD-25MAY2300-T111749.99,DELTA,13,14,22,1014,243,yes,3,1000
2025-05-22T20:03:14.095026,KXBTCD-25MAY2300-T111749.99,DELTA,13,14,22,1014,244,yes,3,2000
2025-05-22T20:03:14.095739,KXBTCD-25MAY2300-T111749.99,DELTA,13,14,22,1014,245,yes,3,1250
2025-05-22T20:03:14.096383,KXBTCD-25MAY2300-T111749.99,DELTA,13,14,22,1014,246,yes,3,20000
2025-05-22T20:03:14.096974,KXBTCD-25MAY2300-T111749.99,DELTA,13,14,22,1014,247,no,7,20000
2025-05-22T20:03:14.693350,KXBTCD-25MAY2300-T111749.99,DELTA,15,100,22,1014,248,yes,15,100
2025-05-22T20:03:14.694331,KXBTCD-25MAY2300-T111749.99,DELTA,15,100,22,1014,249,no,77,100
2025-05-22T20:03:15.193369,KXBTCD-25MAY2300-T111749.99,DELTA,15,100,22,1014,250,yes,2,-16200
2025-05-22T20:03:15.194191,KXBTCD-25MAY2300-T111749.99,DELTA,15,100,22,1014,251,yes,1,32400
2025-05-22T20:03:15.234762,KXBTCD-25MAY2300-T111749.99,DELTA,15,100,22,1014,252,no,6,-5400
2025-05-22T20:03:15.235543,KXBTCD-25MAY2300-T111749.99,DELTA,15,100,22,1014,253,no,8,4050
2025-05-22T20:03:15.252774,KXBTCD-25MAY2300-T111749.99,DELTA,15,100,22,1014,254,yes,3,-20000
2025-05-22T20:03:15.274656,KXBTCD-25MAY2300-T111749.99,DELTA,15,100,22,1014,255,yes,3,-2000
2025-05-22T20:03:15.275106,KXBTCD-25MAY2300-T111749.99,DELTA,15,100,22,1014,256,yes,3,-1000
2025-05-22T20:03:15.292667,KXBTCD-25MAY2300-T111749.99,DELTA,15,100,22,1014,257,yes,3,-1250
2025-05-22T20:03:15.293153,KXBTCD-25MAY2300-T111749.99,DELTA,15,100,22,1014,258,no,7,-20000
2025-05-22T20:03:15.332908,KXBTCD-25MAY2300-T111749.99,DELTA,15,100,22,1014,259,no,9,20000
2025-05-22T20:03:15.333829,KXBTCD-25MAY2300-T111749.99,DELTA,15,100,22,1014,260,yes,2,20000
2025-05-22T20:03:15.334334,KXBTCD-25MAY2300-T111749.99,DELTA,15,100,22,1014,261,yes,2,2000
2025-05-22T20:03:15.334761,KXBTCD-25MAY2300-T111749.99,DELTA,15,100,22,1014,262,yes,2,1250
2025-05-22T20:03:15.335135,KXBTCD-25MAY2300-T111749.99,DELTA,15,100,22,1014,263,yes,2,1000
2025-05-22T20:03:16.033073,KXBTCD-25MAY2300-T111749.99,DELTA,15,100,22,1014,264,no,77,-100
2025-05-22T20:03:16.052640,KXBTCD-25MAY2300-T111749.99,DELTA,13,14,22,1014,265,yes,15,-100
2025-05-22T20:03:16.532898,KXBTCD-25MAY2300-T111749.99,DELTA,13,14,22,1014,266,yes,1,-32400
2025-05-22T20:03:16.533936,KXBTCD-25MAY2300-T111749.99,DELTA,13,14,22,1014,267,yes,2,16200
2025-05-22T20:03:16.592816,KXBTCD-25MAY2300-T111749.99,DELTA,13,14,22,1014,268,no,8,-4050
2025-05-22T20:03:16.593778,KXBTCD-25MAY2300-T111749.99,DELTA,13,14,22,1014,269,no,10,3240
2025-05-22T20:03:16.594411,KXBTCD-25MAY2300-T111749.99,DELTA,13,14,22,1014,270,yes,2,-20000
2025-05-22T20:03:16.612960,KXBTCD-25MAY2300-T111749.99,DELTA,13,14,22,1014,271,yes,2,-2000
2025-05-22T20:03:16.613603,KXBTCD-25MAY2300-T111749.99,DELTA,13,14,22,1014,272,yes,2,-1000
2025-05-22T20:03:16.632714,KXBTCD-25MAY2300-T111749.99,DELTA,13,14,22,1014,273,yes,2,-1250
2025-05-22T20:03:16.652885,KXBTCD-25MAY2300-T111749.99,DELTA,13,14,22,1014,274,no,9,-20000
2025-05-22T20:03:16.672184,KXBTCD-25MAY2300-T111749.99,DELTA,13,14,22,1014,275,yes,3,1000
2025-05-22T20:03:16.672326,KXBTCD-25MAY2300-T111749.99,DELTA,13,14,22,1014,276,yes,3,1250
2025-05-22T20:03:16.672415,KXBTCD-25MAY2300-T111749.99,DELTA,13,14,22,1014,277,yes,3,2000
2025-05-22T20:03:16.672496,KXBTCD-25MAY2300-T111749.99,DELTA,13,14,22,1014,278,yes,3,20000
2025-05-22T20:03:16.691193,KXBTCD-25MAY2300-T111749.99,DELTA,13,14,22,1014,279,no,11,20000
2025-05-22T20:03:21.692564,KXBTCD-25MAY2300-T111749.99,DELTA,13,114,22,1014,280,yes,13,100
2025-05-22T20:03:21.692760,KXBTCD-25MAY2300-T111749.99,DELTA,13,114,21,100,281,no,79,100
2025-05-22T20:03:21.752032,KXBTCD-25MAY2300-T111749.99,DELTA,13,114,21,100,282,no,78,-1000
2025-05-22T20:03:21.792178,KXBTCD-25MAY2300-T111749.99,DELTA,13,114,20,1000,283,no,80,1000
2025-05-22T20:03:22.973188,KXBTCD-25MAY2300-T111749.99,DELTA,13,114,20,1000,284,no,79,-100
2025-05-22T20:03:22.973666,KXBTCD-25MAY2300-T111749.99,DELTA,13,14,20,1000,285,yes,13,-100
2025-05-22T20:03:23.052432,KXBTCD-25MAY2300-T111749.99,DELTA,13,14,22,14,286,no,80,-1000
2025-05-22T20:03:23.133187,KXBTCD-25MAY2300-T111749.99,DELTA,13,14,22,1014,287,no,78,1000
2025-05-22T20:03:23.572700,KXBTCD-25MAY2300-T111749.99,DELTA,13,14,22,1014,288,yes,2,-16200
2025-05-22T20:03:23.573743,KXBTCD-25MAY2300-T111749.99,DELTA,13,14,22,1014,289,yes,1,32400
2025-05-22T20:03:23.613532,KXBTCD-25MAY2300-T111749.99,DELTA,13,14,22,1014,290,no,10,-3240
2025-05-22T20:03:23.614481,KXBTCD-25MAY2300-T111749.99,DELTA,13,14,22,1014,291,no,12,2700
2025-05-22T20:03:23.652785,KXBTCD-25MAY2300-T111749.99,DELTA,13,14,22,1014,292,yes,3,-20000
2025-05-22T20:03:23.653792,KXBTCD-25MAY2300-T111749.99,DELTA,13,14,22,1014,293,yes,3,-2000
2025-05-22T20:03:23.672598,KXBTCD-25MAY2300-T111749.99,DELTA,13,14,22,1014,294,yes,3,-1000
2025-05-22T20:03:23.673488,KXBTCD-25MAY2300-T111749.99,DELTA,13,14,22,1014,295,no,11,-20000
2025-05-22T20:03:23.674237,KXBTCD-25MAY2300-T111749.99,DELTA,13,14,22,1014,296,yes,3,-1250
2025-05-22T20:03:23.733257,KXBTCD-25MAY2300-T111749.99,DELTA,13,14,22,1014,297,yes,2,1000
2025-05-22T20:03:23.734146,KXBTCD-25MAY2300-T111749.99,DELTA,13,14,22,1014,298,yes,2,1250
2025-05-22T20:03:23.734889,KXBTCD-25MAY2300-T111749.99,DELTA,13,14,22,1014,299,yes,2,20000
2025-05-22T20:03:23.812567,KXBTCD-25MAY2300-T111749.99,DELTA,13,14,22,1014,300,yes,2,2000
2025-05-22T20:03:25.671261,KXBTCD-25MAY2300-T111749.99,DELTA,13,14,22,1014,301,no,40,-200
2025-05-22T20:03:25.672353,KXBTCD-25MAY2300-T111749.99,DELTA,13,14,22,1014,302,no,50,200
2025-05-22T20:03:25.691870,KXBTCD-25MAY2300-T111749.99,DELTA,13,14,22,1014,303,no,41,-2000
2025-05-22T20:03:25.752111,KXBTCD-25MAY2300-T111749.99,DELTA,13,14,22,1014,304,no,51,2000
2025-05-22T20:03:26.413003,KXBTCD-25MAY2300-T111749.99,DELTA,13,14,22,1014,305,yes,1,-32400
2025-05-22T20:03:26.413671,KXBTCD-25MAY2300-T111749.99,DELTA,13,14,22,1014,306,yes,3,10800
2025-05-22T20:03:26.472204,KXBTCD-25MAY2300-T111749.99,DELTA,13,14,22,1014,307,no,12,-2700
2025-05-22T20:03:26.473208,KXBTCD-25MAY2300-T111749.99,DELTA,13,14,22,1014,308,no,4,8100
2025-05-22T20:03:26.473854,KXBTCD-25MAY2300-T111749.99,DELTA,13,14,22,1014,309,yes,2,-20000
2025-05-22T20:03:26.492417,KXBTCD-25MAY2300-T111749.99,DELTA,13,14,22,1014,310,yes,2,-2000
2025-05-22T20:03:26.493359,KXBTCD-25MAY2300-T111749.99,DELTA,13,14,22,1014,311,yes,2,-1000
2025-05-22T20:03:26.512222,KXBTCD-25MAY2300-T111749.99,DELTA,13,14,22,1014,312,yes,2,-1250
2025-05-22T20:03:26.532707,KXBTCD-25MAY2300-T111749.99,DELTA,13,14,22,1014,313,no,5,20000
2025-05-22T20:03:26.552146,KXBTCD-25MAY2300-T111749.99,DELTA,13,14,22,1014,314,yes,4,1250
2025-05-22T20:03:26.553068,KXBTCD-25MAY2300-T111749.99,DELTA,13,14,22,1014,315,yes,4,2000
2025-05-22T20:03:26.553689,KXBTCD-25MAY2300-T111749.99,DELTA,13,14,22,1014,316,yes,4,20000
2025-05-22T20:03:26.554239,KXBTCD-25MAY2300-T111749.99,DELTA,13,14,22,1014,317,yes,4,1000
2025-05-22T20:03:26.952569,KXBTCD-25MAY2300-T111749.99,DELTA,14,100,22,1014,318,yes,14,100
2025-05-22T20:03:26.973068,KXBTCD-25MAY2300-T111749.99,DELTA,14,100,22,1114,319,no,78,100
2025-05-22T20:03:27.034174,KXBTCD-25MAY2300-T111749.99,DELTA,14,100,22,114,320,no,78,-1000
2025-05-22T20:03:27.072897,KXBTCD-25MAY2300-T111749.99,DELTA,14,100,21,1000,321,no,79,1000
2025-05-22T20:03:27.573443,KXBTCD-25MAY2300-T111749.99,DELTA,14,100,21,1000,322,yes,3,-10800
2025-05-22T20:03:27.574493,KXBTCD-25MAY2300-T111749.99,DELTA,14,100,21,1000,323,yes,1,32400
2025-05-22T20:03:27.613631,KXBTCD-25MAY2300-T111749.99,DELTA,14,100,21,1000,324,no,4,-8100
2025-05-22T20:03:27.614715,KXBTCD-25MAY2300-T111749.99,DELTA,14,100,21,1000,325,no,6,5400
2025-05-22T20:03:27.632858,KXBTCD-25MAY2300-T111749.99,DELTA,14,100,21,1000,326,yes,4,-20000
2025-05-22T20:03:27.652411,KXBTCD-25MAY2300-T111749.99,DELTA,14,100,21,1000,327,yes,4,-2000
2025-05-22T20:03:27.653509,KXBTCD-25MAY2300-T111749.99,DELTA,14,100,21,1000,328,yes,4,-1000
2025-05-22T20:03:27.672626,KXBTCD-25MAY2300-T111749.99,DELTA,14,100,21,1000,329,yes,4,-1250
2025-05-22T20:03:27.673655,KXBTCD-25MAY2300-T111749.99,DELTA,14,100,21,1000,330,no,5,-20000
2025-05-22T20:03:27.697656,KXBTCD-25MAY2300-T111749.99,DELTA,14,100,21,1000,331,yes,4,-9
2025-05-22T20:03:27.698500,KXBTCD-25MAY2300-T111749.99,DELTA,14,100,21,1000,332,yes,5,9
2025-05-22T20:03:27.714809,KXBTCD-25MAY2300-T111749.99,DELTA,14,100,21,1000,333,no,78,-100
2025-05-22T20:03:27.715652,KXBTCD-25MAY2300-T111749.99,DELTA,13,14,21,1000,334,yes,14,-100
2025-05-22T20:03:27.716199,KXBTCD-25MAY2300-T111749.99,DELTA,13,14,21,1000,335,yes,2,2000
2025-05-22T20:03:27.716704,KXBTCD-25MAY2300-T111749.99,DELTA,13,14,21,1000,336,yes,2,1250
2025-05-22T20:03:27.717198,KXBTCD-25MAY2300-T111749.99,DELTA,13,14,21,1000,337,yes,2,1000
2025-05-22T20:03:27.717682,KXBTCD-25MAY2300-T111749.99,DELTA,13,14,21,1000,338,yes,2,20000
2025-05-22T20:03:27.732515,KXBTCD-25MAY2300-T111749.99,DELTA,13,14,21,1000,339,no,7,20000
2025-05-22T20:03:27.792823,KXBTCD-25MAY2300-T111749.99,DELTA,13,14,22,14,340,no,79,-1000
2025-05-22T20:03:27.833973,KXBTCD-25MAY2300-T111749.99,DELTA,13,14,22,1014,341,no,78,1000
2025-05-22T20:03:28.834283,KXBTCD-25MAY2300-T111749.99,DELTA,13,14,22,1014,342,no,6,-5400
2025-05-22T20:03:28.835255,KXBTCD-25MAY2300-T111749.99,DELTA,13,14,22,1014,343,no,8,4050
2025-05-22T20:03:28.893012,KXBTCD-25MAY2300-T111749.99,DELTA,13,14,22,1014,344,no,7,-20000
2025-05-22T20:03:28.932486,KXBTCD-25MAY2300-T111749.99,DELTA,13,14,22,1014,345,no,9,20000
2025-05-22T20:03:28.952856,KXBTCD-25MAY2300-T111749.99,DELTA,13,14,22,1014,346,yes,4,9
2025-05-22T20:03:28.953585,KXBTCD-25MAY2300-T111749.99,DELTA,13,14,22,1014,347,yes,5,-9
2025-05-22T20:03:29.993404,KXBTCD-25MAY2300-T111749.99,DELTA,13,14,22,1014,348,no,8,-4050
2025-05-22T20:03:29.994758,KXBTCD-25MAY2300-T111749.99,DELTA,13,14,22,1014,349,no,10,3240
2025-05-22T20:03:30.057930,KXBTCD-25MAY2300-T111749.99,DELTA,13,14,22,1014,350,no,9,-20000
2025-05-22T20:03:30.113283,KXBTCD-25MAY2300-T111749.99,DELTA,13,14,22,1014,351,no,11,20000
2025-05-22T20:03:30.492907,KXBTCD-25MAY2300-T111749.99,DELTA,13,14,20,100,352,no,80,100
2025-05-22T20:03:30.512819,KXBTCD-25MAY2300-T111749.99,DELTA,13,14,20,100,353,yes,12,100
2025-05-22T20:03:30.558144,KXBTCD-25MAY2300-T111749.99,DELTA,13,14,20,100,354,no,78,-1000
2025-05-22T20:03:30.592840,KXBTCD-25MAY2300-T111749.99,DELTA,13,14,19,1000,355,no,81,1000
2025-05-22T20:03:31.192503,KXBTCD-25MAY2300-T111749.99,DELTA,13,14,19,1000,356,yes,12,-100
2025-05-22T20:03:31.193449,KXBTCD-25MAY2300-T111749.99,DELTA,13,14,19,1000,357,no,80,-100
2025-05-22T20:03:31.212995,KXBTCD-25MAY2300-T111749.99,DELTA,13,14,19,1000,358,no,10,-3240
2025-05-22T20:03:31.213522,KXBTCD-25MAY2300-T111749.99,DELTA,13,14,19,1000,359,no,12,2700
2025-05-22T20:03:31.252359,KXBTCD-25MAY2300-T111749.99,DELTA,13,14,22,14,360,no,81,-1000
2025-05-22T20:03:31.271945,KXBTCD-25MAY2300-T111749.99,DELTA,13,14,22,14,361,no,11,-20000
2025-05-22T20:03:31.292671,KXBTCD-25MAY2300-T111749.99,DELTA,13,14,22,1014,362,no,78,1000
2025-05-22T20:03:38.183143,KXBTCD-25MAY2300-T111749.99,DELTA,13,14,22,1014,363,no,12,-2700
2025-05-22T20:03:38.184027,KXBTCD-25MAY2300-T111749.99,DELTA,13,14,22,1014,364,no,4,8100
2025-05-22T20:03:38.233103,KXBTCD-25MAY2300-T111749.99,DELTA,13,14,22,1014,365,no,5,20000
2025-05-22T20:03:38.773700,KXBTCD-25MAY2300-T111749.99,DELTA,13,14,20,100,366,no,80,100
2025-05-22T20:03:38.792081,KXBTCD-25MAY2300-T111749.99,DELTA,13,14,20,100,367,yes,12,100
2025-05-22T20:03:38.832337,KXBTCD-25MAY2300-T111749.99,DELTA,13,14,20,100,368,no,78,-1000
2025-05-22T20:03:38.871763,KXBTCD-25MAY2300-T111749.99,DELTA,13,14,19,1000,369,no,81,1000
2025-05-22T20:03:39.532825,KXBTCD-25MAY2300-T111749.99,DELTA,13,14,19,1000,370,yes,12,-100
2025-05-22T20:03:39.552975,KXBTCD-25MAY2300-T111749.99,DELTA,13,14,19,1000,371,no,80,-100
2025-05-22T20:03:39.632079,KXBTCD-25MAY2300-T111749.99,DELTA,13,14,22,14,372,no,81,-1000
2025-05-22T20:03:39.675296,KXBTCD-25MAY2300-T111749.99,DELTA,13,14,22,1014,373,no,78,1000
2025-05-22T20:03:40.934155,KXBTCD-25MAY2300-T111749.99,DELTA,13,14,22,1014,374,no,4,-8100
2025-05-22T20:03:40.935109,KXBTCD-25MAY2300-T111749.99,DELTA,13,14,22,1014,375,no,6,5400
2025-05-22T20:03:40.993021,KXBTCD-25MAY2300-T111749.99,DELTA,13,14,22,1014,376,no,5,-20000
2025-05-22T20:03:41.032786,KXBTCD-25MAY2300-T111749.99,DELTA,13,14,22,1014,377,no,7,20000
2025-05-22T20:03:42.194722,KXBTCD-25MAY2300-T111749.99,DELTA,13,14,22,1014,378,no,6,-5400
2025-05-22T20:03:42.195703,KXBTCD-25MAY2300-T111749.99,DELTA,13,14,22,1014,379,no,8,4050
2025-05-22T20:03:42.298205,KXBTCD-25MAY2300-T111749.99,DELTA,13,14,22,1014,380,no,7,-20000
2025-05-22T20:03:42.333295,KXBTCD-25MAY2300-T111749.99,DELTA,13,14,22,1014,381,no,9,20000
2025-05-22T20:03:42.532556,KXBTCD-25MAY2300-T111749.99,DELTA,12,30,22,1014,382,yes,13,-14
2025-05-22T20:03:42.533275,KXBTCD-25MAY2300-T111749.99,DELTA,12,30,13,36,383,no,87,36
2025-05-22T20:03:42.592829,KXBTCD-25MAY2300-T111749.99,DELTA,12,30,13,36,384,yes,8,14
2025-05-22T20:03:42.593479,KXBTCD-25MAY2300-T111749.99,DELTA,12,30,13,36,385,no,78,-14
2025-05-22T20:03:42.613568,KXBTCD-25MAY2300-T111749.99,DELTA,12,30,13,36,386,no,82,14
2025-05-22T20:03:43.472306,KXBTCD-25MAY2300-T111749.99,DELTA,12,30,13,36,387,no,8,-4050
2025-05-22T20:03:43.473277,KXBTCD-25MAY2300-T111749.99,DELTA,12,30,13,36,388,no,10,3240
2025-05-22T20:03:43.532538,KXBTCD-25MAY2300-T111749.99,DELTA,12,30,13,36,389,no,9,-20000
2025-05-22T20:03:43.572756,KXBTCD-25MAY2300-T111749.99,DELTA,12,30,13,36,390,no,11,20000
2025-05-22T20:03:43.573672,KXBTCD-25MAY2300-T111749.99,DELTA,12,30,13,36,391,no,83,9
2025-05-22T20:03:44.633253,KXBTCD-25MAY2300-T111749.99,DELTA,12,30,13,36,392,no,10,-3240
2025-05-22T20:03:44.634162,KXBTCD-25MAY2300-T111749.99,DELTA,12,30,13,36,393,no,12,2700
2025-05-22T20:03:44.693269,KXBTCD-25MAY2300-T111749.99,DELTA,12,30,13,36,394,no,11,-20000
2025-05-22T20:03:45.572444,KXBTCD-25MAY2300-T111749.99,DELTA,12,30,13,36,395,no,79,100
2025-05-22T20:03:45.572876,KXBTCD-25MAY2300-T111749.99,DELTA,12,30,13,36,396,yes,11,100
2025-05-22T20:03:45.653758,KXBTCD-25MAY2300-T111749.99,DELTA,12,30,13,36,397,no,78,-1000
2025-05-22T20:03:45.694061,KXBTCD-25MAY2300-T111749.99,DELTA,12,30,13,36,398,no,80,1000
2025-05-22T20:03:45.813397,KXBTCD-25MAY2300-T111749.99,DELTA,12,30,13,36,399,no,12,-2700
2025-05-22T20:03:45.814161,KXBTCD-25MAY2300-T111749.99,DELTA,12,30,13,36,400,no,4,8100
2025-05-22T20:03:45.872848,KXBTCD-25MAY2300-T111749.99,DELTA,12,30,13,36,401,no,5,20000
2025-05-22T20:03:46.562615,KXBTCD-25MAY2300-T111749.99,DELTA,12,30,13,36,402,yes,11,-100
2025-05-22T20:03:46.563451,KXBTCD-25MAY2300-T111749.99,DELTA,12,30,13,36,403,no,79,-100
2025-05-22T20:03:46.564079,KXBTCD-25MAY2300-T111749.99,DELTA,12,30,13,36,404,no,80,-1000
2025-05-22T20:03:46.614077,KXBTCD-25MAY2300-T111749.99,DELTA,12,30,13,36,405,no,78,1000
2025-05-22T20:03:49.293591,KXBTCD-25MAY2300-T111749.99,DELTA,12,30,13,36,406,no,50,-200
2025-05-22T20:03:49.294353,KXBTCD-25MAY2300-T111749.99,DELTA,12,30,13,36,407,no,40,200
2025-05-22T20:03:49.547446,KXBTCD-25MAY2300-T111749.99,DELTA,12,30,13,36,408,no,51,-2000
2025-05-22T20:03:49.594456,KXBTCD-25MAY2300-T111749.99,DELTA,12,30,13,36,409,no,41,2000
2025-05-22T20:03:51.716658,KXBTCD-25MAY2300-T111749.99,DELTA,12,30,13,36,410,no,78,-1000
2025-05-22T20:03:51.994838,KXBTCD-25MAY2300-T111749.99,DELTA,12,30,13,36,411,no,78,1000
2025-05-22T20:03:52.013968,KXBTCD-25MAY2300-T111749.99,DELTA,12,30,13,36,412,no,79,100
2025-05-22T20:03:52.113594,KXBTCD-25MAY2300-T111749.99,DELTA,12,30,13,36,413,no,78,-1000
2025-05-22T20:03:52.114480,KXBTCD-25MAY2300-T111749.99,DELTA,12,30,13,36,414,yes,11,100
2025-05-22T20:03:52.312818,KXBTCD-25MAY2300-T111749.99,DELTA,12,30,13,36,415,no,80,1000
2025-05-22T20:03:53.352909,KXBTCD-25MAY2300-T111749.99,DELTA,12,30,13,36,416,yes,11,-100
2025-05-22T20:03:53.372477,KXBTCD-25MAY2300-T111749.99,DELTA,12,30,13,36,417,no,79,-100
2025-05-22T20:03:53.433325,KXBTCD-25MAY2300-T111749.99,DELTA,12,30,13,36,418,no,80,-1000
2025-05-22T20:03:53.493965,KXBTCD-25MAY2300-T111749.99,DELTA,12,30,13,36,419,no,78,1000
2025-05-22T20:03:53.589869,KXBTCD-25MAY2300-T111749.99,DELTA,12,30,13,36,420,no,78,-1000
2025-05-22T20:03:53.634569,KXBTCD-25MAY2300-T111749.99,DELTA,12,30,13,1036,421,no,87,1000
2025-05-22T20:03:53.833474,KXBTCD-25MAY2300-T111749.99,DELTA,12,30,13,36,422,no,87,-1000
2025-05-22T20:03:53.893216,KXBTCD-25MAY2300-T111749.99,DELTA,12,30,13,36,423,no,78,1000
2025-05-22T20:03:55.173109,KXBTCD-25MAY2300-T111749.99,DELTA,12,30,13,36,424,no,4,-8100
2025-05-22T20:03:55.173850,KXBTCD-25MAY2300-T111749.99,DELTA,12,30,13,36,425,no,6,5400
2025-05-22T20:03:55.232926,KXBTCD-25MAY2300-T111749.99,DELTA,12,30,13,36,426,no,5,-20000
2025-05-22T20:03:55.273876,KXBTCD-25MAY2300-T111749.99,DELTA,12,30,13,36,427,no,7,20000
2025-05-22T20:03:55.412409,KXBTCD-25MAY2300-T111749.99,DELTA,12,30,13,36,428,no,78,-1000
2025-05-22T20:03:55.452524,KXBTCD-25MAY2300-T111749.99,DELTA,12,30,13,1036,429,no,87,1000
2025-05-22T20:03:57.652666,KXBTCD-25MAY2300-T111749.99,DELTA,12,30,13,1036,430,no,80,100
2025-05-22T20:03:57.653658,KXBTCD-25MAY2300-T111749.99,DELTA,12,130,13,1036,431,yes,12,100
2025-05-22T20:03:57.753008,KXBTCD-25MAY2300-T111749.99,DELTA,12,130,13,1036,432,no,83,-9
2025-05-22T20:03:57.812387,KXBTCD-25MAY2300-T111749.99,DELTA,12,130,13,1036,433,no,6,-5400
2025-05-22T20:03:57.813361,KXBTCD-25MAY2300-T111749.99,DELTA,12,130,13,1036,434,no,8,4050
2025-05-22T20:03:57.893301,KXBTCD-25MAY2300-T111749.99,DELTA,12,130,13,1036,435,no,7,-20000
2025-05-22T20:03:57.953443,KXBTCD-25MAY2300-T111749.99,DELTA,12,130,13,1036,436,no,9,20000
2025-05-22T20:03:58.853478,KXBTCD-25MAY2300-T111749.99,DELTA,12,30,13,1036,437,yes,12,-100
2025-05-22T20:03:58.854436,KXBTCD-25MAY2300-T111749.99,DELTA,12,30,13,1036,438,no,80,-100
2025-05-22T20:03:58.992331,KXBTCD-25MAY2300-T111749.99,DELTA,12,30,13,1036,439,no,8,-4050
2025-05-22T20:03:58.993013,KXBTCD-25MAY2300-T111749.99,DELTA,12,30,13,1036,440,no,10,3240
2025-05-22T20:03:59.052638,KXBTCD-25MAY2300-T111749.99,DELTA,12,30,13,1036,441,no,9,-20000
2025-05-22T20:03:59.112535,KXBTCD-25MAY2300-T111749.99,DELTA,12,30,13,1036,442,no,11,20000
2025-05-22T20:04:00.133268,KXBTCD-25MAY2300-T111749.99,DELTA,12,30,13,1036,443,no,10,-3240
2025-05-22T20:04:00.134249,KXBTCD-25MAY2300-T111749.99,DELTA,12,30,13,1036,444,no,12,2700
2025-05-22T20:04:00.193007,KXBTCD-25MAY2300-T111749.99,DELTA,12,30,13,1036,445,no,11,-20000
2025-05-22T20:04:01.253347,KXBTCD-25MAY2300-T111749.99,DELTA,12,30,13,1036,446,no,12,-2700
2025-05-22T20:04:01.254085,KXBTCD-25MAY2300-T111749.99,DELTA,12,30,13,1036,447,no,4,8100
2025-05-22T20:04:01.314290,KXBTCD-25MAY2300-T111749.99,DELTA,12,30,13,1036,448,no,5,20000
2025-05-22T20:04:02.312880,KXBTCD-25MAY2300-T111749.99,DELTA,12,30,13,1036,449,no,4,-8100
2025-05-22T20:04:02.313947,KXBTCD-25MAY2300-T111749.99,DELTA,12,30,13,1036,450,no,6,5400
2025-05-22T20:04:02.373243,KXBTCD-25MAY2300-T111749.99,DELTA,12,30,13,1036,451,no,5,-20000
2025-05-22T20:04:02.392865,KXBTCD-25MAY2300-T111749.99,DELTA,12,130,13,1036,452,yes,12,100
2025-05-22T20:04:02.393711,KXBTCD-25MAY2300-T111749.99,DELTA,12,130,13,1036,453,no,80,100
2025-05-22T20:04:02.412735,KXBTCD-25MAY2300-T111749.99,DELTA,12,130,13,1036,454,no,7,20000
2025-05-22T20:04:03.993793,KXBTCD-25MAY2300-T111749.99,DELTA,12,130,13,1036,455,no,80,-100
2025-05-22T20:04:03.995041,KXBTCD-25MAY2300-T111749.99,DELTA,12,30,13,1036,456,yes,12,-100
2025-05-22T20:04:06.654063,KXBTCD-25MAY2300-T111749.99,DELTA,12,30,13,36,457,no,87,-1000
2025-05-22T20:04:06.713539,KXBTCD-25MAY2300-T111749.99,DELTA,12,30,13,36,458,no,78,1000
2025-05-22T20:04:06.752688,KXBTCD-25MAY2300-T111749.99,DELTA,12,30,13,36,459,no,83,9
2025-05-22T20:04:07.792820,KXBTCD-25MAY2300-T111749.99,DELTA,12,30,13,36,460,no,78,-1000
2025-05-22T20:04:07.833294,KXBTCD-25MAY2300-T111749.99,DELTA,12,30,13,1036,461,no,87,1000
2025-05-22T20:04:08.052872,KXBTCD-25MAY2300-T111749.99,DELTA,12,130,13,1036,462,yes,12,100
2025-05-22T20:04:08.072274,KXBTCD-25MAY2300-T111749.99,DELTA,12,130,13,1036,463,no,80,100
2025-05-22T20:04:08.973115,KXBTCD-25MAY2300-T111749.99,DELTA,12,130,13,1036,464,no,80,-100
2025-05-22T20:04:08.994095,KXBTCD-25MAY2300-T111749.99,DELTA,12,30,13,1036,465,yes,12,-100
2025-05-22T20:04:09.011761,KXBTCD-25MAY2300-T111749.99,DELTA,12,30,13,1036,466,no,6,-5400
2025-05-22T20:04:09.011998,KXBTCD-25MAY2300-T111749.99,DELTA,12,30,13,1036,467,no,8,4050
2025-05-22T20:04:09.072438,KXBTCD-25MAY2300-T111749.99,DELTA,12,30,13,1036,468,no,7,-20000
2025-05-22T20:04:09.111800,KXBTCD-25MAY2300-T111749.99,DELTA,12,30,13,1036,469,no,83,-9
2025-05-22T20:04:09.132960,KXBTCD-25MAY2300-T111749.99,DELTA,12,30,13,1036,470,no,9,20000
2025-05-22T20:04:10.973352,KXBTCD-25MAY2300-T111749.99,DELTA,12,30,13,36,471,no,87,-1000
2025-05-22T20:04:11.013472,KXBTCD-25MAY2300-T111749.99,DELTA,12,30,13,1036,472,no,87,1000
2025-05-22T20:04:11.113368,KXBTCD-25MAY2300-T111749.99,DELTA,12,30,13,1036,473,no,83,9
2025-05-22T20:04:11.373201,KXBTCD-25MAY2300-T111749.99,DELTA,12,30,13,36,474,no,87,-1000
2025-05-22T20:04:11.412466,KXBTCD-25MAY2300-T111749.99,DELTA,12,30,13,36,475,no,78,1000
2025-05-22T20:04:11.691784,KXBTCD-25MAY2300-T111749.99,DELTA,12,30,13,36,476,no,8,-4050
2025-05-22T20:04:11.692039,KXBTCD-25MAY2300-T111749.99,DELTA,12,30,13,36,477,no,40,810
2025-05-22T20:04:11.751928,KXBTCD-25MAY2300-T111749.99,DELTA,12,30,13,36,478,no,9,-20000
2025-05-22T20:04:12.673274,KXBTCD-25MAY2300-T111749.99,DELTA,12,130,13,36,479,yes,12,100
2025-05-22T20:04:12.674292,KXBTCD-25MAY2300-T111749.99,DELTA,12,130,13,36,480,no,80,100
2025-05-22T20:04:12.733417,KXBTCD-25MAY2300-T111749.99,DELTA,12,130,13,36,481,no,78,-1000
2025-05-22T20:04:12.773051,KXBTCD-25MAY2300-T111749.99,DELTA,12,130,13,36,482,no,81,1000
2025-05-22T20:04:13.312987,KXBTCD-25MAY2300-T111749.99,DELTA,12,130,13,36,483,no,80,-100
2025-05-22T20:04:13.313841,KXBTCD-25MAY2300-T111749.99,DELTA,12,30,13,36,484,yes,12,-100
2025-05-22T20:04:13.393186,KXBTCD-25MAY2300-T111749.99,DELTA,12,30,13,36,485,no,81,-1000
2025-05-22T20:04:13.432925,KXBTCD-25MAY2300-T111749.99,DELTA,12,30,13,36,486,no,78,1000
2025-05-22T20:04:19.091794,KXBTCD-25MAY2300-T111749.99,DELTA,12,130,13,36,487,yes,12,100
2025-05-22T20:04:19.092032,KXBTCD-25MAY2300-T111749.99,DELTA,12,130,13,36,488,no,80,100
2025-05-22T20:04:19.152831,KXBTCD-25MAY2300-T111749.99,DELTA,12,130,13,36,489,no,78,-1000
2025-05-22T20:04:19.212674,KXBTCD-25MAY2300-T111749.99,DELTA,12,130,13,36,490,no,81,1000
2025-05-22T20:04:19.553779,KXBTCD-25MAY2300-T111749.99,DELTA,12,130,13,36,491,no,81,-1000
2025-05-22T20:04:19.652793,KXBTCD-25MAY2300-T111749.99,DELTA,12,130,13,1036,492,no,87,1000
2025-05-22T20:04:20.694479,KXBTCD-25MAY2300-T111749.99,DELTA,12,130,13,1036,493,no,80,-100
2025-05-22T20:04:20.695300,KXBTCD-25MAY2300-T111749.99,DELTA,12,30,13,1036,494,yes,12,-100
2025-05-22T20:04:20.833047,KXBTCD-25MAY2300-T111749.99,DELTA,12,30,13,1036,495,no,83,-9
2025-05-22T20:04:22.672461,KXBTCD-25MAY2300-T111749.99,DELTA,12,30,13,1036,496,yes,11,100
2025-05-22T20:04:22.693207,KXBTCD-25MAY2300-T111749.99,DELTA,12,30,13,1036,497,no,79,100
2025-05-22T20:04:23.812429,KXBTCD-25MAY2300-T111749.99,DELTA,12,30,13,1036,498,no,79,-100
2025-05-22T20:04:23.813476,KXBTCD-25MAY2300-T111749.99,DELTA,12,30,13,1036,499,yes,11,-100
2025-05-22T20:04:27.913542,KXBTCD-25MAY2300-T111749.99,DELTA,12,130,13,1036,500,yes,12,100
2025-05-22T20:04:27.914640,KXBTCD-25MAY2300-T111749.99,DELTA,12,130,13,1036,501,no,80,100
2025-05-22T20:04:28.452611,KXBTCD-25MAY2300-T111749.99,DELTA,12,130,13,1036,502,no,80,-100
2025-05-22T20:04:28.473224,KXBTCD-25MAY2300-T111749.99,DELTA,12,30,13,1036,503,yes,12,-100
2025-05-22T20:04:28.734418,KXBTCD-25MAY2300-T111749.99,DELTA,12,30,13,36,504,no,87,-1000
2025-05-22T20:04:28.793291,KXBTCD-25MAY2300-T111749.99,DELTA,12,30,13,36,505,no,78,1000
2025-05-22T20:04:28.833201,KXBTCD-25MAY2300-T111749.99,DELTA,12,30,13,36,506,no,83,9
2025-05-22T20:04:32.002111,KXBTCD-25MAY2300-T111749.99,DELTA,12,30,13,36,507,no,78,-1000
2025-05-22T20:04:32.002975,KXBTCD-25MAY2300-T111749.99,DELTA,12,30,13,1036,508,no,87,1000
2025-05-22T20:04:33.052638,KXBTCD-25MAY2300-T111749.99,DELTA,12,30,13,1036,509,yes,11,100
2025-05-22T20:04:33.053337,KXBTCD-25MAY2300-T111749.99,DELTA,12,30,13,1036,510,no,79,100
2025-05-22T20:04:33.173067,KXBTCD-25MAY2300-T111749.99,DELTA,12,30,13,1036,511,no,83,-9
2025-05-22T20:04:33.974605,KXBTCD-25MAY2300-T111749.99,DELTA,12,30,13,1036,512,no,79,-100
2025-05-22T20:04:33.975514,KXBTCD-25MAY2300-T111749.99,DELTA,12,30,13,1036,513,yes,11,-100
2025-05-22T20:04:37.867645,KXBTCD-25MAY2300-T111749.99,DELTA,12,30,13,1036,514,yes,11,100
2025-05-22T20:04:37.868688,KXBTCD-25MAY2300-T111749.99,DELTA,12,30,13,1036,515,no,79,100
2025-05-22T20:04:39.499633,KXBTCD-25MAY2300-T111749.99,DELTA,12,30,13,1036,516,no,79,-100
2025-05-22T20:04:39.500389,KXBTCD-25MAY2300-T111749.99,DELTA,12,30,13,1036,517,yes,11,-100
2025-05-22T20:04:43.077197,KXBTCD-25MAY2300-T111749.99,DELTA,12,30,13,36,518,no,87,-1000
2025-05-22T20:04:43.077783,KXBTCD-25MAY2300-T111749.99,DELTA,12,30,13,36,519,no,78,1000
2025-05-22T20:04:43.078142,KXBTCD-25MAY2300-T111749.99,DELTA,12,30,13,36,520,no,83,9
2025-05-22T20:04:43.600872,KXBTCD-25MAY2300-T111749.99,DELTA,12,30,13,36,521,yes,11,100
2025-05-22T20:04:43.602230,KXBTCD-25MAY2300-T111749.99,DELTA,12,30,13,36,522,no,79,100
2025-05-22T20:04:43.603188,KXBTCD-25MAY2300-T111749.99,DELTA,12,30,13,36,523,no,78,-1000
2025-05-22T20:04:43.604083,KXBTCD-25MAY2300-T111749.99,DELTA,12,30,13,36,524,no,80,1000
2025-05-22T20:04:44.432836,KXBTCD-25MAY2300-T111749.99,DELTA,12,30,13,36,525,no,79,-100
2025-05-22T20:04:44.453243,KXBTCD-25MAY2300-T111749.99,DELTA,12,30,13,36,526,yes,11,-100
2025-05-22T20:04:44.492179,KXBTCD-25MAY2300-T111749.99,DELTA,12,30,13,36,527,no,80,-1000
2025-05-22T20:04:44.533353,KXBTCD-25MAY2300-T111749.99,DELTA,12,30,13,36,528,no,78,1000
2025-05-22T20:04:48.833651,KXBTCD-25MAY2300-T111749.99,DELTA,12,30,13,36,529,no,78,-1000
2025-05-22T20:04:48.893408,KXBTCD-25MAY2300-T111749.99,DELTA,12,30,13,1036,530,no,87,1000
2025-05-22T20:04:49.173801,KXBTCD-25MAY2300-T111749.99,DELTA,12,30,13,1036,531,yes,11,100
2025-05-22T20:04:49.174366,KXBTCD-25MAY2300-T111749.99,DELTA,12,30,13,1036,532,no,79,100
2025-05-22T20:04:50.295368,KXBTCD-25MAY2300-T111749.99,DELTA,12,30,13,1036,533,no,79,-100
2025-05-22T20:04:50.296069,KXBTCD-25MAY2300-T111749.99,DELTA,12,30,13,1036,534,yes,11,-100
2025-05-22T20:04:50.414053,KXBTCD-25MAY2300-T111749.99,DELTA,12,30,13,1036,535,no,83,-9
2025-05-22T20:04:53.473348,KXBTCD-25MAY2300-T111749.99,DELTA,12,30,13,1036,536,yes,1,-32400
2025-05-22T20:04:53.473677,KXBTCD-25MAY2300-T111749.99,DELTA,12,30,13,1036,537,yes,2,16200
2025-05-22T20:04:53.533236,KXBTCD-25MAY2300-T111749.99,DELTA,12,30,13,1036,538,yes,2,-20000
2025-05-22T20:04:53.552779,KXBTCD-25MAY2300-T111749.99,DELTA,12,30,13,1036,539,yes,2,-2000
2025-05-22T20:04:53.552965,KXBTCD-25MAY2300-T111749.99,DELTA,12,30,13,1036,540,yes,2,-1000
2025-05-22T20:04:53.573275,KXBTCD-25MAY2300-T111749.99,DELTA,12,30,13,1036,541,yes,2,-1250
2025-05-22T20:04:53.613079,KXBTCD-25MAY2300-T111749.99,DELTA,12,30,13,1036,542,yes,3,20000
2025-05-22T20:04:53.613221,KXBTCD-25MAY2300-T111749.99,DELTA,12,30,13,1036,543,yes,3,1000
2025-05-22T20:04:53.613295,KXBTCD-25MAY2300-T111749.99,DELTA,12,30,13,1036,544,yes,3,1250
2025-05-22T20:04:53.613353,KXBTCD-25MAY2300-T111749.99,DELTA,12,30,13,1036,545,yes,3,2000
2025-05-22T20:04:54.573630,KXBTCD-25MAY2300-T111749.99,DELTA,12,30,13,1036,546,yes,11,100
2025-05-22T20:04:54.574550,KXBTCD-25MAY2300-T111749.99,DELTA,12,30,13,1036,547,yes,2,-16200
2025-05-22T20:04:54.575243,KXBTCD-25MAY2300-T111749.99,DELTA,12,30,13,1036,548,yes,1,32400
2025-05-22T20:04:54.575838,KXBTCD-25MAY2300-T111749.99,DELTA,12,30,13,1036,549,no,79,100
2025-05-22T20:04:54.636263,KXBTCD-25MAY2300-T111749.99,DELTA,12,30,13,1036,550,yes,3,-20000
2025-05-22T20:04:54.637003,KXBTCD-25MAY2300-T111749.99,DELTA,12,30,13,1036,551,yes,3,-2000
2025-05-22T20:04:54.653597,KXBTCD-25MAY2300-T111749.99,DELTA,12,30,13,1036,552,yes,3,-1000
2025-05-22T20:04:54.654361,KXBTCD-25MAY2300-T111749.99,DELTA,12,30,13,1036,553,yes,3,-1250
2025-05-22T20:04:54.715460,KXBTCD-25MAY2300-T111749.99,DELTA,12,30,13,1036,554,yes,2,1250
2025-05-22T20:04:54.716414,KXBTCD-25MAY2300-T111749.99,DELTA,12,30,13,1036,555,yes,2,1000
2025-05-22T20:04:54.717110,KXBTCD-25MAY2300-T111749.99,DELTA,12,30,13,1036,556,yes,2,20000
2025-05-22T20:04:54.717760,KXBTCD-25MAY2300-T111749.99,DELTA,12,30,13,1036,557,yes,2,2000
2025-05-22T20:04:55.153299,KXBTCD-25MAY2300-T111749.99,DELTA,12,30,13,1036,558,no,79,-100
2025-05-22T20:04:55.174381,KXBTCD-25MAY2300-T111749.99,DELTA,12,30,13,1036,559,yes,11,-100
2025-05-22T20:04:58.973781,KXBTCD-25MAY2300-T111749.99,DELTA,12,30,13,1036,560,yes,1,-32400
2025-05-22T20:04:58.974315,KXBTCD-25MAY2300-T111749.99,DELTA,12,30,13,1036,561,yes,2,16200
2025-05-22T20:04:59.034331,KXBTCD-25MAY2300-T111749.99,DELTA,12,30,13,1036,562,yes,2,-20000
2025-05-22T20:04:59.054512,KXBTCD-25MAY2300-T111749.99,DELTA,12,30,13,1036,563,yes,2,-2000
2025-05-22T20:04:59.054908,KXBTCD-25MAY2300-T111749.99,DELTA,12,30,13,1036,564,yes,2,-1000
2025-05-22T20:04:59.072939,KXBTCD-25MAY2300-T111749.99,DELTA,12,30,13,1036,565,yes,2,-1250
2025-05-22T20:04:59.112984,KXBTCD-25MAY2300-T111749.99,DELTA,12,30,13,1036,566,yes,10,30
2025-05-22T20:04:59.113213,KXBTCD-25MAY2300-T111749.99,DELTA,10,30,13,1036,567,yes,12,-30
2025-05-22T20:04:59.133732,KXBTCD-25MAY2300-T111749.99,DELTA,10,30,13,1036,568,yes,3,20000
2025-05-22T20:04:59.133951,KXBTCD-25MAY2300-T111749.99,DELTA,10,30,13,1036,569,yes,3,1250
2025-05-22T20:04:59.134064,KXBTCD-25MAY2300-T111749.99,DELTA,10,30,13,1036,570,yes,3,1000
2025-05-22T20:04:59.134161,KXBTCD-25MAY2300-T111749.99,DELTA,10,30,13,1036,571,no,79,30
2025-05-22T20:04:59.134252,KXBTCD-25MAY2300-T111749.99,DELTA,10,30,13,1036,572,no,77,-30
2025-05-22T20:04:59.134338,KXBTCD-25MAY2300-T111749.99,DELTA,10,30,13,1036,573,yes,3,2000
2025-05-22T20:04:59.452954,KXBTCD-25MAY2300-T111749.99,DELTA,11,100,13,1036,574,yes,11,100
2025-05-22T20:04:59.472881,KXBTCD-25MAY2300-T111749.99,DELTA,11,100,13,1036,575,no,79,100
2025-05-22T20:05:00.353799,KXBTCD-25MAY2300-T111749.99,DELTA,11,100,13,1036,576,no,79,-100
2025-05-22T20:05:00.373799,KXBTCD-25MAY2300-T111749.99,DELTA,10,30,13,1036,577,yes,11,-100
2025-05-22T20:05:01.693025,KXBTCD-25MAY2300-T111749.99,DELTA,10,30,13,1036,578,yes,2,-16200
2025-05-22T20:05:01.693675,KXBTCD-25MAY2300-T111749.99,DELTA,10,30,13,1036,579,yes,1,32400
2025-05-22T20:05:01.756460,KXBTCD-25MAY2300-T111749.99,DELTA,10,30,13,1036,580,yes,3,-20000
2025-05-22T20:05:01.788552,KXBTCD-25MAY2300-T111749.99,DELTA,10,30,13,1036,581,yes,3,-2000
2025-05-22T20:05:01.789264,KXBTCD-25MAY2300-T111749.99,DELTA,10,30,13,1036,582,yes,3,-1000
2025-05-22T20:05:01.795438,KXBTCD-25MAY2300-T111749.99,DELTA,10,30,13,1036,583,yes,3,-1250
2025-05-22T20:05:01.832846,KXBTCD-25MAY2300-T111749.99,DELTA,10,30,13,1036,584,yes,2,20000
2025-05-22T20:05:01.852461,KXBTCD-25MAY2300-T111749.99,DELTA,10,30,13,1036,585,yes,2,2000
2025-05-22T20:05:01.874018,KXBTCD-25MAY2300-T111749.99,DELTA,10,30,13,1036,586,yes,2,1000
2025-05-22T20:05:02.034134,KXBTCD-25MAY2300-T111749.99,DELTA,10,30,13,1036,587,yes,2,1250
2025-05-22T20:05:02.134293,KXBTCD-25MAY2300-T111749.99,DELTA,10,30,13,1036,588,no,70,250
2025-05-22T20:05:02.153168,KXBTCD-25MAY2300-T111749.99,DELTA,10,30,13,1036,589,no,72,250
2025-05-22T20:05:02.153809,KXBTCD-25MAY2300-T111749.99,DELTA,10,30,13,1036,590,no,74,250
2025-05-22T20:05:02.173558,KXBTCD-25MAY2300-T111749.99,DELTA,10,30,13,1036,591,no,76,250
2025-05-22T20:05:02.174427,KXBTCD-25MAY2300-T111749.99,DELTA,10,30,13,1036,592,no,68,250
2025-05-22T20:05:02.202596,KXBTCD-25MAY2300-T111749.99,DELTA,10,30,13,1036,593,yes,4,250
2025-05-22T20:05:02.203379,KXBTCD-25MAY2300-T111749.99,DELTA,10,30,13,1036,594,yes,2,250
2025-05-22T20:05:02.376057,KXBTCD-25MAY2300-T111749.99,DELTA,10,30,13,1036,595,yes,2,-2000
2025-05-22T20:05:02.376372,KXBTCD-25MAY2300-T111749.99,DELTA,10,30,13,1036,596,yes,2,-1000
2025-05-22T20:05:02.376708,KXBTCD-25MAY2300-T111749.99,DELTA,10,30,13,1036,597,yes,2,-1250
2025-05-22T20:05:02.376828,KXBTCD-25MAY2300-T111749.99,DELTA,10,30,13,1036,598,no,41,-2000
2025-05-22T20:05:02.412561,KXBTCD-25MAY2300-T111749.99,DELTA,10,30,13,1036,599,yes,5,1250
2025-05-22T20:05:02.412940,KXBTCD-25MAY2300-T111749.99,DELTA,10,30,13,1036,600,yes,5,1000
2025-05-22T20:05:02.513883,KXBTCD-25MAY2300-T111749.99,DELTA,10,30,13,1036,601,no,77,1250
2025-05-22T20:05:02.573645,KXBTCD-25MAY2300-T111749.99,DELTA,10,30,13,1036,602,yes,5,2000
2025-05-22T20:05:02.632594,KXBTCD-25MAY2300-T111749.99,DELTA,10,30,13,1036,603,yes,4,-9
2025-05-22T20:05:02.693209,KXBTCD-25MAY2300-T111749.99,DELTA,10,30,13,1036,604,yes,6,9
2025-05-22T20:05:02.871840,KXBTCD-25MAY2300-T111749.99,DELTA,10,30,13,1036,605,yes,1,-32400
2025-05-22T20:05:02.872382,KXBTCD-25MAY2300-T111749.99,DELTA,10,30,13,1036,606,yes,2,16200
2025-05-22T20:05:02.973457,KXBTCD-25MAY2300-T111749.99,DELTA,10,30,13,1036,607,yes,2,-20000
2025-05-22T20:05:03.012996,KXBTCD-25MAY2300-T111749.99,DELTA,10,30,13,1036,608,yes,3,20000
2025-05-22T20:05:03.013868,KXBTCD-25MAY2300-T111749.99,DELTA,10,30,13,1036,609,no,77,2000
2025-05-22T20:05:03.093852,KXBTCD-25MAY2300-T111749.99,DELTA,10,30,13,1036,610,yes,6,250
2025-05-22T20:05:03.302673,KXBTCD-25MAY2300-T111749.99,DELTA,10,30,13,1036,611,yes,5,-1000
2025-05-22T20:05:03.303677,KXBTCD-25MAY2300-T111749.99,DELTA,10,30,13,1036,612,yes,5,-1250
2025-05-22T20:05:03.415211,KXBTCD-25MAY2300-T111749.99,DELTA,10,30,13,1036,613,yes,6,-9
2025-05-22T20:05:03.433666,KXBTCD-25MAY2300-T111749.99,DELTA,10,30,13,1036,614,yes,7,1000
2025-05-22T20:05:03.616119,KXBTCD-25MAY2300-T111749.99,DELTA,10,30,13,1036,615,yes,6,1250
2025-05-22T20:05:04.493391,KXBTCD-25MAY2300-T111749.99,DELTA,12,100,13,1036,616,yes,12,100
2025-05-22T20:05:04.494052,KXBTCD-25MAY2300-T111749.99,DELTA,12,100,13,1036,617,no,79,100
2025-05-22T20:05:04.613635,KXBTCD-25MAY2300-T111749.99,DELTA,12,100,13,1036,618,yes,8,9
2025-05-22T20:05:05.693431,KXBTCD-25MAY2300-T111749.99,DELTA,12,100,13,1036,619,no,79,-100
2025-05-22T20:05:05.694224,KXBTCD-25MAY2300-T111749.99,DELTA,10,30,13,1036,620,yes,12,-100
2025-05-22T20:05:05.813343,KXBTCD-25MAY2300-T111749.99,DELTA,10,30,13,1036,621,yes,8,-9
2025-05-22T20:05:10.993462,KXBTCD-25MAY2300-T111749.99,DELTA,11,100,13,1036,622,yes,11,100
2025-05-22T20:05:11.013177,KXBTCD-25MAY2300-T111749.99,DELTA,11,100,13,1036,623,no,79,100
2025-05-22T20:05:12.168556,KXBTCD-25MAY2300-T111749.99,DELTA,11,100,13,1036,624,yes,6,-250
2025-05-22T20:05:12.173895,KXBTCD-25MAY2300-T111749.99,DELTA,11,100,13,1036,625,yes,7,-1000
2025-05-22T20:05:12.192827,KXBTCD-25MAY2300-T111749.99,DELTA,11,100,13,1036,626,yes,6,-1250
2025-05-22T20:05:12.233262,KXBTCD-25MAY2300-T111749.99,DELTA,11,100,13,1036,627,yes,5,1000
2025-05-22T20:05:12.234276,KXBTCD-25MAY2300-T111749.99,DELTA,11,100,13,1036,628,yes,5,1250
2025-05-22T20:05:12.453661,KXBTCD-25MAY2300-T111749.99,DELTA,11,100,13,1036,629,no,79,-100
2025-05-22T20:05:12.473167,KXBTCD-25MAY2300-T111749.99,DELTA,10,30,13,1036,630,yes,11,-100
2025-05-22T20:05:16.812989,KXBTCD-25MAY2300-T111749.99,DELTA,10,30,13,1036,631,yes,7,14
2025-05-22T20:05:16.813440,KXBTCD-25MAY2300-T111749.99,DELTA,10,30,13,1036,632,yes,8,-14
2025-05-22T20:05:16.813701,KXBTCD-25MAY2300-T111749.99,DELTA,10,30,13,1036,633,no,82,-14
2025-05-22T20:05:16.813859,KXBTCD-25MAY2300-T111749.99,DELTA,10,30,13,1036,634,no,84,14
2025-05-22T20:05:16.953781,KXBTCD-25MAY2300-T111749.99,DELTA,10,30,13,1036,635,yes,5,-2000
2025-05-22T20:05:16.954515,KXBTCD-25MAY2300-T111749.99,DELTA,10,30,13,36,636,no,87,-1000
2025-05-22T20:05:17.053847,KXBTCD-25MAY2300-T111749.99,DELTA,10,30,12,1000,637,no,88,1000
2025-05-22T20:05:17.057143,KXBTCD-25MAY2300-T111749.99,DELTA,10,30,12,1000,638,yes,4,2000
2025-05-22T20:05:17.173881,KXBTCD-25MAY2300-T111749.99,DELTA,10,30,12,1000,639,no,78,250
2025-05-22T20:05:17.174519,KXBTCD-25MAY2300-T111749.99,DELTA,10,30,12,1000,640,no,68,-250
2025-05-22T20:05:17.234125,KXBTCD-25MAY2300-T111749.99,DELTA,10,30,12,1000,641,no,77,-2000
2025-05-22T20:05:17.252803,KXBTCD-25MAY2300-T111749.99,DELTA,10,30,12,1000,642,no,77,-1250
2025-05-22T20:05:17.313580,KXBTCD-25MAY2300-T111749.99,DELTA,10,30,12,1000,643,no,79,2000
2025-05-22T20:05:17.412952,KXBTCD-25MAY2300-T111749.99,DELTA,10,30,12,1000,644,no,79,1250
2025-05-22T20:05:17.793654,KXBTCD-25MAY2300-T111749.99,DELTA,10,30,12,1000,645,yes,8,30
2025-05-22T20:05:17.794519,KXBTCD-25MAY2300-T111749.99,DELTA,8,30,12,1000,646,yes,10,-30
2025-05-22T20:05:17.812683,KXBTCD-25MAY2300-T111749.99,DELTA,8,30,12,1000,647,no,79,-30
2025-05-22T20:05:17.813276,KXBTCD-25MAY2300-T111749.99,DELTA,8,30,12,1000,648,no,81,30
2025-05-22T20:05:17.814306,KXBTCD-25MAY2300-T111749.99,DELTA,8,30,12,1000,649,yes,7,-14
2025-05-22T20:05:17.833246,KXBTCD-25MAY2300-T111749.99,DELTA,8,30,12,1000,650,no,84,-14
2025-05-22T20:05:17.833962,KXBTCD-25MAY2300-T111749.99,DELTA,8,30,12,1000,651,yes,5,14
2025-05-22T20:05:17.834541,KXBTCD-25MAY2300-T111749.99,DELTA,8,30,12,1000,652,no,85,14
2025-05-22T20:05:17.852716,KXBTCD-25MAY2300-T111749.99,DELTA,8,30,12,1000,653,no,40,-200
2025-05-22T20:05:17.853392,KXBTCD-25MAY2300-T111749.99,DELTA,8,30,12,1000,654,no,50,200
2025-05-22T20:05:17.853933,KXBTCD-25MAY2300-T111749.99,DELTA,11,100,12,1000,655,yes,11,100
2025-05-22T20:05:17.854450,KXBTCD-25MAY2300-T111749.99,DELTA,11,100,12,1000,656,no,79,100
2025-05-22T20:05:19.073939,KXBTCD-25MAY2300-T111749.99,DELTA,11,100,12,1000,657,no,79,-100
2025-05-22T20:05:19.074364,KXBTCD-25MAY2300-T111749.99,DELTA,8,30,12,1000,658,yes,11,-100
2025-05-22T20:05:20.572642,KXBTCD-25MAY2300-T111749.99,DELTA,8,30,12,1000,659,no,40,-810
2025-05-22T20:05:20.572934,KXBTCD-25MAY2300-T111749.99,DELTA,8,30,12,1000,660,no,4,8100
2025-05-22T20:05:20.652905,KXBTCD-25MAY2300-T111749.99,DELTA,8,30,12,1000,661,no,5,20000
2025-05-22T20:05:22.973629,KXBTCD-25MAY2300-T111749.99,DELTA,11,100,12,1000,662,yes,11,100
2025-05-22T20:05:22.974594,KXBTCD-25MAY2300-T111749.99,DELTA,11,100,12,1000,663,no,81,100
2025-05-22T20:05:23.113392,KXBTCD-25MAY2300-T111749.99,DELTA,11,100,12,1000,664,yes,6,9
2025-05-22T20:05:23.173684,KXBTCD-25MAY2300-T111749.99,DELTA,11,100,12,1000,665,yes,2,-16200
2025-05-22T20:05:23.213444,KXBTCD-25MAY2300-T111749.99,DELTA,11,100,12,1000,666,no,4,-8100
2025-05-22T20:05:23.214417,KXBTCD-25MAY2300-T111749.99,DELTA,11,100,12,1000,667,no,6,5400
2025-05-22T20:05:23.232546,KXBTCD-25MAY2300-T111749.99,DELTA,11,100,12,1000,668,yes,3,-20000
2025-05-22T20:05:23.293579,KXBTCD-25MAY2300-T111749.99,DELTA,11,100,12,1000,669,no,5,-20000
2025-05-22T20:05:23.332768,KXBTCD-25MAY2300-T111749.99,DELTA,11,100,12,1000,670,no,7,20000
2025-05-22T20:05:23.752501,KXBTCD-25MAY2300-T111749.99,DELTA,11,100,12,1000,671,no,81,-100
2025-05-22T20:05:23.772801,KXBTCD-25MAY2300-T111749.99,DELTA,8,30,12,1000,672,yes,11,-100
2025-05-22T20:05:24.352796,KXBTCD-25MAY2300-T111749.99,DELTA,8,30,12,1000,673,no,6,-5400
2025-05-22T20:05:24.353022,KXBTCD-25MAY2300-T111749.99,DELTA,8,30,12,1000,674,no,8,4050
2025-05-22T20:05:24.412249,KXBTCD-25MAY2300-T111749.99,DELTA,8,30,12,1000,675,no,7,-20000
2025-05-22T20:05:24.452576,KXBTCD-25MAY2300-T111749.99,DELTA,8,30,12,1000,676,no,9,20000
2025-05-22T20:05:25.493305,KXBTCD-25MAY2300-T111749.99,DELTA,8,30,12,1000,677,no,8,-4050
2025-05-22T20:05:25.494422,KXBTCD-25MAY2300-T111749.99,DELTA,8,30,12,1000,678,no,10,3240
2025-05-22T20:05:25.552042,KXBTCD-25MAY2300-T111749.99,DELTA,8,30,12,1000,679,no,9,-20000
2025-05-22T20:05:25.591960,KXBTCD-25MAY2300-T111749.99,DELTA,8,30,12,1000,680,no,11,20000
2025-05-22T20:05:25.612800,KXBTCD-25MAY2300-T111749.99,DELTA,8,30,12,1000,681,yes,6,-9
2025-05-22T20:05:26.593703,KXBTCD-25MAY2300-T111749.99,DELTA,8,30,12,1000,682,no,10,-3240
2025-05-22T20:05:26.594565,KXBTCD-25MAY2300-T111749.99,DELTA,8,30,12,1000,683,no,12,2700
2025-05-22T20:05:26.652821,KXBTCD-25MAY2300-T111749.99,DELTA,8,30,12,1000,684,no,11,-20000
2025-05-22T20:05:27.120492,KXBTCD-25MAY2300-T111749.99,DELTA,8,30,12,1000,685,no,81,100
2025-05-22T20:05:27.121915,KXBTCD-25MAY2300-T111749.99,DELTA,10,100,12,1000,686,yes,10,100
2025-05-22T20:05:27.653633,KXBTCD-25MAY2300-T111749.99,DELTA,10,100,12,1000,687,no,12,-2700
2025-05-22T20:05:27.654700,KXBTCD-25MAY2300-T111749.99,DELTA,10,100,12,1000,688,no,4,8100
2025-05-22T20:05:27.734243,KXBTCD-25MAY2300-T111749.99,DELTA,10,100,12,1000,689,no,5,20000
2025-05-22T20:05:27.753846,KXBTCD-25MAY2300-T111749.99,DELTA,10,100,12,1000,690,yes,6,9
2025-05-22T20:05:28.793542,KXBTCD-25MAY2300-T111749.99,DELTA,8,30,12,1000,691,yes,10,-100
2025-05-22T20:05:28.813489,KXBTCD-25MAY2300-T111749.99,DELTA,8,30,12,1000,692,no,81,-100
2025-05-22T20:05:28.912200,KXBTCD-25MAY2300-T111749.99,DELTA,8,30,12,1000,693,yes,6,-9
2025-05-22T20:05:31.934609,KXBTCD-25MAY2300-T111749.99,DELTA,8,30,12,1000,694,no,4,-8100
2025-05-22T20:05:31.935656,KXBTCD-25MAY2300-T111749.99,DELTA,8,30,12,1000,695,no,6,5400
2025-05-22T20:05:31.993539,KXBTCD-25MAY2300-T111749.99,DELTA,8,30,12,1000,696,no,5,-20000
2025-05-22T20:05:32.053658,KXBTCD-25MAY2300-T111749.99,DELTA,8,30,12,1000,697,no,7,20000
2025-05-22T20:05:32.432486,KXBTCD-25MAY2300-T111749.99,DELTA,8,30,12,1000,698,no,81,100
2025-05-22T20:05:32.452673,KXBTCD-25MAY2300-T111749.99,DELTA,11,100,12,1000,699,yes,11,100
2025-05-22T20:05:33.894172,KXBTCD-25MAY2300-T111749.99,DELTA,8,30,12,1000,700,yes,11,-100
2025-05-22T20:05:33.895375,KXBTCD-25MAY2300-T111749.99,DELTA,8,30,12,1000,701,no,81,-100
2025-05-22T20:05:34.393330,KXBTCD-25MAY2300-T111749.99,DELTA,8,30,12,1000,702,no,6,-5400
2025-05-22T20:05:34.393723,KXBTCD-25MAY2300-T111749.99,DELTA,8,30,12,1000,703,no,8,4050
2025-05-22T20:05:34.452492,KXBTCD-25MAY2300-T111749.99,DELTA,8,30,12,1000,704,no,7,-20000
2025-05-22T20:05:34.492278,KXBTCD-25MAY2300-T111749.99,DELTA,8,30,12,1000,705,no,9,20000
2025-05-22T20:05:35.493605,KXBTCD-25MAY2300-T111749.99,DELTA,8,30,12,1000,706,no,8,-4050
2025-05-22T20:05:35.494523,KXBTCD-25MAY2300-T111749.99,DELTA,8,30,12,1000,707,no,10,3240
2025-05-22T20:05:35.552312,KXBTCD-25MAY2300-T111749.99,DELTA,8,30,12,1000,708,no,9,-20000
2025-05-22T20:05:35.591858,KXBTCD-25MAY2300-T111749.99,DELTA,8,30,12,1000,709,no,11,20000
2025-05-22T20:05:36.573110,KXBTCD-25MAY2300-T111749.99,DELTA,8,30,12,1000,710,no,10,-3240
2025-05-22T20:05:36.574147,KXBTCD-25MAY2300-T111749.99,DELTA,8,30,12,1000,711,no,12,2700
2025-05-22T20:05:36.632994,KXBTCD-25MAY2300-T111749.99,DELTA,8,30,12,1000,712,no,11,-20000
2025-05-22T20:05:37.133719,KXBTCD-25MAY2300-T111749.99,DELTA,8,30,12,1000,713,yes,4,-250
2025-05-22T20:05:37.193932,KXBTCD-25MAY2300-T111749.99,DELTA,8,30,12,1000,714,yes,4,-2000
2025-05-22T20:05:37.194784,KXBTCD-25MAY2300-T111749.99,DELTA,8,30,12,1000,715,yes,5,-1000
2025-05-22T20:05:37.214378,KXBTCD-25MAY2300-T111749.99,DELTA,8,30,12,1000,716,yes,5,-1250
2025-05-22T20:05:37.253021,KXBTCD-25MAY2300-T111749.99,DELTA,8,30,12,1000,717,yes,3,2000
2025-05-22T20:05:37.253808,KXBTCD-25MAY2300-T111749.99,DELTA,8,30,12,1000,718,yes,3,1250
2025-05-22T20:05:37.254170,KXBTCD-25MAY2300-T111749.99,DELTA,8,30,12,1000,719,yes,3,1000
2025-05-22T20:05:37.674370,KXBTCD-25MAY2300-T111749.99,DELTA,8,30,12,1000,720,no,12,-2700
2025-05-22T20:05:37.675558,KXBTCD-25MAY2300-T111749.99,DELTA,8,30,12,1000,721,no,4,8100
2025-05-22T20:05:37.773911,KXBTCD-25MAY2300-T111749.99,DELTA,8,30,12,1000,722,no,5,20000
2025-05-22T20:05:37.792870,KXBTCD-25MAY2300-T111749.99,DELTA,8,30,12,1000,723,yes,4,9
2025-05-22T20:05:38.352275,KXBTCD-25MAY2300-T111749.99,DELTA,11,100,12,1000,724,yes,11,100
2025-05-22T20:05:38.372678,KXBTCD-25MAY2300-T111749.99,DELTA,11,100,12,1000,725,no,81,100
2025-05-22T20:05:38.693901,KXBTCD-25MAY2300-T111749.99,DELTA,11,100,12,1000,726,no,4,-8100
2025-05-22T20:05:38.695057,KXBTCD-25MAY2300-T111749.99,DELTA,11,100,12,1000,727,no,6,5400
2025-05-22T20:05:38.753410,KXBTCD-25MAY2300-T111749.99,DELTA,11,100,12,1000,728,no,5,-20000
2025-05-22T20:05:38.793465,KXBTCD-25MAY2300-T111749.99,DELTA,11,100,12,1000,729,no,7,20000
2025-05-22T20:05:39.412738,KXBTCD-25MAY2300-T111749.99,DELTA,11,100,12,1000,730,no,81,-100
2025-05-22T20:05:39.413134,KXBTCD-25MAY2300-T111749.99,DELTA,8,30,12,1000,731,yes,11,-100
2025-05-22T20:05:46.113343,KXBTCD-25MAY2300-T111749.99,DELTA,8,30,12,1000,732,no,81,100
2025-05-22T20:05:46.193938,KXBTCD-25MAY2300-T111749.99,DELTA,11,100,12,1000,733,yes,11,100
2025-05-22T20:05:47.416524,KXBTCD-25MAY2300-T111749.99,DELTA,11,100,12,1000,734,no,6,-5400
2025-05-22T20:05:47.417755,KXBTCD-25MAY2300-T111749.99,DELTA,11,100,12,1000,735,no,8,4050
2025-05-22T20:05:47.512793,KXBTCD-25MAY2300-T111749.99,DELTA,11,100,12,1000,736,no,7,-20000
2025-05-22T20:05:47.713972,KXBTCD-25MAY2300-T111749.99,DELTA,11,100,12,1000,737,no,9,20000
2025-05-22T20:05:47.793449,KXBTCD-25MAY2300-T111749.99,DELTA,8,30,12,1000,738,yes,11,-100
2025-05-22T20:05:47.813343,KXBTCD-25MAY2300-T111749.99,DELTA,8,30,12,1000,739,no,81,-100
2025-05-22T20:05:49.235467,KXBTCD-25MAY2300-T111749.99,DELTA,8,30,12,1000,740,no,70,-250
2025-05-22T20:05:49.236202,KXBTCD-25MAY2300-T111749.99,DELTA,8,30,12,1000,741,no,80,250
2025-05-22T20:05:49.237280,KXBTCD-25MAY2300-T111749.99,DELTA,8,30,12,1000,742,no,79,-2000
2025-05-22T20:05:49.237766,KXBTCD-25MAY2300-T111749.99,DELTA,8,30,12,1000,743,no,79,-1250
2025-05-22T20:05:49.273992,KXBTCD-25MAY2300-T111749.99,DELTA,8,30,12,1000,744,no,81,2000
2025-05-22T20:05:49.274538,KXBTCD-25MAY2300-T111749.99,DELTA,8,30,12,1000,745,no,81,1250
2025-05-22T20:05:50.253213,KXBTCD-25MAY2300-T111749.99,DELTA,8,30,12,1000,746,no,8,-4050
2025-05-22T20:05:50.254211,KXBTCD-25MAY2300-T111749.99,DELTA,8,30,12,1000,747,no,10,3240
2025-05-22T20:05:50.319020,KXBTCD-25MAY2300-T111749.99,DELTA,8,30,12,1000,748,no,9,-20000
2025-05-22T20:05:50.373149,KXBTCD-25MAY2300-T111749.99,DELTA,8,30,12,1000,749,no,11,20000
2025-05-22T20:05:51.373380,KXBTCD-25MAY2300-T111749.99,DELTA,8,30,12,1000,750,no,10,-3240
2025-05-22T20:05:51.373880,KXBTCD-25MAY2300-T111749.99,DELTA,8,30,12,1000,751,no,12,2700
2025-05-22T20:05:51.432851,KXBTCD-25MAY2300-T111749.99,DELTA,8,30,12,1000,752,no,11,-20000
2025-05-22T20:05:52.002557,KXBTCD-25MAY2300-T111749.99,DELTA,8,30,12,1000,753,no,81,100
2025-05-22T20:05:52.013742,KXBTCD-25MAY2300-T111749.99,DELTA,11,100,12,1000,754,yes,11,100
2025-05-22T20:05:52.413209,KXBTCD-25MAY2300-T111749.99,DELTA,11,100,12,1000,755,no,12,-2700
2025-05-22T20:05:52.414167,KXBTCD-25MAY2300-T111749.99,DELTA,11,100,12,1000,756,no,4,8100
2025-05-22T20:05:52.472544,KXBTCD-25MAY2300-T111749.99,DELTA,11,100,12,1000,757,no,5,20000
2025-05-22T20:05:52.753132,KXBTCD-25MAY2300-T111749.99,DELTA,8,30,12,1000,758,yes,11,-100
2025-05-22T20:05:52.774210,KXBTCD-25MAY2300-T111749.99,DELTA,8,30,12,1000,759,no,81,-100
2025-05-22T20:05:53.532598,KXBTCD-25MAY2300-T111749.99,DELTA,8,30,12,1000,760,no,4,-8100
2025-05-22T20:05:53.533370,KXBTCD-25MAY2300-T111749.99,DELTA,8,30,12,1000,761,no,6,5400
2025-05-22T20:05:53.593574,KXBTCD-25MAY2300-T111749.99,DELTA,8,30,12,1000,762,no,5,-20000
2025-05-22T20:05:53.633857,KXBTCD-25MAY2300-T111749.99,DELTA,8,30,12,1000,763,no,7,20000
2025-05-22T20:05:54.632984,KXBTCD-25MAY2300-T111749.99,DELTA,8,30,12,1000,764,no,6,-5400
2025-05-22T20:05:54.633873,KXBTCD-25MAY2300-T111749.99,DELTA,8,30,12,1000,765,no,8,4050
2025-05-22T20:05:54.693630,KXBTCD-25MAY2300-T111749.99,DELTA,8,30,12,1000,766,no,7,-20000
2025-05-22T20:05:54.734606,KXBTCD-25MAY2300-T111749.99,DELTA,8,30,12,1000,767,no,9,20000
2025-05-22T20:05:57.413428,KXBTCD-25MAY2300-T111749.99,DELTA,11,100,12,1000,768,yes,11,100
2025-05-22T20:05:57.414312,KXBTCD-25MAY2300-T111749.99,DELTA,11,100,12,1000,769,no,81,100
2025-05-22T20:05:58.773525,KXBTCD-25MAY2300-T111749.99,DELTA,11,100,12,1000,770,no,81,-100
2025-05-22T20:05:58.774398,KXBTCD-25MAY2300-T111749.99,DELTA,8,30,12,1000,771,yes,11,-100
2025-05-22T20:05:58.792784,KXBTCD-25MAY2300-T111749.99,DELTA,8,30,12,1000,772,no,8,-4050
2025-05-22T20:05:58.793585,KXBTCD-25MAY2300-T111749.99,DELTA,8,30,12,1000,773,no,10,3240
2025-05-22T20:05:58.852850,KXBTCD-25MAY2300-T111749.99,DELTA,8,30,12,1000,774,no,9,-20000
2025-05-22T20:05:58.891662,KXBTCD-25MAY2300-T111749.99,DELTA,8,30,12,1000,775,no,11,20000
2025-05-22T20:06:01.453887,KXBTCD-25MAY2300-T111749.99,DELTA,8,30,12,1000,776,no,10,-3240
2025-05-22T20:06:01.454999,KXBTCD-25MAY2300-T111749.99,DELTA,8,30,12,1000,777,no,12,2700
2025-05-22T20:06:01.513474,KXBTCD-25MAY2300-T111749.99,DELTA,8,30,12,1000,778,no,11,-20000
2025-05-22T20:06:02.141359,KXBTCD-25MAY2300-T111749.99,DELTA,8,30,12,1000,779,no,72,-250
2025-05-22T20:06:02.141792,KXBTCD-25MAY2300-T111749.99,DELTA,8,30,12,1000,780,yes,4,250
2025-05-22T20:06:02.141969,KXBTCD-25MAY2300-T111749.99,DELTA,8,30,12,1000,781,no,82,250
2025-05-22T20:06:02.192968,KXBTCD-25MAY2300-T111749.99,DELTA,8,30,12,1000,782,yes,3,-2000
2025-05-22T20:06:02.213583,KXBTCD-25MAY2300-T111749.99,DELTA,8,30,12,1000,783,yes,3,-1000
2025-05-22T20:06:02.213684,KXBTCD-25MAY2300-T111749.99,DELTA,8,30,12,1000,784,yes,3,-1250
2025-05-22T20:06:02.232617,KXBTCD-25MAY2300-T111749.99,DELTA,8,30,12,1000,785,no,81,-2000
2025-05-22T20:06:02.232922,KXBTCD-25MAY2300-T111749.99,DELTA,8,30,12,1000,786,no,81,-1250
2025-05-22T20:06:02.292911,KXBTCD-25MAY2300-T111749.99,DELTA,8,30,12,1000,787,no,83,2000
2025-05-22T20:06:02.293348,KXBTCD-25MAY2300-T111749.99,DELTA,8,30,12,1000,788,yes,4,2000
2025-05-22T20:06:02.313221,KXBTCD-25MAY2300-T111749.99,DELTA,8,30,12,1000,789,no,83,1250
2025-05-22T20:06:02.313704,KXBTCD-25MAY2300-T111749.99,DELTA,8,30,12,1000,790,yes,5,1250
2025-05-22T20:06:02.314097,KXBTCD-25MAY2300-T111749.99,DELTA,8,30,12,1000,791,yes,5,1000
2025-05-22T20:06:02.333628,KXBTCD-25MAY2300-T111749.99,DELTA,8,30,12,1000,792,yes,4,-9
2025-05-22T20:06:02.554581,KXBTCD-25MAY2300-T111749.99,DELTA,8,30,12,1000,793,no,12,-2700
2025-05-22T20:06:02.555535,KXBTCD-25MAY2300-T111749.99,DELTA,8,30,12,1000,794,no,4,8100
2025-05-22T20:06:02.694506,KXBTCD-25MAY2300-T111749.99,DELTA,8,30,12,1000,795,no,5,20000
2025-05-22T20:06:02.993443,KXBTCD-25MAY2300-T111749.99,DELTA,11,100,12,1000,796,yes,11,100
2025-05-22T20:06:03.013407,KXBTCD-25MAY2300-T111749.99,DELTA,11,100,12,1000,797,no,81,100
2025-05-22T20:06:03.053758,KXBTCD-25MAY2300-T111749.99,DELTA,11,100,12,1000,798,yes,6,250
2025-05-22T20:06:03.113140,KXBTCD-25MAY2300-T111749.99,DELTA,11,100,12,1000,799,yes,6,9
2025-05-22T20:06:03.113286,KXBTCD-25MAY2300-T111749.99,DELTA,11,100,12,1000,800,yes,5,-1000
2025-05-22T20:06:03.212237,KXBTCD-25MAY2300-T111749.99,DELTA,11,100,12,1000,801,yes,7,1000
2025-05-22T20:06:03.713731,KXBTCD-25MAY2300-T111749.99,DELTA,11,100,12,1000,802,no,4,-8100
2025-05-22T20:06:03.714815,KXBTCD-25MAY2300-T111749.99,DELTA,11,100,12,1000,803,no,6,5400
2025-05-22T20:06:03.773325,KXBTCD-25MAY2300-T111749.99,DELTA,11,100,12,1000,804,no,5,-20000
2025-05-22T20:06:03.813554,KXBTCD-25MAY2300-T111749.99,DELTA,11,100,12,1000,805,no,7,20000
2025-05-22T20:06:03.893715,KXBTCD-25MAY2300-T111749.99,DELTA,11,100,12,1000,806,yes,6,-9
2025-05-22T20:06:04.152804,KXBTCD-25MAY2300-T111749.99,DELTA,11,100,12,1000,807,no,81,-100
2025-05-22T20:06:04.153152,KXBTCD-25MAY2300-T111749.99,DELTA,8,30,12,1000,808,yes,11,-100
2025-05-22T20:06:04.793874,KXBTCD-25MAY2300-T111749.99,DELTA,8,30,12,1000,809,yes,1,32400
2025-05-22T20:06:04.833596,KXBTCD-25MAY2300-T111749.99,DELTA,8,30,12,1000,810,no,6,-5400
2025-05-22T20:06:04.834591,KXBTCD-25MAY2300-T111749.99,DELTA,8,30,12,1000,811,no,8,4050
2025-05-22T20:06:04.853294,KXBTCD-25MAY2300-T111749.99,DELTA,8,30,12,1000,812,yes,2,20000
2025-05-22T20:06:04.913115,KXBTCD-25MAY2300-T111749.99,DELTA,8,30,12,1000,813,no,7,-20000
2025-05-22T20:06:04.953213,KXBTCD-25MAY2300-T111749.99,DELTA,8,30,12,1000,814,no,9,20000
2025-05-22T20:06:05.913200,KXBTCD-25MAY2300-T111749.99,DELTA,8,30,12,1000,815,no,8,-4050
2025-05-22T20:06:05.914253,KXBTCD-25MAY2300-T111749.99,DELTA,8,30,12,1000,816,no,10,3240
2025-05-22T20:06:05.973412,KXBTCD-25MAY2300-T111749.99,DELTA,8,30,12,1000,817,no,9,-20000
2025-05-22T20:06:06.013623,KXBTCD-25MAY2300-T111749.99,DELTA,8,30,12,1000,818,no,11,20000
2025-05-22T20:06:06.173506,KXBTCD-25MAY2300-T111749.99,DELTA,11,100,12,1000,819,yes,11,100
2025-05-22T20:06:06.174249,KXBTCD-25MAY2300-T111749.99,DELTA,11,100,12,1000,820,no,81,100
2025-05-22T20:06:06.813704,KXBTCD-25MAY2300-T111749.99,DELTA,11,100,12,1000,821,no,81,-100
2025-05-22T20:06:06.832870,KXBTCD-25MAY2300-T111749.99,DELTA,8,30,12,1000,822,yes,11,-100
2025-05-22T20:06:09.533190,KXBTCD-25MAY2300-T111749.99,DELTA,11,100,12,1000,823,yes,11,100
2025-05-22T20:06:09.533954,KXBTCD-25MAY2300-T111749.99,DELTA,11,100,12,1000,824,no,81,100
2025-05-22T20:06:10.014020,KXBTCD-25MAY2300-T111749.99,DELTA,11,100,12,1000,825,no,10,-3240
2025-05-22T20:06:10.015155,KXBTCD-25MAY2300-T111749.99,DELTA,11,100,12,1000,826,no,12,2700
2025-05-22T20:06:10.053498,KXBTCD-25MAY2300-T111749.99,DELTA,11,100,12,1000,827,no,81,-100
2025-05-22T20:06:10.073575,KXBTCD-25MAY2300-T111749.99,DELTA,8,30,12,1000,828,yes,11,-100
2025-05-22T20:06:10.074493,KXBTCD-25MAY2300-T111749.99,DELTA,8,30,12,1000,829,no,11,-20000
2025-05-22T20:06:12.132973,KXBTCD-25MAY2300-T111749.99,DELTA,8,30,12,1000,830,no,12,-2700
2025-05-22T20:06:13.673663,KXBTCD-25MAY2300-T111749.99,DELTA,8,30,12,1000,831,no,4,8100
2025-05-22T20:06:13.733711,KXBTCD-25MAY2300-T111749.99,DELTA,8,30,12,1000,832,no,5,20000
2025-05-22T20:06:14.172616,KXBTCD-25MAY2300-T111749.99,DELTA,11,100,12,1000,833,yes,11,100
2025-05-22T20:06:14.193687,KXBTCD-25MAY2300-T111749.99,DELTA,11,100,12,1000,834,no,81,100
2025-05-22T20:06:14.853277,KXBTCD-25MAY2300-T111749.99,DELTA,11,100,12,1000,835,no,4,-8100
2025-05-22T20:06:14.854386,KXBTCD-25MAY2300-T111749.99,DELTA,11,100,12,1000,836,no,6,5400
2025-05-22T20:06:14.913712,KXBTCD-25MAY2300-T111749.99,DELTA,11,100,12,1000,837,no,5,-20000
2025-05-22T20:06:14.953121,KXBTCD-25MAY2300-T111749.99,DELTA,11,100,12,1000,838,no,7,20000
2025-05-22T20:06:15.354432,KXBTCD-25MAY2300-T111749.99,DELTA,11,100,12,1000,839,no,81,-100
2025-05-22T20:06:15.355242,KXBTCD-25MAY2300-T111749.99,DELTA,8,30,12,1000,840,yes,11,-100
2025-05-22T20:06:15.894141,KXBTCD-25MAY2300-T111749.99,DELTA,8,30,12,1000,841,no,6,-5400
2025-05-22T20:06:15.895262,KXBTCD-25MAY2300-T111749.99,DELTA,8,30,12,1000,842,no,8,4050
2025-05-22T20:06:15.954696,KXBTCD-25MAY2300-T111749.99,DELTA,8,30,12,1000,843,no,7,-20000
2025-05-22T20:06:15.992459,KXBTCD-25MAY2300-T111749.99,DELTA,8,30,12,1000,844,no,9,20000
2025-05-22T20:06:17.014066,KXBTCD-25MAY2300-T111749.99,DELTA,8,30,12,1000,845,no,8,-4050
2025-05-22T20:06:17.015055,KXBTCD-25MAY2300-T111749.99,DELTA,8,30,12,1000,846,no,10,3240
2025-05-22T20:06:17.074084,KXBTCD-25MAY2300-T111749.99,DELTA,8,30,12,1000,847,no,9,-20000
2025-05-22T20:06:17.134332,KXBTCD-25MAY2300-T111749.99,DELTA,8,30,12,1000,848,no,11,20000
2025-05-22T20:06:19.453823,KXBTCD-25MAY2300-T111749.99,DELTA,11,100,12,1000,849,yes,11,100
2025-05-22T20:06:19.454036,KXBTCD-25MAY2300-T111749.99,DELTA,11,100,12,1000,850,no,81,100
2025-05-22T20:06:20.374605,KXBTCD-25MAY2300-T111749.99,DELTA,11,100,12,1000,851,yes,4,-2000
2025-05-22T20:06:20.376117,KXBTCD-25MAY2300-T111749.99,DELTA,11,100,12,1000,852,yes,7,-1000
2025-05-22T20:06:20.392656,KXBTCD-25MAY2300-T111749.99,DELTA,11,100,12,1000,853,yes,5,-1250
2025-05-22T20:06:20.433350,KXBTCD-25MAY2300-T111749.99,DELTA,11,100,12,1000,854,yes,3,2000
2025-05-22T20:06:20.434343,KXBTCD-25MAY2300-T111749.99,DELTA,11,100,12,1000,855,yes,6,1000
2025-05-22T20:06:20.435137,KXBTCD-25MAY2300-T111749.99,DELTA,11,100,12,1000,856,yes,4,1250
2025-05-22T20:06:20.473591,KXBTCD-25MAY2300-T111749.99,DELTA,11,100,12,1000,857,yes,7,9
2025-05-22T20:06:20.853621,KXBTCD-25MAY2300-T111749.99,DELTA,11,100,12,1000,858,no,81,-100
2025-05-22T20:06:20.873561,KXBTCD-25MAY2300-T111749.99,DELTA,8,30,12,1000,859,yes,11,-100
2025-05-22T20:06:23.333517,KXBTCD-25MAY2300-T111749.99,DELTA,8,30,12,1000,860,no,10,-3240
2025-05-22T20:06:23.334562,KXBTCD-25MAY2300-T111749.99,DELTA,8,30,12,1000,861,no,12,2700
2025-05-22T20:06:23.394018,KXBTCD-25MAY2300-T111749.99,DELTA,8,30,12,1000,862,no,11,-20000
2025-05-22T20:06:23.433807,KXBTCD-25MAY2300-T111749.99,DELTA,8,30,12,1000,863,yes,7,-9
2025-05-22T20:06:25.813781,KXBTCD-25MAY2300-T111749.99,DELTA,8,30,12,1000,864,yes,1,-32400
2025-05-22T20:06:25.876110,KXBTCD-25MAY2300-T111749.99,DELTA,8,30,12,1000,865,no,12,-2700
2025-05-22T20:06:25.877253,KXBTCD-25MAY2300-T111749.99,DELTA,8,30,12,1000,866,no,4,8100
2025-05-22T20:06:26.014348,KXBTCD-25MAY2300-T111749.99,DELTA,8,30,12,1000,867,yes,2,-20000
2025-05-22T20:06:26.073459,KXBTCD-25MAY2300-T111749.99,DELTA,8,30,12,1000,868,yes,3,-2000
2025-05-22T20:06:26.094131,KXBTCD-25MAY2300-T111749.99,DELTA,8,30,12,1000,869,yes,6,-1000
2025-05-22T20:06:26.094839,KXBTCD-25MAY2300-T111749.99,DELTA,8,30,12,1000,870,yes,4,-1250
2025-05-22T20:06:26.153757,KXBTCD-25MAY2300-T111749.99,DELTA,8,30,12,1000,871,yes,4,2000
2025-05-22T20:06:26.154571,KXBTCD-25MAY2300-T111749.99,DELTA,8,30,12,1000,872,yes,5,1250
2025-05-22T20:06:26.155176,KXBTCD-25MAY2300-T111749.99,DELTA,8,30,12,1000,873,yes,7,1000
2025-05-22T20:06:26.674805,KXBTCD-25MAY2300-T111749.99,DELTA,8,30,12,1000,874,no,5,20000
2025-05-22T20:06:26.972902,KXBTCD-25MAY2300-T111749.99,DELTA,8,30,12,1000,875,no,4,-8100
2025-05-22T20:06:26.974143,KXBTCD-25MAY2300-T111749.99,DELTA,8,30,12,1000,876,no,6,5400
2025-05-22T20:06:27.033735,KXBTCD-25MAY2300-T111749.99,DELTA,8,30,12,1000,877,no,5,-20000
2025-05-22T20:06:27.034494,KXBTCD-25MAY2300-T111749.99,DELTA,10,100,12,1000,878,yes,10,100
2025-05-22T20:06:27.053044,KXBTCD-25MAY2300-T111749.99,DELTA,10,100,12,1000,879,no,82,100
2025-05-22T20:06:27.073948,KXBTCD-25MAY2300-T111749.99,DELTA,10,100,12,1000,880,no,7,20000
2025-05-22T20:06:28.053461,KXBTCD-25MAY2300-T111749.99,DELTA,10,100,12,1000,881,no,82,-100
2025-05-22T20:06:28.054126,KXBTCD-25MAY2300-T111749.99,DELTA,8,30,12,1000,882,yes,10,-100
2025-05-22T20:06:28.154215,KXBTCD-25MAY2300-T111749.99,DELTA,8,30,12,1000,883,no,6,-5400
2025-05-22T20:06:28.154810,KXBTCD-25MAY2300-T111749.99,DELTA,8,30,12,1000,884,no,8,4050
2025-05-22T20:06:28.213745,KXBTCD-25MAY2300-T111749.99,DELTA,8,30,12,1000,885,no,7,-20000
2025-05-22T20:06:28.252713,KXBTCD-25MAY2300-T111749.99,DELTA,8,30,12,1000,886,no,9,20000
2025-05-22T20:06:29.175064,KXBTCD-25MAY2300-T111749.99,DELTA,8,30,12,1000,887,no,74,-250
2025-05-22T20:06:29.175405,KXBTCD-25MAY2300-T111749.99,DELTA,8,30,12,1000,888,no,84,250
2025-05-22T20:06:29.193515,KXBTCD-25MAY2300-T111749.99,DELTA,8,30,12,1000,889,no,8,-4050
2025-05-22T20:06:29.193786,KXBTCD-25MAY2300-T111749.99,DELTA,8,30,12,1000,890,no,10,3240
2025-05-22T20:06:29.232505,KXBTCD-25MAY2300-T111749.99,DELTA,8,30,12,1000,891,no,83,-2000
2025-05-22T20:06:29.233019,KXBTCD-25MAY2300-T111749.99,DELTA,8,30,12,1000,892,no,83,-1250
2025-05-22T20:06:29.272397,KXBTCD-25MAY2300-T111749.99,DELTA,8,30,12,1000,893,yes,4,-2000
2025-05-22T20:06:29.273050,KXBTCD-25MAY2300-T111749.99,DELTA,8,30,12,1000,894,yes,7,-1000
2025-05-22T20:06:29.292783,KXBTCD-25MAY2300-T111749.99,DELTA,8,30,12,1000,895,yes,5,-1250
2025-05-22T20:06:29.293513,KXBTCD-25MAY2300-T111749.99,DELTA,8,30,12,1000,896,no,85,1250
2025-05-22T20:06:29.293865,KXBTCD-25MAY2300-T111749.99,DELTA,8,30,12,1000,897,no,9,-20000
2025-05-22T20:06:29.294243,KXBTCD-25MAY2300-T111749.99,DELTA,8,30,12,1000,898,no,85,2000
2025-05-22T20:06:29.353612,KXBTCD-25MAY2300-T111749.99,DELTA,8,30,12,1000,899,no,11,20000
2025-05-22T20:06:29.354463,KXBTCD-25MAY2300-T111749.99,DELTA,8,30,12,1000,900,yes,4,1250
2025-05-22T20:06:29.355138,KXBTCD-25MAY2300-T111749.99,DELTA,8,30,12,1000,901,yes,3,2000
2025-05-22T20:06:29.355659,KXBTCD-25MAY2300-T111749.99,DELTA,8,30,12,1000,902,yes,6,1000
2025-05-22T20:06:30.236327,KXBTCD-25MAY2300-T111749.99,DELTA,8,30,12,1000,903,yes,6,30
2025-05-22T20:06:30.237114,KXBTCD-25MAY2300-T111749.99,DELTA,6,1280,12,1000,904,yes,8,-30
2025-05-22T20:06:30.237755,KXBTCD-25MAY2300-T111749.99,DELTA,6,1280,12,1000,905,no,81,-30
2025-05-22T20:06:30.238384,KXBTCD-25MAY2300-T111749.99,DELTA,6,1280,12,1000,906,no,83,30
2025-05-22T20:06:30.313085,KXBTCD-25MAY2300-T111749.99,DELTA,6,1280,12,1000,907,no,10,-3240
2025-05-22T20:06:30.313356,KXBTCD-25MAY2300-T111749.99,DELTA,6,1280,12,1000,908,no,12,2700
2025-05-22T20:06:30.394825,KXBTCD-25MAY2300-T111749.99,DELTA,6,1280,12,1000,909,no,11,-20000
2025-05-22T20:06:30.834481,KXBTCD-25MAY2300-T111749.99,DELTA,6,1030,12,1000,910,yes,6,-250
2025-05-22T20:06:32.674396,KXBTCD-25MAY2300-T111749.99,DELTA,10,100,12,1000,911,yes,10,100
2025-05-22T20:06:32.675389,KXBTCD-25MAY2300-T111749.99,DELTA,10,100,12,1000,912,no,82,100
2025-05-22T20:06:33.495289,KXBTCD-25MAY2300-T111749.99,DELTA,10,100,12,1000,913,no,82,-100
2025-05-22T20:06:33.496339,KXBTCD-25MAY2300-T111749.99,DELTA,6,1030,12,1000,914,yes,10,-100
2025-05-22T20:06:33.497144,KXBTCD-25MAY2300-T111749.99,DELTA,6,1030,12,1000,915,yes,3,14
2025-05-22T20:06:33.497860,KXBTCD-25MAY2300-T111749.99,DELTA,6,1030,12,1000,916,yes,5,-14
2025-05-22T20:06:33.513959,KXBTCD-25MAY2300-T111749.99,DELTA,6,1030,12,1000,917,no,87,14
2025-05-22T20:06:33.514757,KXBTCD-25MAY2300-T111749.99,DELTA,6,1030,12,1000,918,no,85,-14
2025-05-22T20:06:36.532972,KXBTCD-25MAY2300-T111749.99,DELTA,6,1030,12,1000,919,yes,3,-2000
2025-05-22T20:06:36.533602,KXBTCD-25MAY2300-T111749.99,DELTA,6,30,12,1000,920,yes,6,-1000
2025-05-22T20:06:36.553246,KXBTCD-25MAY2300-T111749.99,DELTA,6,30,12,1000,921,yes,4,-1250
2025-05-22T20:06:36.593347,KXBTCD-25MAY2300-T111749.99,DELTA,6,30,12,1000,922,yes,5,1000
2025-05-22T20:06:36.613314,KXBTCD-25MAY2300-T111749.99,DELTA,6,30,12,1000,923,yes,2,2000
2025-05-22T20:06:36.634563,KXBTCD-25MAY2300-T111749.99,DELTA,6,30,12,1000,924,yes,3,1250
2025-05-22T20:06:36.713306,KXBTCD-25MAY2300-T111749.99,DELTA,6,30,12,1000,925,no,12,-2700
2025-05-22T20:06:36.713828,KXBTCD-25MAY2300-T111749.99,DELTA,6,30,12,1000,926,no,4,8100
2025-05-22T20:06:36.774853,KXBTCD-25MAY2300-T111749.99,DELTA,6,30,12,1000,927,no,5,20000
2025-05-22T20:06:38.094144,KXBTCD-25MAY2300-T111749.99,DELTA,9,100,12,1000,928,yes,9,100
2025-05-22T20:06:38.113791,KXBTCD-25MAY2300-T111749.99,DELTA,9,100,12,1000,929,no,83,100
2025-05-22T20:06:39.133484,KXBTCD-25MAY2300-T111749.99,DELTA,9,100,12,1000,930,no,83,-100
2025-05-22T20:06:39.153608,KXBTCD-25MAY2300-T111749.99,DELTA,6,30,12,1000,931,yes,9,-100
2025-05-22T20:06:39.373649,KXBTCD-25MAY2300-T111749.99,DELTA,6,30,12,1000,932,no,4,-8100
2025-05-22T20:06:39.374369,KXBTCD-25MAY2300-T111749.99,DELTA,6,30,12,1000,933,no,6,5400
2025-05-22T20:06:39.433805,KXBTCD-25MAY2300-T111749.99,DELTA,6,30,12,1000,934,no,5,-20000
2025-05-22T20:06:39.472980,KXBTCD-25MAY2300-T111749.99,DELTA,6,30,12,1000,935,no,7,20000
2025-05-22T20:06:40.613514,KXBTCD-25MAY2300-T111749.99,DELTA,6,30,12,1000,936,no,6,-5400
2025-05-22T20:06:40.613797,KXBTCD-25MAY2300-T111749.99,DELTA,6,30,12,1000,937,no,8,4050
2025-05-22T20:06:40.673318,KXBTCD-25MAY2300-T111749.99,DELTA,6,30,12,1000,938,no,7,-20000
2025-05-22T20:06:40.733670,KXBTCD-25MAY2300-T111749.99,DELTA,6,30,12,1000,939,no,9,20000
2025-05-22T20:06:41.758920,KXBTCD-25MAY2300-T111749.99,DELTA,6,30,12,1000,940,no,8,-4050
2025-05-22T20:06:41.759385,KXBTCD-25MAY2300-T111749.99,DELTA,6,30,12,1000,941,no,10,3240
2025-05-22T20:06:41.814511,KXBTCD-25MAY2300-T111749.99,DELTA,6,30,12,1000,942,no,9,-20000
2025-05-22T20:06:41.859158,KXBTCD-25MAY2300-T111749.99,DELTA,6,30,12,1000,943,no,11,20000
2025-05-22T20:06:42.014674,KXBTCD-25MAY2300-T111749.99,DELTA,6,30,12,1000,944,yes,2,-2000
2025-05-22T20:06:42.015477,KXBTCD-25MAY2300-T111749.99,DELTA,6,30,12,1000,945,yes,5,-1000
2025-05-22T20:06:42.033319,KXBTCD-25MAY2300-T111749.99,DELTA,6,30,12,1000,946,yes,3,-1250
2025-05-22T20:06:42.087576,KXBTCD-25MAY2300-T111749.99,DELTA,6,30,12,1000,947,yes,3,2000
2025-05-22T20:06:42.088487,KXBTCD-25MAY2300-T111749.99,DELTA,6,30,12,1000,948,yes,4,1250
2025-05-22T20:06:42.089140,KXBTCD-25MAY2300-T111749.99,DELTA,6,1030,12,1000,949,yes,6,1000
2025-05-22T20:06:42.593036,KXBTCD-25MAY2300-T111749.99,DELTA,6,1030,12,1000,950,yes,3,500
2025-05-22T20:06:42.593796,KXBTCD-25MAY2300-T111749.99,DELTA,6,1030,8,450,951,no,92,450
2025-05-22T20:06:42.973645,KXBTCD-25MAY2300-T111749.99,DELTA,6,1030,8,450,952,no,10,-3240
2025-05-22T20:06:42.974438,KXBTCD-25MAY2300-T111749.99,DELTA,6,1030,8,450,953,no,12,2700
2025-05-22T20:06:43.033140,KXBTCD-25MAY2300-T111749.99,DELTA,6,1030,8,450,954,no,11,-20000
2025-05-22T20:06:44.133837,KXBTCD-25MAY2300-T111749.99,DELTA,6,1030,8,450,955,no,12,-2700
2025-05-22T20:06:44.134057,KXBTCD-25MAY2300-T111749.99,DELTA,6,1030,8,450,956,no,4,8100
2025-05-22T20:06:44.194443,KXBTCD-25MAY2300-T111749.99,DELTA,6,1030,8,450,957,no,5,20000
2025-05-22T20:06:44.973645,KXBTCD-25MAY2300-T111749.99,DELTA,7,100,8,450,958,yes,7,100
2025-05-22T20:06:44.993984,KXBTCD-25MAY2300-T111749.99,DELTA,7,100,8,450,959,no,83,100
2025-05-22T20:06:46.393803,KXBTCD-25MAY2300-T111749.99,DELTA,7,100,8,450,960,no,83,-100
2025-05-22T20:06:46.415269,KXBTCD-25MAY2300-T111749.99,DELTA,6,1030,8,450,961,yes,7,-100
2025-05-22T20:06:47.393675,KXBTCD-25MAY2300-T111749.99,DELTA,6,1030,8,450,962,yes,3,-2000
2025-05-22T20:06:47.413496,KXBTCD-25MAY2300-T111749.99,DELTA,6,30,8,450,963,yes,6,-1000
2025-05-22T20:06:47.414288,KXBTCD-25MAY2300-T111749.99,DELTA,6,30,8,450,964,yes,4,-1250
2025-05-22T20:06:47.473697,KXBTCD-25MAY2300-T111749.99,DELTA,6,30,8,450,965,yes,2,2000
2025-05-22T20:06:47.474359,KXBTCD-25MAY2300-T111749.99,DELTA,6,30,8,450,966,yes,3,1250
2025-05-22T20:06:47.474959,KXBTCD-25MAY2300-T111749.99,DELTA,6,30,8,450,967,yes,5,1000
2025-05-22T20:06:48.576010,KXBTCD-25MAY2300-T111749.99,DELTA,6,30,8,450,968,no,4,-8100
2025-05-22T20:06:48.577013,KXBTCD-25MAY2300-T111749.99,DELTA,6,30,8,450,969,no,6,5400
2025-05-22T20:06:48.633523,KXBTCD-25MAY2300-T111749.99,DELTA,6,30,8,450,970,no,5,-20000
2025-05-22T20:06:48.673895,KXBTCD-25MAY2300-T111749.99,DELTA,6,30,8,450,971,no,7,20000
2025-05-22T20:06:48.674818,KXBTCD-25MAY2300-T111749.99,DELTA,6,30,8,450,972,yes,2,-2000
2025-05-22T20:06:48.694151,KXBTCD-25MAY2300-T111749.99,DELTA,6,30,8,450,973,yes,5,-1000
2025-05-22T20:06:48.695059,KXBTCD-25MAY2300-T111749.99,DELTA,6,30,8,450,974,yes,3,-1250
2025-05-22T20:06:48.833751,KXBTCD-25MAY2300-T111749.99,DELTA,6,30,8,450,975,yes,4,1250
2025-05-22T20:06:48.834878,KXBTCD-25MAY2300-T111749.99,DELTA,6,1030,8,450,976,yes,6,1000
2025-05-22T20:06:48.835700,KXBTCD-25MAY2300-T111749.99,DELTA,6,1030,8,450,977,yes,3,2000
2025-05-22T20:06:50.374011,KXBTCD-25MAY2300-T111749.99,DELTA,7,100,8,450,978,yes,7,100
2025-05-22T20:06:50.374701,KXBTCD-25MAY2300-T111749.99,DELTA,7,100,8,450,979,no,83,100
2025-05-22T20:06:51.035252,KXBTCD-25MAY2300-T111749.99,DELTA,7,100,8,450,980,no,83,-100
2025-05-22T20:06:51.035826,KXBTCD-25MAY2300-T111749.99,DELTA,6,1030,8,450,981,yes,7,-100
2025-05-22T20:06:51.133893,KXBTCD-25MAY2300-T111749.99,DELTA,6,1030,8,450,982,no,6,-5400
2025-05-22T20:06:51.134428,KXBTCD-25MAY2300-T111749.99,DELTA,6,1030,8,450,983,no,8,4050
2025-05-22T20:06:51.192893,KXBTCD-25MAY2300-T111749.99,DELTA,6,1030,8,450,984,no,7,-20000
2025-05-22T20:06:51.233263,KXBTCD-25MAY2300-T111749.99,DELTA,6,1030,8,450,985,no,9,20000
2025-05-22T20:06:52.312587,KXBTCD-25MAY2300-T111749.99,DELTA,6,1030,8,450,986,no,8,-4050
2025-05-22T20:06:52.313186,KXBTCD-25MAY2300-T111749.99,DELTA,6,1030,8,450,987,no,10,3240
2025-05-22T20:06:52.373389,KXBTCD-25MAY2300-T111749.99,DELTA,6,1030,8,450,988,no,9,-20000
2025-05-22T20:06:52.413082,KXBTCD-25MAY2300-T111749.99,DELTA,6,1030,8,450,989,no,11,20000
2025-05-22T20:06:53.533505,KXBTCD-25MAY2300-T111749.99,DELTA,6,1030,8,450,990,no,10,-3240
2025-05-22T20:06:53.534513,KXBTCD-25MAY2300-T111749.99,DELTA,6,1030,8,450,991,no,12,2700
2025-05-22T20:06:53.592814,KXBTCD-25MAY2300-T111749.99,DELTA,6,1030,8,450,992,no,11,-20000
2025-05-22T20:06:53.734182,KXBTCD-25MAY2300-T111749.99,DELTA,6,1030,12,1000,993,no,92,-450
2025-05-22T20:06:53.814317,KXBTCD-25MAY2300-T111749.99,DELTA,6,1030,9,500,994,no,91,500
2025-05-22T20:06:53.957346,KXBTCD-25MAY2300-T111749.99,DELTA,6,1030,12,1000,995,no,91,-500
2025-05-22T20:06:54.033432,KXBTCD-25MAY2300-T111749.99,DELTA,6,1030,10,500,996,no,90,500
2025-05-22T20:06:54.312976,KXBTCD-25MAY2300-T111749.99,DELTA,6,1030,10,500,997,yes,3,-2000
2025-05-22T20:06:54.332959,KXBTCD-25MAY2300-T111749.99,DELTA,6,30,10,500,998,yes,6,-1000
2025-05-22T20:06:54.333722,KXBTCD-25MAY2300-T111749.99,DELTA,6,30,10,500,999,yes,4,-1250
2025-05-22T20:06:54.373439,KXBTCD-25MAY2300-T111749.99,DELTA,6,30,10,500,1000,yes,3,-500
2025-05-22T20:06:54.393963,KXBTCD-25MAY2300-T111749.99,DELTA,6,30,10,500,1001,yes,4,2000
2025-05-22T20:06:54.394379,KXBTCD-25MAY2300-T111749.99,DELTA,6,30,10,500,1002,yes,5,1250
2025-05-22T20:06:54.394832,KXBTCD-25MAY2300-T111749.99,DELTA,7,1000,10,500,1003,yes,7,1000
2025-05-22T20:06:54.413030,KXBTCD-25MAY2300-T111749.99,DELTA,7,1000,10,500,1004,yes,5,50
2025-05-22T20:06:54.674047,KXBTCD-25MAY2300-T111749.99,DELTA,7,1000,10,500,1005,yes,5,-50
2025-05-22T20:06:54.714262,KXBTCD-25MAY2300-T111749.99,DELTA,7,1000,10,500,1006,no,12,-2700
2025-05-22T20:06:54.715118,KXBTCD-25MAY2300-T111749.99,DELTA,7,1000,10,500,1007,no,4,8100
2025-05-22T20:06:54.774617,KXBTCD-25MAY2300-T111749.99,DELTA,7,1000,10,500,1008,yes,5,450
2025-05-22T20:06:54.833305,KXBTCD-25MAY2300-T111749.99,DELTA,7,1000,10,500,1009,no,5,20000
2025-05-22T20:06:55.193755,KXBTCD-25MAY2300-T111749.99,DELTA,7,1000,10,500,1010,yes,6,250
2025-05-22T20:06:55.853672,KXBTCD-25MAY2300-T111749.99,DELTA,7,1000,10,500,1011,no,81,100
2025-05-22T20:06:55.854334,KXBTCD-25MAY2300-T111749.99,DELTA,9,100,10,500,1012,yes,9,100
2025-05-22T20:06:55.953761,KXBTCD-25MAY2300-T111749.99,DELTA,9,100,10,500,1013,no,4,-8100
2025-05-22T20:06:55.954428,KXBTCD-25MAY2300-T111749.99,DELTA,9,100,10,500,1014,no,6,5400
2025-05-22T20:06:56.014414,KXBTCD-25MAY2300-T111749.99,DELTA,9,100,10,500,1015,no,5,-20000
2025-05-22T20:06:56.073514,KXBTCD-25MAY2300-T111749.99,DELTA,9,100,10,500,1016,no,7,20000
2025-05-22T20:06:57.252078,KXBTCD-25MAY2300-T111749.99,DELTA,7,1000,10,500,1017,yes,9,-100
2025-05-22T20:06:57.252457,KXBTCD-25MAY2300-T111749.99,DELTA,7,1000,10,500,1018,no,81,-100
2025-05-22T20:07:00.193921,KXBTCD-25MAY2300-T111749.99,DELTA,7,1000,10,500,1019,no,6,-5400
2025-05-22T20:07:00.194944,KXBTCD-25MAY2300-T111749.99,DELTA,7,1000,10,500,1020,no,8,4050
2025-05-22T20:07:00.255092,KXBTCD-25MAY2300-T111749.99,DELTA,7,1000,10,500,1021,no,7,-20000
2025-05-22T20:07:00.313557,KXBTCD-25MAY2300-T111749.99,DELTA,7,1000,10,500,1022,no,9,20000
2025-05-22T20:07:02.074675,KXBTCD-25MAY2300-T111749.99,DELTA,8,100,10,500,1023,yes,8,100
2025-05-22T20:07:02.094667,KXBTCD-25MAY2300-T111749.99,DELTA,8,100,10,500,1024,no,82,100
2025-05-22T20:07:02.813297,KXBTCD-25MAY2300-T111749.99,DELTA,8,100,10,500,1025,no,8,-4050
2025-05-22T20:07:02.814128,KXBTCD-25MAY2300-T111749.99,DELTA,8,100,10,500,1026,no,10,3240
2025-05-22T20:07:02.893621,KXBTCD-25MAY2300-T111749.99,DELTA,8,100,10,500,1027,no,9,-20000
2025-05-22T20:07:02.953977,KXBTCD-25MAY2300-T111749.99,DELTA,8,100,10,500,1028,no,11,20000
2025-05-22T20:07:03.276129,KXBTCD-25MAY2300-T111749.99,DELTA,8,100,10,500,1029,no,82,-100
2025-05-22T20:07:03.279526,KXBTCD-25MAY2300-T111749.99,DELTA,7,1000,10,500,1030,yes,8,-100
2025-05-22T20:07:03.894240,KXBTCD-25MAY2300-T111749.99,DELTA,7,1000,10,500,1031,no,10,-3240
2025-05-22T20:07:03.895348,KXBTCD-25MAY2300-T111749.99,DELTA,7,1000,10,500,1032,no,12,2700
2025-05-22T20:07:03.954436,KXBTCD-25MAY2300-T111749.99,DELTA,7,1000,10,500,1033,no,11,-20000
2025-05-22T20:07:04.134622,KXBTCD-25MAY2300-T111749.99,DELTA,7,1000,10,500,1034,yes,4,-2000
2025-05-22T20:07:04.134948,KXBTCD-25MAY2300-T111749.99,DELTA,6,280,10,500,1035,yes,7,-1000
2025-05-22T20:07:04.153175,KXBTCD-25MAY2300-T111749.99,DELTA,6,280,10,500,1036,yes,5,-1250
2025-05-22T20:07:04.212931,KXBTCD-25MAY2300-T111749.99,DELTA,6,280,10,500,1037,yes,3,2000
2025-05-22T20:07:04.213088,KXBTCD-25MAY2300-T111749.99,DELTA,6,280,10,500,1038,yes,4,1250
2025-05-22T20:07:04.213198,KXBTCD-25MAY2300-T111749.99,DELTA,6,1280,10,500,1039,yes,6,1000
2025-05-22T20:07:04.993637,KXBTCD-25MAY2300-T111749.99,DELTA,6,1280,10,500,1040,no,12,-2700
2025-05-22T20:07:04.994251,KXBTCD-25MAY2300-T111749.99,DELTA,6,1280,10,500,1041,no,4,8100
2025-05-22T20:07:05.053773,KXBTCD-25MAY2300-T111749.99,DELTA,6,1280,10,500,1042,no,5,20000
2025-05-22T20:07:05.714696,KXBTCD-25MAY2300-T111749.99,DELTA,6,1030,10,500,1043,yes,6,-250
2025-05-22T20:07:05.740978,KXBTCD-25MAY2300-T111749.99,DELTA,6,1030,10,500,1044,yes,3,-2000
2025-05-22T20:07:05.741558,KXBTCD-25MAY2300-T111749.99,DELTA,6,30,10,500,1045,yes,6,-1000
2025-05-22T20:07:05.753182,KXBTCD-25MAY2300-T111749.99,DELTA,6,30,10,500,1046,yes,4,-1250
2025-05-22T20:07:05.754070,KXBTCD-25MAY2300-T111749.99,DELTA,6,30,10,500,1047,no,88,-1000
2025-05-22T20:07:05.833697,KXBTCD-25MAY2300-T111749.99,DELTA,6,30,10,500,1048,yes,2,2000
2025-05-22T20:07:05.834652,KXBTCD-25MAY2300-T111749.99,DELTA,6,30,10,500,1049,yes,3,1250
2025-05-22T20:07:05.835363,KXBTCD-25MAY2300-T111749.99,DELTA,6,30,10,1500,1050,no,90,1000
2025-05-22T20:07:05.835898,KXBTCD-25MAY2300-T111749.99,DELTA,6,30,10,1500,1051,yes,5,1000
2025-05-22T20:07:05.955219,KXBTCD-25MAY2300-T111749.99,DELTA,6,30,10,1500,1052,yes,5,-450
2025-05-22T20:07:06.134389,KXBTCD-25MAY2300-T111749.99,DELTA,6,30,10,1500,1053,yes,4,500
2025-05-22T20:07:06.175226,KXBTCD-25MAY2300-T111749.99,DELTA,6,30,10,1500,1054,no,86,250
2025-05-22T20:07:06.175808,KXBTCD-25MAY2300-T111749.99,DELTA,6,30,10,1500,1055,no,76,-250
2025-05-22T20:07:06.254400,KXBTCD-25MAY2300-T111749.99,DELTA,6,30,10,1500,1056,no,4,-8100
2025-05-22T20:07:06.255174,KXBTCD-25MAY2300-T111749.99,DELTA,6,30,10,1500,1057,no,6,5400
2025-05-22T20:07:06.273518,KXBTCD-25MAY2300-T111749.99,DELTA,6,30,10,1500,1058,no,85,-2000
2025-05-22T20:07:06.274319,KXBTCD-25MAY2300-T111749.99,DELTA,6,30,10,1500,1059,no,85,-1250
2025-05-22T20:07:06.354741,KXBTCD-25MAY2300-T111749.99,DELTA,6,30,10,1500,1060,no,5,-20000
2025-05-22T20:07:06.355766,KXBTCD-25MAY2300-T111749.99,DELTA,6,30,10,1500,1061,no,87,2000
2025-05-22T20:07:06.356314,KXBTCD-25MAY2300-T111749.99,DELTA,6,30,10,1500,1062,no,87,1250
2025-05-22T20:07:06.398203,KXBTCD-25MAY2300-T111749.99,DELTA,6,30,10,1500,1063,no,7,20000
2025-05-22T20:07:07.166373,KXBTCD-25MAY2300-T111749.99,DELTA,6,30,10,1500,1064,no,82,100
2025-05-22T20:07:07.166956,KXBTCD-25MAY2300-T111749.99,DELTA,8,100,10,1500,1065,yes,8,100
2025-05-22T20:07:07.473962,KXBTCD-25MAY2300-T111749.99,DELTA,8,100,10,1500,1066,no,6,-5400
2025-05-22T20:07:07.474902,KXBTCD-25MAY2300-T111749.99,DELTA,8,100,10,1500,1067,no,8,4050
2025-05-22T20:07:07.533565,KXBTCD-25MAY2300-T111749.99,DELTA,8,100,10,1500,1068,no,7,-20000
2025-05-22T20:07:07.573466,KXBTCD-25MAY2300-T111749.99,DELTA,8,100,10,1500,1069,no,9,20000
2025-05-22T20:07:07.986091,KXBTCD-25MAY2300-T111749.99,DELTA,6,30,10,1500,1070,yes,8,-100
2025-05-22T20:07:07.987146,KXBTCD-25MAY2300-T111749.99,DELTA,6,30,10,1500,1071,no,82,-100
2025-05-22T20:07:09.994797,KXBTCD-25MAY2300-T111749.99,DELTA,6,30,10,1500,1072,yes,2,-2000
2025-05-22T20:07:10.014597,KXBTCD-25MAY2300-T111749.99,DELTA,6,30,10,1500,1073,yes,5,-1000
2025-05-22T20:07:10.015472,KXBTCD-25MAY2300-T111749.99,DELTA,6,30,10,1500,1074,yes,3,-1250
2025-05-22T20:07:10.034831,KXBTCD-25MAY2300-T111749.99,DELTA,6,30,10,1500,1075,no,87,-2000
2025-05-22T20:07:10.035482,KXBTCD-25MAY2300-T111749.99,DELTA,6,30,10,500,1076,no,90,-1000
2025-05-22T20:07:10.135168,KXBTCD-25MAY2300-T111749.99,DELTA,6,1030,10,500,1077,yes,6,1000
2025-05-22T20:07:10.136194,KXBTCD-25MAY2300-T111749.99,DELTA,6,1030,10,500,1078,no,88,1000
2025-05-22T20:07:10.136876,KXBTCD-25MAY2300-T111749.99,DELTA,6,1030,10,500,1079,yes,4,1250
2025-05-22T20:07:10.137504,KXBTCD-25MAY2300-T111749.99,DELTA,6,1030,10,500,1080,no,86,2000
2025-05-22T20:07:10.137890,KXBTCD-25MAY2300-T111749.99,DELTA,6,1030,10,500,1081,yes,3,2000
2025-05-22T20:07:11.353744,KXBTCD-25MAY2300-T111749.99,DELTA,6,1030,10,500,1082,no,83,100
2025-05-22T20:07:11.373458,KXBTCD-25MAY2300-T111749.99,DELTA,9,100,10,500,1083,yes,9,100
2025-05-22T20:07:11.872480,KXBTCD-25MAY2300-T111749.99,DELTA,9,100,10,500,1084,no,8,-4050
2025-05-22T20:07:11.872760,KXBTCD-25MAY2300-T111749.99,DELTA,9,100,10,500,1085,no,10,3240
2025-05-22T20:07:11.932415,KXBTCD-25MAY2300-T111749.99,DELTA,9,100,10,500,1086,no,9,-20000
2025-05-22T20:07:11.973639,KXBTCD-25MAY2300-T111749.99,DELTA,9,100,10,500,1087,no,11,20000
2025-05-22T20:07:12.861021,KXBTCD-25MAY2300-T111749.99,DELTA,9,100,10,500,1088,yes,3,-2000
2025-05-22T20:07:12.862839,KXBTCD-25MAY2300-T111749.99,DELTA,9,100,10,500,1089,yes,6,-1000
2025-05-22T20:07:12.886439,KXBTCD-25MAY2300-T111749.99,DELTA,9,100,10,500,1090,yes,4,-1250
2025-05-22T20:07:12.886913,KXBTCD-25MAY2300-T111749.99,DELTA,9,100,10,500,1091,no,86,-2000
2025-05-22T20:07:12.887446,KXBTCD-25MAY2300-T111749.99,DELTA,9,100,10,500,1092,no,88,-1000
2025-05-22T20:07:12.960135,KXBTCD-25MAY2300-T111749.99,DELTA,9,100,10,1500,1093,no,90,1000
2025-05-22T20:07:12.960861,KXBTCD-25MAY2300-T111749.99,DELTA,9,100,10,1500,1094,yes,3,1250
2025-05-22T20:07:12.961226,KXBTCD-25MAY2300-T111749.99,DELTA,9,100,10,1500,1095,no,87,2000
2025-05-22T20:07:12.985588,KXBTCD-25MAY2300-T111749.99,DELTA,9,100,10,1500,1096,yes,5,9
2025-05-22T20:07:12.986145,KXBTCD-25MAY2300-T111749.99,DELTA,9,100,10,1500,1097,yes,2,2000
2025-05-22T20:07:12.996162,KXBTCD-25MAY2300-T111749.99,DELTA,9,100,10,1500,1098,yes,5,1000
2025-05-22T20:07:13.159653,KXBTCD-25MAY2300-T111749.99,DELTA,6,30,10,1500,1099,yes,9,-100
