timestamp,market_ticker,type,yes_bid_price_cents,yes_bid_qty,yes_ask_price_cents,yes_ask_qty_on_no_side,sequence_num,delta_side,delta_price_cents,delta_quantity
2025-05-22T20:01:37.511213,KXBTCD-25MAY2300-T111249.99,SNAPSHOT,51,989,56,14,1,,,
2025-05-22T20:01:38.214187,KXBTCD-25MAY2300-T111249.99,DELTA,51,989,56,14,2,yes,8,-4050
2025-05-22T20:01:38.214436,KXBTCD-25MAY2300-T111249.99,DELTA,51,989,56,14,3,yes,10,3240
2025-05-22T20:01:38.274398,KXBTCD-25MAY2300-T111249.99,DELTA,51,989,56,14,4,yes,9,-20000
2025-05-22T20:01:38.313804,KXBTCD-25MAY2300-T111249.99,DELTA,51,989,56,14,5,yes,11,20000
2025-05-22T20:01:39.434511,KXBTCD-25MAY2300-T111249.99,DELTA,51,989,56,14,6,yes,10,-3240
2025-05-22T20:01:39.434708,KXBTCD-25MAY2300-T111249.99,DELTA,51,989,56,14,7,yes,12,2700
2025-05-22T20:01:39.514307,KXBTCD-25MAY2300-T111249.99,DELTA,51,989,56,14,8,yes,11,-20000
2025-05-22T20:01:40.035308,KXBTCD-25MAY2300-T111249.99,DELTA,51,989,56,14,9,yes,49,100
2025-05-22T20:01:40.035759,KXBTCD-25MAY2300-T111249.99,DELTA,51,989,56,14,10,no,43,100
2025-05-22T20:01:40.634545,KXBTCD-25MAY2300-T111249.99,DELTA,51,989,56,14,11,yes,12,-2700
2025-05-22T20:01:40.634972,KXBTCD-25MAY2300-T111249.99,DELTA,51,989,56,14,12,yes,4,8100
2025-05-22T20:01:40.741585,KXBTCD-25MAY2300-T111249.99,DELTA,51,989,56,14,13,yes,5,20000
2025-05-22T20:01:41.531246,KXBTCD-25MAY2300-T111249.99,DELTA,51,989,56,14,14,no,40,-1000
2025-05-22T20:01:41.533612,KXBTCD-25MAY2300-T111249.99,DELTA,51,989,56,14,15,no,39,1000
2025-05-22T20:01:41.554465,KXBTCD-25MAY2300-T111249.99,DELTA,51,989,56,14,16,no,40,9
2025-05-22T20:01:41.574505,KXBTCD-25MAY2300-T111249.99,DELTA,51,989,56,14,17,no,43,-100
2025-05-22T20:01:41.593913,KXBTCD-25MAY2300-T111249.99,DELTA,51,989,56,14,18,yes,49,-100
2025-05-22T20:01:41.872917,KXBTCD-25MAY2300-T111249.99,DELTA,51,989,56,14,19,yes,4,-8100
2025-05-22T20:01:41.873145,KXBTCD-25MAY2300-T111249.99,DELTA,51,989,56,14,20,yes,6,5400
2025-05-22T20:01:41.953941,KXBTCD-25MAY2300-T111249.99,DELTA,51,989,56,14,21,yes,5,-20000
2025-05-22T20:01:42.034613,KXBTCD-25MAY2300-T111249.99,DELTA,51,989,56,14,22,yes,7,20000
2025-05-22T20:01:43.074263,KXBTCD-25MAY2300-T111249.99,DELTA,51,989,56,14,23,yes,6,-5400
2025-05-22T20:01:43.074687,KXBTCD-25MAY2300-T111249.99,DELTA,51,989,56,14,24,yes,8,4050
2025-05-22T20:01:43.155202,KXBTCD-25MAY2300-T111249.99,DELTA,51,989,56,14,25,yes,7,-20000
2025-05-22T20:01:43.195920,KXBTCD-25MAY2300-T111249.99,DELTA,51,989,56,14,26,no,40,-9
2025-05-22T20:01:43.196713,KXBTCD-25MAY2300-T111249.99,DELTA,51,989,56,14,27,no,40,6
2025-05-22T20:01:43.256286,KXBTCD-25MAY2300-T111249.99,DELTA,51,989,56,14,28,yes,9,20000
2025-05-22T20:01:45.454856,KXBTCD-25MAY2300-T111249.99,DELTA,51,989,56,14,29,no,43,100
2025-05-22T20:01:45.473875,KXBTCD-25MAY2300-T111249.99,DELTA,51,989,56,14,30,yes,49,100
2025-05-22T20:01:45.574484,KXBTCD-25MAY2300-T111249.99,DELTA,51,989,56,14,31,no,40,-6
2025-05-22T20:01:45.574909,KXBTCD-25MAY2300-T111249.99,DELTA,51,989,56,14,32,no,40,9
2025-05-22T20:01:47.295433,KXBTCD-25MAY2300-T111249.99,DELTA,51,989,56,14,33,yes,49,-100
2025-05-22T20:01:47.295980,KXBTCD-25MAY2300-T111249.99,DELTA,51,989,56,14,34,no,43,-100
2025-05-22T20:01:47.415294,KXBTCD-25MAY2300-T111249.99,DELTA,51,989,56,14,35,no,40,-9
2025-05-22T20:01:47.415791,KXBTCD-25MAY2300-T111249.99,DELTA,51,989,56,14,36,no,40,6
2025-05-22T20:01:49.504296,KXBTCD-25MAY2300-T111249.99,DELTA,51,989,56,39,37,no,44,25
2025-05-22T20:01:49.626679,KXBTCD-25MAY2300-T111249.99,DELTA,51,989,56,39,38,no,40,-6
2025-05-22T20:01:49.627138,KXBTCD-25MAY2300-T111249.99,DELTA,51,989,56,39,39,no,40,9
2025-05-22T20:01:50.257378,KXBTCD-25MAY2300-T111249.99,DELTA,51,989,56,39,40,yes,8,-4050
2025-05-22T20:01:50.257599,KXBTCD-25MAY2300-T111249.99,DELTA,51,989,56,39,41,yes,10,3240
2025-05-22T20:01:50.334145,KXBTCD-25MAY2300-T111249.99,DELTA,51,989,56,39,42,yes,9,-20000
2025-05-22T20:01:50.389989,KXBTCD-25MAY2300-T111249.99,DELTA,51,989,56,39,43,yes,11,20000
2025-05-22T20:01:52.974798,KXBTCD-25MAY2300-T111249.99,DELTA,51,989,56,39,44,yes,10,-3240
2025-05-22T20:01:52.975054,KXBTCD-25MAY2300-T111249.99,DELTA,51,989,56,39,45,yes,12,2700
2025-05-22T20:01:53.055215,KXBTCD-25MAY2300-T111249.99,DELTA,51,989,56,39,46,yes,11,-20000
2025-05-22T20:01:53.446515,KXBTCD-25MAY2300-T111249.99,DELTA,51,989,56,39,47,no,42,100
2025-05-22T20:01:53.481994,KXBTCD-25MAY2300-T111249.99,DELTA,51,989,56,39,48,yes,50,100
2025-05-22T20:01:54.214251,KXBTCD-25MAY2300-T111249.99,DELTA,51,989,56,39,49,yes,12,-2700
2025-05-22T20:01:54.214513,KXBTCD-25MAY2300-T111249.99,DELTA,51,989,56,39,50,yes,4,8100
2025-05-22T20:01:54.272859,KXBTCD-25MAY2300-T111249.99,DELTA,51,989,56,39,51,yes,50,-100
2025-05-22T20:01:54.293538,KXBTCD-25MAY2300-T111249.99,DELTA,51,989,56,39,52,no,42,-100
2025-05-22T20:01:54.293770,KXBTCD-25MAY2300-T111249.99,DELTA,51,989,56,39,53,yes,5,20000
2025-05-22T20:01:54.337874,KXBTCD-25MAY2300-T111249.99,DELTA,51,989,56,39,54,no,40,-9
2025-05-22T20:01:55.395311,KXBTCD-25MAY2300-T111249.99,DELTA,51,989,56,39,55,yes,4,-8100
2025-05-22T20:01:55.395579,KXBTCD-25MAY2300-T111249.99,DELTA,51,989,56,39,56,yes,6,5400
2025-05-22T20:01:55.487302,KXBTCD-25MAY2300-T111249.99,DELTA,51,989,56,39,57,yes,5,-20000
2025-05-22T20:01:55.494651,KXBTCD-25MAY2300-T111249.99,DELTA,51,989,56,39,58,no,40,9
2025-05-22T20:01:55.534915,KXBTCD-25MAY2300-T111249.99,DELTA,51,989,56,39,59,yes,7,20000
2025-05-22T20:01:55.995069,KXBTCD-25MAY2300-T111249.99,DELTA,51,989,56,39,60,no,39,-1000
2025-05-22T20:01:56.015188,KXBTCD-25MAY2300-T111249.99,DELTA,51,989,56,39,61,no,21,1000
2025-05-22T20:01:56.214595,KXBTCD-25MAY2300-T111249.99,DELTA,51,989,56,39,62,yes,46,-14
2025-05-22T20:01:56.214932,KXBTCD-25MAY2300-T111249.99,DELTA,51,989,56,39,63,yes,48,14
2025-05-22T20:01:56.235496,KXBTCD-25MAY2300-T111249.99,DELTA,51,989,56,39,64,no,42,14
2025-05-22T20:01:56.235868,KXBTCD-25MAY2300-T111249.99,DELTA,51,989,56,25,65,no,44,-14
2025-05-22T20:01:56.353874,KXBTCD-25MAY2300-T111249.99,DELTA,51,989,56,25,66,yes,50,-30
2025-05-22T20:01:56.373434,KXBTCD-25MAY2300-T111249.99,DELTA,52,30,56,25,67,yes,52,30
2025-05-22T20:01:56.373550,KXBTCD-25MAY2300-T111249.99,DELTA,52,30,56,25,68,no,39,-30
2025-05-22T20:01:56.373622,KXBTCD-25MAY2300-T111249.99,DELTA,52,30,56,25,69,no,37,30
2025-05-22T20:01:56.454152,KXBTCD-25MAY2300-T111249.99,DELTA,52,30,56,25,70,yes,51,-989
2025-05-22T20:01:56.454274,KXBTCD-25MAY2300-T111249.99,DELTA,52,30,56,25,71,no,21,-1000
2025-05-22T20:01:56.513853,KXBTCD-25MAY2300-T111249.99,DELTA,52,30,56,25,72,yes,6,-5400
2025-05-22T20:01:56.514048,KXBTCD-25MAY2300-T111249.99,DELTA,52,30,56,25,73,yes,8,4050
2025-05-22T20:01:56.534146,KXBTCD-25MAY2300-T111249.99,DELTA,53,1000,56,25,74,yes,53,1000
2025-05-22T20:01:56.534395,KXBTCD-25MAY2300-T111249.99,DELTA,53,1000,56,25,75,no,38,1000
2025-05-22T20:01:56.617860,KXBTCD-25MAY2300-T111249.99,DELTA,53,1000,56,25,76,yes,7,-20000
2025-05-22T20:01:56.687035,KXBTCD-25MAY2300-T111249.99,DELTA,53,1000,56,25,77,yes,9,20000
2025-05-22T20:01:57.133550,KXBTCD-25MAY2300-T111249.99,DELTA,53,1000,56,25,78,yes,1,-8000
2025-05-22T20:01:57.153334,KXBTCD-25MAY2300-T111249.99,DELTA,53,1000,56,25,79,no,38,-1000
2025-05-22T20:01:57.215760,KXBTCD-25MAY2300-T111249.99,DELTA,53,1000,56,25,80,yes,2,8000
2025-05-22T20:01:57.216098,KXBTCD-25MAY2300-T111249.99,DELTA,53,1000,56,25,81,no,21,1000
2025-05-22T20:01:57.254069,KXBTCD-25MAY2300-T111249.99,DELTA,53,1000,56,25,82,no,39,9
2025-05-22T20:01:57.254217,KXBTCD-25MAY2300-T111249.99,DELTA,53,1000,56,25,83,no,40,-9
2025-05-22T20:01:57.612934,KXBTCD-25MAY2300-T111249.99,DELTA,53,1000,56,25,84,yes,8,-4050
2025-05-22T20:01:57.613127,KXBTCD-25MAY2300-T111249.99,DELTA,53,1000,56,25,85,yes,10,3240
2025-05-22T20:01:57.714816,KXBTCD-25MAY2300-T111249.99,DELTA,53,1000,56,25,86,yes,9,-20000
2025-05-22T20:01:57.794404,KXBTCD-25MAY2300-T111249.99,DELTA,53,1000,56,25,87,yes,11,20000
2025-05-22T20:02:00.073956,KXBTCD-25MAY2300-T111249.99,DELTA,53,1000,56,25,88,no,21,-1000
2025-05-22T20:02:00.153607,KXBTCD-25MAY2300-T111249.99,DELTA,53,1000,56,25,89,no,37,1000
2025-05-22T20:02:00.193942,KXBTCD-25MAY2300-T111249.99,DELTA,53,1000,56,25,90,no,39,-9
2025-05-22T20:02:00.194145,KXBTCD-25MAY2300-T111249.99,DELTA,53,1000,56,25,91,no,38,9
2025-05-22T20:02:01.135515,KXBTCD-25MAY2300-T111249.99,DELTA,53,1000,56,25,92,yes,51,100
2025-05-22T20:02:01.136472,KXBTCD-25MAY2300-T111249.99,DELTA,53,1000,56,25,93,no,41,100
2025-05-22T20:02:02.273990,KXBTCD-25MAY2300-T111249.99,DELTA,53,1000,56,25,94,yes,10,-3240
2025-05-22T20:02:02.274717,KXBTCD-25MAY2300-T111249.99,DELTA,53,1000,56,25,95,yes,12,2700
2025-05-22T20:02:02.375577,KXBTCD-25MAY2300-T111249.99,DELTA,53,1000,56,25,96,yes,11,-20000
2025-05-22T20:02:02.513943,KXBTCD-25MAY2300-T111249.99,DELTA,53,1000,56,25,97,no,41,-100
2025-05-22T20:02:02.534647,KXBTCD-25MAY2300-T111249.99,DELTA,53,1000,56,25,98,yes,51,-100
2025-05-22T20:02:03.374037,KXBTCD-25MAY2300-T111249.99,DELTA,53,1000,56,25,99,yes,48,-14
2025-05-22T20:02:03.374692,KXBTCD-25MAY2300-T111249.99,DELTA,53,1000,56,25,100,yes,50,14
2025-05-22T20:02:03.375107,KXBTCD-25MAY2300-T111249.99,DELTA,53,1000,56,25,101,no,42,-14
2025-05-22T20:02:03.375452,KXBTCD-25MAY2300-T111249.99,DELTA,53,1000,56,25,102,no,40,14
2025-05-22T20:02:03.494781,KXBTCD-25MAY2300-T111249.99,DELTA,53,1000,56,25,103,no,37,-1000
2025-05-22T20:02:03.554818,KXBTCD-25MAY2300-T111249.99,DELTA,53,1000,56,25,104,no,21,1000
2025-05-22T20:02:04.095601,KXBTCD-25MAY2300-T111249.99,DELTA,54,30,56,25,105,yes,54,30
2025-05-22T20:02:04.096369,KXBTCD-25MAY2300-T111249.99,DELTA,54,30,56,25,106,yes,52,-30
2025-05-22T20:02:04.096884,KXBTCD-25MAY2300-T111249.99,DELTA,54,30,56,25,107,no,35,30
2025-05-22T20:02:04.115706,KXBTCD-25MAY2300-T111249.99,DELTA,54,30,56,25,108,no,37,-30
2025-05-22T20:02:04.174372,KXBTCD-25MAY2300-T111249.99,DELTA,54,30,56,25,109,yes,53,-1000
2025-05-22T20:02:04.194888,KXBTCD-25MAY2300-T111249.99,DELTA,54,30,56,25,110,no,21,-1000
2025-05-22T20:02:04.254543,KXBTCD-25MAY2300-T111249.99,DELTA,54,30,56,25,111,no,35,1000
2025-05-22T20:02:04.274280,KXBTCD-25MAY2300-T111249.99,DELTA,55,1000,56,25,112,yes,55,1000
2025-05-22T20:02:04.294891,KXBTCD-25MAY2300-T111249.99,DELTA,55,1000,56,25,113,no,38,-9
2025-05-22T20:02:04.295389,KXBTCD-25MAY2300-T111249.99,DELTA,55,1000,56,25,114,no,36,9
2025-05-22T20:02:04.295589,KXBTCD-25MAY2300-T111249.99,DELTA,55,1000,56,25,115,yes,35,9
2025-05-22T20:02:05.035341,KXBTCD-25MAY2300-T111249.99,DELTA,55,1000,56,25,116,yes,12,-2700
2025-05-22T20:02:05.035679,KXBTCD-25MAY2300-T111249.99,DELTA,55,1000,56,25,117,yes,4,8100
2025-05-22T20:02:05.073825,KXBTCD-25MAY2300-T111249.99,DELTA,55,1000,56,25,118,yes,2,-8000
2025-05-22T20:02:05.136349,KXBTCD-25MAY2300-T111249.99,DELTA,55,1000,56,25,119,yes,5,20000
2025-05-22T20:02:05.154689,KXBTCD-25MAY2300-T111249.99,DELTA,55,1000,56,25,120,yes,35,-9
2025-05-22T20:02:05.173670,KXBTCD-25MAY2300-T111249.99,DELTA,55,1000,56,25,121,yes,3,8000
2025-05-22T20:02:06.254466,KXBTCD-25MAY2300-T111249.99,DELTA,55,1000,56,25,122,yes,4,-8100
2025-05-22T20:02:06.255173,KXBTCD-25MAY2300-T111249.99,DELTA,55,1000,56,25,123,yes,6,5400
2025-05-22T20:02:06.334146,KXBTCD-25MAY2300-T111249.99,DELTA,55,1000,56,25,124,yes,5,-20000
2025-05-22T20:02:06.415094,KXBTCD-25MAY2300-T111249.99,DELTA,55,1000,56,25,125,yes,7,20000
2025-05-22T20:02:06.795747,KXBTCD-25MAY2300-T111249.99,DELTA,55,1000,56,25,126,no,39,100
2025-05-22T20:02:06.796671,KXBTCD-25MAY2300-T111249.99,DELTA,55,1000,56,25,127,yes,53,100
2025-05-22T20:02:07.492776,KXBTCD-25MAY2300-T111249.99,DELTA,55,1000,56,25,128,yes,6,-5400
2025-05-22T20:02:07.493132,KXBTCD-25MAY2300-T111249.99,DELTA,55,1000,56,25,129,yes,8,4050
2025-05-22T20:02:07.574468,KXBTCD-25MAY2300-T111249.99,DELTA,55,1000,56,25,130,yes,7,-20000
2025-05-22T20:02:07.634478,KXBTCD-25MAY2300-T111249.99,DELTA,55,1000,56,25,131,yes,9,20000
2025-05-22T20:02:07.814738,KXBTCD-25MAY2300-T111249.99,DELTA,55,1000,56,25,132,yes,53,-100
2025-05-22T20:02:07.814999,KXBTCD-25MAY2300-T111249.99,DELTA,55,1000,56,25,133,no,39,-100
2025-05-22T20:02:08.675191,KXBTCD-25MAY2300-T111249.99,DELTA,55,1000,56,25,134,yes,8,-4050
2025-05-22T20:02:08.675508,KXBTCD-25MAY2300-T111249.99,DELTA,55,1000,56,25,135,yes,10,3240
2025-05-22T20:02:08.774212,KXBTCD-25MAY2300-T111249.99,DELTA,55,1000,56,25,136,yes,9,-20000
2025-05-22T20:02:08.853085,KXBTCD-25MAY2300-T111249.99,DELTA,55,1000,56,25,137,yes,11,20000
2025-05-22T20:02:09.853664,KXBTCD-25MAY2300-T111249.99,DELTA,55,1000,56,25,138,yes,10,-3240
2025-05-22T20:02:09.853899,KXBTCD-25MAY2300-T111249.99,DELTA,55,1000,56,25,139,yes,12,2700
2025-05-22T20:02:09.955522,KXBTCD-25MAY2300-T111249.99,DELTA,55,1000,56,25,140,yes,11,-20000
2025-05-22T20:02:12.558016,KXBTCD-25MAY2300-T111249.99,DELTA,55,1000,56,25,141,no,39,100
2025-05-22T20:02:12.558707,KXBTCD-25MAY2300-T111249.99,DELTA,55,1000,56,25,142,yes,53,100
2025-05-22T20:02:12.771941,KXBTCD-25MAY2300-T111249.99,DELTA,55,1000,56,25,143,yes,53,-100
2025-05-22T20:02:12.772867,KXBTCD-25MAY2300-T111249.99,DELTA,55,1000,56,25,144,no,39,-100
2025-05-22T20:02:14.235311,KXBTCD-25MAY2300-T111249.99,DELTA,55,1000,56,25,145,yes,12,-2700
2025-05-22T20:02:14.236006,KXBTCD-25MAY2300-T111249.99,DELTA,55,1000,56,25,146,yes,4,8100
2025-05-22T20:02:14.334714,KXBTCD-25MAY2300-T111249.99,DELTA,55,1000,56,25,147,yes,5,20000
2025-05-22T20:02:15.574248,KXBTCD-25MAY2300-T111249.99,DELTA,55,1000,56,25,148,yes,3,-8000
2025-05-22T20:02:15.574680,KXBTCD-25MAY2300-T111249.99,DELTA,55,1000,60,14,149,no,44,-25
2025-05-22T20:02:15.595979,KXBTCD-25MAY2300-T111249.99,DELTA,55,1000,60,14,150,no,35,-1000
2025-05-22T20:02:15.655168,KXBTCD-25MAY2300-T111249.99,DELTA,55,1000,60,14,151,yes,4,8000
2025-05-22T20:02:15.697024,KXBTCD-25MAY2300-T111249.99,DELTA,55,1000,60,14,152,no,36,-9
2025-05-22T20:02:15.715285,KXBTCD-25MAY2300-T111249.99,DELTA,55,1000,60,14,153,no,36,6
2025-05-22T20:02:15.775856,KXBTCD-25MAY2300-T111249.99,DELTA,55,1000,60,14,154,yes,51,14
2025-05-22T20:02:15.776769,KXBTCD-25MAY2300-T111249.99,DELTA,55,1000,60,14,155,yes,50,-14
2025-05-22T20:02:15.794937,KXBTCD-25MAY2300-T111249.99,DELTA,55,1000,64,6,156,no,40,-14
2025-05-22T20:02:15.795811,KXBTCD-25MAY2300-T111249.99,DELTA,55,1000,61,14,157,no,39,14
2025-05-22T20:02:15.815649,KXBTCD-25MAY2300-T111249.99,DELTA,55,1000,61,14,158,no,17,1250
2025-05-22T20:02:15.816498,KXBTCD-25MAY2300-T111249.99,DELTA,55,1000,61,14,159,no,21,1000
2025-05-22T20:02:16.156503,KXBTCD-25MAY2300-T111249.99,DELTA,55,1000,61,14,160,no,20,-200
2025-05-22T20:02:16.157473,KXBTCD-25MAY2300-T111249.99,DELTA,55,1000,61,14,161,no,10,200
2025-05-22T20:02:16.237044,KXBTCD-25MAY2300-T111249.99,DELTA,55,1000,61,14,162,no,21,-2000
2025-05-22T20:02:16.257949,KXBTCD-25MAY2300-T111249.99,DELTA,55,1000,61,14,163,no,21,-1000
2025-05-22T20:02:16.335870,KXBTCD-25MAY2300-T111249.99,DELTA,55,1000,61,14,164,no,17,1000
2025-05-22T20:02:16.336910,KXBTCD-25MAY2300-T111249.99,DELTA,55,1000,61,14,165,no,17,2000
2025-05-22T20:02:16.494021,KXBTCD-25MAY2300-T111249.99,DELTA,55,1000,61,14,166,no,18,9
2025-05-22T20:02:16.495246,KXBTCD-25MAY2300-T111249.99,DELTA,55,1000,61,14,167,no,36,-6
2025-05-22T20:02:16.877337,KXBTCD-25MAY2300-T111249.99,DELTA,55,1000,61,14,168,yes,4,-8100
2025-05-22T20:02:16.877914,KXBTCD-25MAY2300-T111249.99,DELTA,55,1000,61,14,169,yes,6,5400
2025-05-22T20:02:16.956287,KXBTCD-25MAY2300-T111249.99,DELTA,55,1000,61,14,170,yes,5,-20000
2025-05-22T20:02:17.035982,KXBTCD-25MAY2300-T111249.99,DELTA,55,1000,61,14,171,yes,7,20000
2025-05-22T20:02:18.155815,KXBTCD-25MAY2300-T111249.99,DELTA,55,1000,61,14,172,yes,6,-5400
2025-05-22T20:02:18.156737,KXBTCD-25MAY2300-T111249.99,DELTA,55,1000,61,14,173,yes,8,4050
2025-05-22T20:02:18.195753,KXBTCD-25MAY2300-T111249.99,DELTA,55,1000,61,14,174,no,16,-2025
2025-05-22T20:02:18.196786,KXBTCD-25MAY2300-T111249.99,DELTA,55,1000,61,14,175,no,15,2160
2025-05-22T20:02:18.235543,KXBTCD-25MAY2300-T111249.99,DELTA,55,1000,61,14,176,yes,7,-20000
2025-05-22T20:02:18.274093,KXBTCD-25MAY2300-T111249.99,DELTA,55,1000,61,14,177,no,17,-2000
2025-05-22T20:02:18.294812,KXBTCD-25MAY2300-T111249.99,DELTA,55,1000,61,14,178,no,17,-1000
2025-05-22T20:02:18.295545,KXBTCD-25MAY2300-T111249.99,DELTA,55,1000,61,14,179,no,17,-1250
2025-05-22T20:02:18.316149,KXBTCD-25MAY2300-T111249.99,DELTA,55,1000,61,14,180,yes,9,20000
2025-05-22T20:02:18.374241,KXBTCD-25MAY2300-T111249.99,DELTA,55,1000,61,14,181,no,16,2000
2025-05-22T20:02:18.374992,KXBTCD-25MAY2300-T111249.99,DELTA,55,1000,61,14,182,no,16,1000
2025-05-22T20:02:18.375437,KXBTCD-25MAY2300-T111249.99,DELTA,55,1000,61,14,183,no,16,1250
2025-05-22T20:02:18.777198,KXBTCD-25MAY2300-T111249.99,DELTA,55,1000,61,14,184,no,16,-1250
2025-05-22T20:02:19.334740,KXBTCD-25MAY2300-T111249.99,DELTA,55,1000,61,14,185,no,37,100
2025-05-22T20:02:19.354374,KXBTCD-25MAY2300-T111249.99,DELTA,55,1000,61,14,186,yes,54,100
2025-05-22T20:02:19.416149,KXBTCD-25MAY2300-T111249.99,DELTA,55,1000,61,14,187,yes,8,-4050
2025-05-22T20:02:19.416885,KXBTCD-25MAY2300-T111249.99,DELTA,55,1000,61,14,188,yes,10,3240
2025-05-22T20:02:19.475039,KXBTCD-25MAY2300-T111249.99,DELTA,55,1000,61,14,189,no,17,9
2025-05-22T20:02:19.475965,KXBTCD-25MAY2300-T111249.99,DELTA,55,1000,61,14,190,no,18,-9
2025-05-22T20:02:19.494493,KXBTCD-25MAY2300-T111249.99,DELTA,55,1000,61,14,191,yes,9,-20000
2025-05-22T20:02:19.575305,KXBTCD-25MAY2300-T111249.99,DELTA,55,1000,61,14,192,yes,11,20000
2025-05-22T20:02:20.596626,KXBTCD-25MAY2300-T111249.99,DELTA,55,1000,61,14,193,yes,10,-3240
2025-05-22T20:02:20.597549,KXBTCD-25MAY2300-T111249.99,DELTA,55,1000,61,14,194,yes,12,2700
2025-05-22T20:02:20.675595,KXBTCD-25MAY2300-T111249.99,DELTA,55,1000,61,14,195,yes,11,-20000
2025-05-22T20:02:21.095860,KXBTCD-25MAY2300-T111249.99,DELTA,55,1000,61,14,196,yes,54,-100
2025-05-22T20:02:21.096273,KXBTCD-25MAY2300-T111249.99,DELTA,55,1000,61,14,197,no,37,-100
2025-05-22T20:02:21.815189,KXBTCD-25MAY2300-T111249.99,DELTA,55,1000,61,14,198,yes,12,-2700
2025-05-22T20:02:21.816095,KXBTCD-25MAY2300-T111249.99,DELTA,55,1000,61,14,199,yes,5,6480
2025-05-22T20:02:21.896298,KXBTCD-25MAY2300-T111249.99,DELTA,55,1000,61,14,200,yes,6,20000
2025-05-22T20:02:24.315867,KXBTCD-25MAY2300-T111249.99,DELTA,55,1000,61,14,201,no,38,100
2025-05-22T20:02:24.335294,KXBTCD-25MAY2300-T111249.99,DELTA,55,1000,61,14,202,yes,54,100
2025-05-22T20:02:24.795618,KXBTCD-25MAY2300-T111249.99,DELTA,55,1030,61,14,203,yes,55,30
2025-05-22T20:02:24.796619,KXBTCD-25MAY2300-T111249.99,DELTA,55,1030,61,14,204,yes,54,-30
2025-05-22T20:02:24.814788,KXBTCD-25MAY2300-T111249.99,DELTA,55,1030,61,14,205,no,34,30
2025-05-22T20:02:24.815536,KXBTCD-25MAY2300-T111249.99,DELTA,55,1030,61,14,206,no,35,-30
2025-05-22T20:02:24.874777,KXBTCD-25MAY2300-T111249.99,DELTA,55,30,61,14,207,yes,55,-1000
2025-05-22T20:02:24.935642,KXBTCD-25MAY2300-T111249.99,DELTA,56,1000,61,14,208,yes,56,1000
2025-05-22T20:02:24.993965,KXBTCD-25MAY2300-T111249.99,DELTA,56,1000,61,14,209,yes,53,14
2025-05-22T20:02:24.994786,KXBTCD-25MAY2300-T111249.99,DELTA,56,1000,61,14,210,yes,51,-14
2025-05-22T20:02:24.995293,KXBTCD-25MAY2300-T111249.99,DELTA,56,1000,62,100,211,no,39,-14
2025-05-22T20:02:24.995770,KXBTCD-25MAY2300-T111249.99,DELTA,56,1000,62,100,212,no,37,14
2025-05-22T20:02:25.194769,KXBTCD-25MAY2300-T111249.99,DELTA,56,1000,62,100,213,no,16,1250
2025-05-22T20:02:25.515152,KXBTCD-25MAY2300-T111249.99,DELTA,56,1000,62,100,214,yes,54,-100
2025-05-22T20:02:25.535102,KXBTCD-25MAY2300-T111249.99,DELTA,56,1000,63,14,215,no,38,-100
2025-05-22T20:02:26.296682,KXBTCD-25MAY2300-T111249.99,DELTA,56,1000,63,14,216,yes,5,-6480
2025-05-22T20:02:26.297555,KXBTCD-25MAY2300-T111249.99,DELTA,56,1000,63,14,217,yes,7,4628
2025-05-22T20:02:26.380560,KXBTCD-25MAY2300-T111249.99,DELTA,56,1000,63,14,218,yes,6,-20000
2025-05-22T20:02:26.455149,KXBTCD-25MAY2300-T111249.99,DELTA,56,1000,63,14,219,yes,8,20000
2025-05-22T20:02:27.475394,KXBTCD-25MAY2300-T111249.99,DELTA,56,1000,63,14,220,yes,55,100
2025-05-22T20:02:28.456346,KXBTCD-25MAY2300-T111249.99,DELTA,56,1000,63,14,221,yes,55,-100
2025-05-22T20:02:29.074905,KXBTCD-25MAY2300-T111249.99,DELTA,56,1000,63,14,222,yes,7,-4628
2025-05-22T20:02:29.075680,KXBTCD-25MAY2300-T111249.99,DELTA,56,1000,63,14,223,yes,9,3600
2025-05-22T20:02:29.116066,KXBTCD-25MAY2300-T111249.99,DELTA,56,1000,63,14,224,no,15,-2160
2025-05-22T20:02:29.116815,KXBTCD-25MAY2300-T111249.99,DELTA,56,1000,63,14,225,no,11,2945
2025-05-22T20:02:29.154783,KXBTCD-25MAY2300-T111249.99,DELTA,56,1000,63,14,226,yes,8,-20000
2025-05-22T20:02:29.195786,KXBTCD-25MAY2300-T111249.99,DELTA,56,1000,63,14,227,no,16,-2000
2025-05-22T20:02:29.215103,KXBTCD-25MAY2300-T111249.99,DELTA,56,1000,63,14,228,no,16,-1000
2025-05-22T20:02:29.215769,KXBTCD-25MAY2300-T111249.99,DELTA,56,1000,63,14,229,no,16,-1250
2025-05-22T20:02:29.235256,KXBTCD-25MAY2300-T111249.99,DELTA,56,1000,63,14,230,yes,10,20000
2025-05-22T20:02:29.254821,KXBTCD-25MAY2300-T111249.99,DELTA,56,1000,63,14,231,no,36,100
2025-05-22T20:02:29.294297,KXBTCD-25MAY2300-T111249.99,DELTA,56,1000,63,14,232,no,12,2000
2025-05-22T20:02:29.294482,KXBTCD-25MAY2300-T111249.99,DELTA,56,1000,63,14,233,no,12,1000
2025-05-22T20:02:29.354302,KXBTCD-25MAY2300-T111249.99,DELTA,56,1000,63,14,234,no,16,9
2025-05-22T20:02:29.354645,KXBTCD-25MAY2300-T111249.99,DELTA,56,1000,63,14,235,no,17,-9
2025-05-22T20:02:29.964943,KXBTCD-25MAY2300-T111249.99,DELTA,56,1000,63,14,236,no,36,-100
2025-05-22T20:02:30.375749,KXBTCD-25MAY2300-T111249.99,DELTA,56,1000,63,14,237,yes,9,-3600
2025-05-22T20:02:30.376613,KXBTCD-25MAY2300-T111249.99,DELTA,56,1000,63,14,238,yes,11,2945
2025-05-22T20:02:30.413993,KXBTCD-25MAY2300-T111249.99,DELTA,56,1000,63,14,239,no,11,-2945
2025-05-22T20:02:30.414289,KXBTCD-25MAY2300-T111249.99,DELTA,56,1000,63,14,240,no,13,2492
2025-05-22T20:02:30.454546,KXBTCD-25MAY2300-T111249.99,DELTA,56,1000,63,14,241,yes,10,-20000
2025-05-22T20:02:30.514757,KXBTCD-25MAY2300-T111249.99,DELTA,56,1000,63,14,242,no,12,-2000
2025-05-22T20:02:30.514961,KXBTCD-25MAY2300-T111249.99,DELTA,56,1000,63,14,243,no,12,-1000
2025-05-22T20:02:30.595216,KXBTCD-25MAY2300-T111249.99,DELTA,56,1000,63,14,244,no,14,1000
2025-05-22T20:02:30.596203,KXBTCD-25MAY2300-T111249.99,DELTA,56,1000,63,14,245,no,14,2000
2025-05-22T20:02:30.715340,KXBTCD-25MAY2300-T111249.99,DELTA,56,1000,63,14,246,yes,4,-8000
2025-05-22T20:02:30.799596,KXBTCD-25MAY2300-T111249.99,DELTA,56,1000,63,14,247,yes,5,8000
2025-05-22T20:02:31.815215,KXBTCD-25MAY2300-T111249.99,DELTA,56,1000,63,14,248,no,14,-1000
2025-05-22T20:02:31.895819,KXBTCD-25MAY2300-T111249.99,DELTA,56,1000,63,14,249,no,34,1000
2025-05-22T20:02:32.315398,KXBTCD-25MAY2300-T111249.99,DELTA,56,1000,63,14,250,no,34,-1000
2025-05-22T20:02:32.395116,KXBTCD-25MAY2300-T111249.99,DELTA,56,1000,63,14,251,no,14,1000
2025-05-22T20:02:32.754843,KXBTCD-25MAY2300-T111249.99,DELTA,56,1000,63,14,252,yes,11,-2945
2025-05-22T20:02:32.755258,KXBTCD-25MAY2300-T111249.99,DELTA,56,1000,63,14,253,yes,6,5400
2025-05-22T20:02:32.814718,KXBTCD-25MAY2300-T111249.99,DELTA,56,1000,63,14,254,no,13,-2492
2025-05-22T20:02:32.815201,KXBTCD-25MAY2300-T111249.99,DELTA,56,1000,63,14,255,no,14,2314
2025-05-22T20:02:32.835043,KXBTCD-25MAY2300-T111249.99,DELTA,56,1000,63,14,256,yes,7,20000
2025-05-22T20:02:32.895369,KXBTCD-25MAY2300-T111249.99,DELTA,56,1000,63,14,257,no,14,-2000
2025-05-22T20:02:32.914652,KXBTCD-25MAY2300-T111249.99,DELTA,56,1000,63,14,258,no,14,-1000
2025-05-22T20:02:32.975353,KXBTCD-25MAY2300-T111249.99,DELTA,56,1000,63,14,259,no,15,1000
2025-05-22T20:02:32.976283,KXBTCD-25MAY2300-T111249.99,DELTA,56,1000,63,14,260,no,15,2000
2025-05-22T20:02:33.015559,KXBTCD-25MAY2300-T111249.99,DELTA,56,1000,63,14,261,no,15,1250
2025-05-22T20:02:33.036609,KXBTCD-25MAY2300-T111249.99,DELTA,56,1000,63,14,262,yes,34,-3000
2025-05-22T20:02:33.037161,KXBTCD-25MAY2300-T111249.99,DELTA,56,1000,63,14,263,yes,5,-8000
2025-05-22T20:02:33.115606,KXBTCD-25MAY2300-T111249.99,DELTA,56,1000,63,14,264,yes,7,8000
2025-05-22T20:02:33.116303,KXBTCD-25MAY2300-T111249.99,DELTA,56,1000,63,14,265,yes,43,3000
2025-05-22T20:02:33.861868,KXBTCD-25MAY2300-T111249.99,DELTA,56,1000,63,14,266,no,36,100
2025-05-22T20:02:33.862815,KXBTCD-25MAY2300-T111249.99,DELTA,56,1100,63,14,267,yes,56,100
2025-05-22T20:02:33.863543,KXBTCD-25MAY2300-T111249.99,DELTA,56,100,63,14,268,yes,56,-1000
2025-05-22T20:02:33.935422,KXBTCD-25MAY2300-T111249.99,DELTA,57,1000,63,14,269,yes,57,1000
2025-05-22T20:02:34.156012,KXBTCD-25MAY2300-T111249.99,DELTA,57,1000,63,14,270,yes,6,-5400
2025-05-22T20:02:34.157067,KXBTCD-25MAY2300-T111249.99,DELTA,57,1000,63,14,271,yes,8,4050
2025-05-22T20:02:34.198324,KXBTCD-25MAY2300-T111249.99,DELTA,57,1000,63,14,272,no,14,-2314
2025-05-22T20:02:34.199307,KXBTCD-25MAY2300-T111249.99,DELTA,57,1000,63,14,273,no,11,2945
2025-05-22T20:02:34.255597,KXBTCD-25MAY2300-T111249.99,DELTA,57,1000,63,14,274,yes,7,-20000
2025-05-22T20:02:34.294192,KXBTCD-25MAY2300-T111249.99,DELTA,57,1000,63,14,275,no,15,-2000
2025-05-22T20:02:34.294406,KXBTCD-25MAY2300-T111249.99,DELTA,57,1000,63,14,276,no,15,-1000
2025-05-22T20:02:34.313865,KXBTCD-25MAY2300-T111249.99,DELTA,57,1000,63,14,277,no,15,-1250
2025-05-22T20:02:34.335436,KXBTCD-25MAY2300-T111249.99,DELTA,57,1000,63,14,278,yes,9,20000
2025-05-22T20:02:34.374530,KXBTCD-25MAY2300-T111249.99,DELTA,57,1000,63,14,279,no,12,1000
2025-05-22T20:02:34.374727,KXBTCD-25MAY2300-T111249.99,DELTA,57,1000,63,14,280,no,12,2000
2025-05-22T20:02:35.535653,KXBTCD-25MAY2300-T111249.99,DELTA,57,1000,63,14,281,yes,56,-100
2025-05-22T20:02:35.555044,KXBTCD-25MAY2300-T111249.99,DELTA,57,1000,63,14,282,no,36,-100
2025-05-22T20:02:35.656262,KXBTCD-25MAY2300-T111249.99,DELTA,55,30,63,14,283,yes,57,-1000
2025-05-22T20:02:35.716140,KXBTCD-25MAY2300-T111249.99,DELTA,56,1000,63,14,284,yes,56,1000
2025-05-22T20:02:38.696221,KXBTCD-25MAY2300-T111249.99,DELTA,56,1000,63,14,285,yes,8,-4050
2025-05-22T20:02:38.697428,KXBTCD-25MAY2300-T111249.99,DELTA,56,1000,63,14,286,yes,10,3240
2025-05-22T20:02:38.734475,KXBTCD-25MAY2300-T111249.99,DELTA,56,1000,63,14,287,no,11,-2945
2025-05-22T20:02:38.735130,KXBTCD-25MAY2300-T111249.99,DELTA,56,1000,63,14,288,no,13,2492
2025-05-22T20:02:38.775907,KXBTCD-25MAY2300-T111249.99,DELTA,56,1000,63,14,289,yes,9,-20000
2025-05-22T20:02:38.815489,KXBTCD-25MAY2300-T111249.99,DELTA,56,1000,63,14,290,no,14,1250
2025-05-22T20:02:38.816442,KXBTCD-25MAY2300-T111249.99,DELTA,56,1000,63,14,291,no,12,-2000
2025-05-22T20:02:38.817024,KXBTCD-25MAY2300-T111249.99,DELTA,56,1000,63,14,292,no,12,-1000
2025-05-22T20:02:38.855522,KXBTCD-25MAY2300-T111249.99,DELTA,56,1000,63,14,293,yes,11,20000
2025-05-22T20:02:38.895284,KXBTCD-25MAY2300-T111249.99,DELTA,56,1000,63,14,294,no,14,1000
2025-05-22T20:02:38.896032,KXBTCD-25MAY2300-T111249.99,DELTA,56,1000,63,14,295,no,14,2000
2025-05-22T20:02:39.354659,KXBTCD-25MAY2300-T111249.99,DELTA,56,1000,63,14,296,no,36,100
2025-05-22T20:02:39.354904,KXBTCD-25MAY2300-T111249.99,DELTA,56,1100,63,14,297,yes,56,100
2025-05-22T20:02:39.434754,KXBTCD-25MAY2300-T111249.99,DELTA,56,100,63,14,298,yes,56,-1000
2025-05-22T20:02:39.514630,KXBTCD-25MAY2300-T111249.99,DELTA,57,1000,63,14,299,yes,57,1000
2025-05-22T20:02:39.694861,KXBTCD-25MAY2300-T111249.99,DELTA,57,1000,63,14,300,yes,7,-8000
2025-05-22T20:02:39.775042,KXBTCD-25MAY2300-T111249.99,DELTA,57,1000,63,14,301,yes,8,8000
2025-05-22T20:02:40.394079,KXBTCD-25MAY2300-T111249.99,DELTA,57,1000,63,14,302,yes,56,-100
2025-05-22T20:02:40.414811,KXBTCD-25MAY2300-T111249.99,DELTA,57,1000,63,14,303,no,36,-100
2025-05-22T20:02:40.454498,KXBTCD-25MAY2300-T111249.99,DELTA,55,30,63,14,304,yes,57,-1000
2025-05-22T20:02:40.517255,KXBTCD-25MAY2300-T111249.99,DELTA,56,1000,63,14,305,yes,56,1000
2025-05-22T20:02:41.374846,KXBTCD-25MAY2300-T111249.99,DELTA,57,30,63,14,306,yes,57,30
2025-05-22T20:02:41.375815,KXBTCD-25MAY2300-T111249.99,DELTA,57,30,63,14,307,yes,55,-30
2025-05-22T20:02:41.376567,KXBTCD-25MAY2300-T111249.99,DELTA,57,30,63,14,308,no,34,-30
2025-05-22T20:02:41.377066,KXBTCD-25MAY2300-T111249.99,DELTA,57,30,63,14,309,no,32,30
2025-05-22T20:02:41.434963,KXBTCD-25MAY2300-T111249.99,DELTA,57,30,63,14,310,yes,56,-1000
2025-05-22T20:02:41.454292,KXBTCD-25MAY2300-T111249.99,DELTA,57,30,63,14,311,yes,10,-3240
2025-05-22T20:02:41.455241,KXBTCD-25MAY2300-T111249.99,DELTA,57,30,63,14,312,yes,12,2700
2025-05-22T20:02:41.496142,KXBTCD-25MAY2300-T111249.99,DELTA,58,1000,63,14,313,yes,58,1000
2025-05-22T20:02:41.497063,KXBTCD-25MAY2300-T111249.99,DELTA,58,1000,63,14,314,no,16,-9
2025-05-22T20:02:41.497672,KXBTCD-25MAY2300-T111249.99,DELTA,58,1000,63,14,315,no,16,3
2025-05-22T20:02:41.498359,KXBTCD-25MAY2300-T111249.99,DELTA,58,1000,63,14,316,no,33,6
2025-05-22T20:02:41.498858,KXBTCD-25MAY2300-T111249.99,DELTA,58,1000,63,14,317,no,13,-2492
2025-05-22T20:02:41.499342,KXBTCD-25MAY2300-T111249.99,DELTA,58,1000,63,14,318,no,11,2945
2025-05-22T20:02:41.514785,KXBTCD-25MAY2300-T111249.99,DELTA,58,1000,63,14,319,yes,11,-20000
2025-05-22T20:02:41.555708,KXBTCD-25MAY2300-T111249.99,DELTA,58,1000,63,14,320,no,14,-2000
2025-05-22T20:02:41.556658,KXBTCD-25MAY2300-T111249.99,DELTA,58,1000,63,14,321,no,14,-1000
2025-05-22T20:02:41.577386,KXBTCD-25MAY2300-T111249.99,DELTA,58,1000,63,14,322,no,14,-1250
2025-05-22T20:02:41.614268,KXBTCD-25MAY2300-T111249.99,DELTA,58,1000,63,14,323,no,12,2000
2025-05-22T20:02:41.614657,KXBTCD-25MAY2300-T111249.99,DELTA,58,1000,63,14,324,no,12,1000
2025-05-22T20:02:42.734516,KXBTCD-25MAY2300-T111249.99,DELTA,58,1000,63,14,325,yes,53,-14
2025-05-22T20:02:42.734861,KXBTCD-25MAY2300-T111249.99,DELTA,58,1000,63,14,326,yes,54,14
2025-05-22T20:02:42.735306,KXBTCD-25MAY2300-T111249.99,DELTA,58,1000,67,6,327,no,37,-14
2025-05-22T20:02:42.735632,KXBTCD-25MAY2300-T111249.99,DELTA,58,1000,64,14,328,no,36,14
2025-05-22T20:02:42.854781,KXBTCD-25MAY2300-T111249.99,DELTA,58,1000,64,14,329,no,16,-3
2025-05-22T20:02:42.855084,KXBTCD-25MAY2300-T111249.99,DELTA,58,1000,64,14,330,no,33,-6
2025-05-22T20:02:42.894947,KXBTCD-25MAY2300-T111249.99,DELTA,58,1000,64,14,331,no,16,9
2025-05-22T20:02:42.954108,KXBTCD-25MAY2300-T111249.99,DELTA,58,1000,64,14,332,yes,12,-2700
2025-05-22T20:02:42.954639,KXBTCD-25MAY2300-T111249.99,DELTA,58,1000,64,14,333,yes,9,3600
2025-05-22T20:02:43.014957,KXBTCD-25MAY2300-T111249.99,DELTA,58,1000,64,14,334,no,11,-2945
2025-05-22T20:02:43.015776,KXBTCD-25MAY2300-T111249.99,DELTA,58,1000,64,14,335,no,12,2700
2025-05-22T20:02:43.016225,KXBTCD-25MAY2300-T111249.99,DELTA,58,1000,64,14,336,yes,10,20000
2025-05-22T20:02:43.074504,KXBTCD-25MAY2300-T111249.99,DELTA,58,1000,64,14,337,no,13,1250
2025-05-22T20:02:43.075339,KXBTCD-25MAY2300-T111249.99,DELTA,58,1000,64,14,338,no,12,-2000
2025-05-22T20:02:43.094316,KXBTCD-25MAY2300-T111249.99,DELTA,58,1000,64,14,339,no,12,-1000
2025-05-22T20:02:43.136860,KXBTCD-25MAY2300-T111249.99,DELTA,58,1000,64,14,340,no,13,2000
2025-05-22T20:02:43.137642,KXBTCD-25MAY2300-T111249.99,DELTA,58,1000,64,14,341,no,13,1000
2025-05-22T20:02:44.197828,KXBTCD-25MAY2300-T111249.99,DELTA,58,1000,64,14,342,no,35,100
2025-05-22T20:02:44.214422,KXBTCD-25MAY2300-T111249.99,DELTA,58,1000,64,14,343,yes,57,100
2025-05-22T20:02:44.255345,KXBTCD-25MAY2300-T111249.99,DELTA,58,1000,64,14,344,yes,9,-3600
2025-05-22T20:02:44.255934,KXBTCD-25MAY2300-T111249.99,DELTA,58,1000,64,14,345,yes,11,2945
2025-05-22T20:02:44.296539,KXBTCD-25MAY2300-T111249.99,DELTA,58,1000,64,14,346,no,12,-2700
2025-05-22T20:02:44.296744,KXBTCD-25MAY2300-T111249.99,DELTA,58,1000,64,14,347,no,13,2492
2025-05-22T20:02:44.314425,KXBTCD-25MAY2300-T111249.99,DELTA,58,1000,64,14,348,yes,10,-20000
2025-05-22T20:02:44.375679,KXBTCD-25MAY2300-T111249.99,DELTA,58,1000,64,14,349,no,13,-2000
2025-05-22T20:02:44.394785,KXBTCD-25MAY2300-T111249.99,DELTA,58,1000,64,14,350,no,13,-1000
2025-05-22T20:02:44.395264,KXBTCD-25MAY2300-T111249.99,DELTA,58,1000,64,14,351,no,13,-1250
2025-05-22T20:02:44.455186,KXBTCD-25MAY2300-T111249.99,DELTA,58,1000,64,14,352,no,14,1000
2025-05-22T20:02:44.456054,KXBTCD-25MAY2300-T111249.99,DELTA,58,1000,64,14,353,no,14,2000
2025-05-22T20:02:44.456742,KXBTCD-25MAY2300-T111249.99,DELTA,58,1000,64,14,354,no,14,1250
2025-05-22T20:02:44.937621,KXBTCD-25MAY2300-T111249.99,DELTA,58,1000,64,14,355,yes,57,-100
2025-05-22T20:02:44.938404,KXBTCD-25MAY2300-T111249.99,DELTA,58,1000,64,14,356,no,35,-100
2025-05-22T20:02:45.594289,KXBTCD-25MAY2300-T111249.99,DELTA,58,1000,64,14,357,yes,11,-2945
2025-05-22T20:02:45.595378,KXBTCD-25MAY2300-T111249.99,DELTA,58,1000,64,14,358,yes,9,3600
2025-05-22T20:02:45.655351,KXBTCD-25MAY2300-T111249.99,DELTA,58,1000,64,14,359,no,13,-2492
2025-05-22T20:02:45.656371,KXBTCD-25MAY2300-T111249.99,DELTA,58,1000,64,14,360,no,11,2945
2025-05-22T20:02:45.657396,KXBTCD-25MAY2300-T111249.99,DELTA,58,1000,64,14,361,yes,10,20000
2025-05-22T20:02:45.715217,KXBTCD-25MAY2300-T111249.99,DELTA,58,1000,64,14,362,no,14,-2000
2025-05-22T20:02:45.735074,KXBTCD-25MAY2300-T111249.99,DELTA,58,1000,64,14,363,no,14,-1000
2025-05-22T20:02:45.735905,KXBTCD-25MAY2300-T111249.99,DELTA,58,1000,64,14,364,no,14,-1250
2025-05-22T20:02:45.773865,KXBTCD-25MAY2300-T111249.99,DELTA,58,1000,64,14,365,no,12,1000
2025-05-22T20:02:45.774491,KXBTCD-25MAY2300-T111249.99,DELTA,58,1000,64,14,366,no,12,2000
2025-05-22T20:02:46.915458,KXBTCD-25MAY2300-T111249.99,DELTA,58,1000,64,14,367,yes,9,-3600
2025-05-22T20:02:46.916231,KXBTCD-25MAY2300-T111249.99,DELTA,58,1000,64,14,368,yes,11,2945
2025-05-22T20:02:46.976506,KXBTCD-25MAY2300-T111249.99,DELTA,58,1000,64,14,369,no,11,-2945
2025-05-22T20:02:46.977332,KXBTCD-25MAY2300-T111249.99,DELTA,58,1000,64,14,370,no,13,2492
2025-05-22T20:02:46.977745,KXBTCD-25MAY2300-T111249.99,DELTA,58,1000,64,14,371,yes,10,-20000
2025-05-22T20:02:47.035036,KXBTCD-25MAY2300-T111249.99,DELTA,58,1000,64,14,372,no,14,1250
2025-05-22T20:02:47.035363,KXBTCD-25MAY2300-T111249.99,DELTA,58,1000,64,14,373,no,12,-2000
2025-05-22T20:02:47.035867,KXBTCD-25MAY2300-T111249.99,DELTA,58,1000,64,14,374,no,12,-1000
2025-05-22T20:02:47.074529,KXBTCD-25MAY2300-T111249.99,DELTA,58,1000,64,14,375,no,14,2000
2025-05-22T20:02:47.094455,KXBTCD-25MAY2300-T111249.99,DELTA,58,1000,64,14,376,no,14,1000
2025-05-22T20:02:48.655249,KXBTCD-25MAY2300-T111249.99,DELTA,58,1000,64,114,377,no,36,100
2025-05-22T20:02:50.295305,KXBTCD-25MAY2300-T111249.99,DELTA,58,1000,64,114,378,yes,57,100
2025-05-22T20:02:50.815639,KXBTCD-25MAY2300-T111249.99,DELTA,58,1000,64,14,379,no,36,-100
2025-05-22T20:02:51.797480,KXBTCD-25MAY2300-T111249.99,DELTA,58,1000,64,14,380,yes,57,-100
2025-05-22T20:02:53.928598,KXBTCD-25MAY2300-T111249.99,DELTA,58,1000,64,14,381,no,35,100
2025-05-22T20:02:53.929635,KXBTCD-25MAY2300-T111249.99,DELTA,58,1000,64,14,382,yes,11,-2945
2025-05-22T20:02:53.930323,KXBTCD-25MAY2300-T111249.99,DELTA,58,1000,64,14,383,yes,9,3600
2025-05-22T20:02:53.954728,KXBTCD-25MAY2300-T111249.99,DELTA,58,1000,64,14,384,no,13,-2492
2025-05-22T20:02:53.955539,KXBTCD-25MAY2300-T111249.99,DELTA,58,1000,64,14,385,no,11,2945
2025-05-22T20:02:53.975044,KXBTCD-25MAY2300-T111249.99,DELTA,58,1000,64,14,386,yes,10,20000
2025-05-22T20:02:54.015749,KXBTCD-25MAY2300-T111249.99,DELTA,58,1000,64,14,387,no,14,-2000
2025-05-22T20:02:54.016633,KXBTCD-25MAY2300-T111249.99,DELTA,58,1000,64,14,388,no,14,-1000
2025-05-22T20:02:54.035066,KXBTCD-25MAY2300-T111249.99,DELTA,58,1000,64,14,389,no,14,-1250
2025-05-22T20:02:54.076818,KXBTCD-25MAY2300-T111249.99,DELTA,58,1000,64,14,390,no,12,2000
2025-05-22T20:02:54.077760,KXBTCD-25MAY2300-T111249.99,DELTA,58,1000,64,14,391,no,12,1000
2025-05-22T20:02:54.675934,KXBTCD-25MAY2300-T111249.99,DELTA,58,1000,64,14,392,no,35,-100
2025-05-22T20:02:55.975467,KXBTCD-25MAY2300-T111249.99,DELTA,59,30,64,14,393,yes,59,30
2025-05-22T20:02:55.976537,KXBTCD-25MAY2300-T111249.99,DELTA,59,30,64,14,394,yes,54,-14
2025-05-22T20:02:55.977170,KXBTCD-25MAY2300-T111249.99,DELTA,59,30,64,14,395,yes,56,14
2025-05-22T20:02:55.977706,KXBTCD-25MAY2300-T111249.99,DELTA,59,30,64,14,396,yes,57,-30
2025-05-22T20:02:55.978106,KXBTCD-25MAY2300-T111249.99,DELTA,59,30,64,14,397,no,32,-30
2025-05-22T20:02:55.978397,KXBTCD-25MAY2300-T111249.99,DELTA,59,30,84,9,398,no,36,-14
2025-05-22T20:02:55.978658,KXBTCD-25MAY2300-T111249.99,DELTA,59,30,70,30,399,no,30,30
2025-05-22T20:02:55.978908,KXBTCD-25MAY2300-T111249.99,DELTA,59,30,66,14,400,no,34,14
2025-05-22T20:02:55.979151,KXBTCD-25MAY2300-T111249.99,DELTA,59,30,66,14,401,yes,58,-1000
2025-05-22T20:02:55.995013,KXBTCD-25MAY2300-T111249.99,DELTA,59,30,66,14,402,no,12,-1000
2025-05-22T20:02:56.014616,KXBTCD-25MAY2300-T111249.99,DELTA,60,1000,66,14,403,yes,60,1000
2025-05-22T20:02:56.035166,KXBTCD-25MAY2300-T111249.99,DELTA,60,1000,66,14,404,no,30,1000
2025-05-22T20:02:56.315160,KXBTCD-25MAY2300-T111249.99,DELTA,60,1000,66,14,405,yes,57,100
2025-05-22T20:02:56.675070,KXBTCD-25MAY2300-T111249.99,DELTA,60,1000,66,14,406,yes,9,-3600
2025-05-22T20:02:56.675245,KXBTCD-25MAY2300-T111249.99,DELTA,60,1000,66,14,407,yes,11,2945
2025-05-22T20:02:56.735170,KXBTCD-25MAY2300-T111249.99,DELTA,60,1000,66,14,408,no,11,-2945
2025-05-22T20:02:56.735457,KXBTCD-25MAY2300-T111249.99,DELTA,60,1000,66,14,409,no,13,2492
2025-05-22T20:02:56.735598,KXBTCD-25MAY2300-T111249.99,DELTA,60,1000,66,14,410,yes,10,-20000
2025-05-22T20:02:56.795347,KXBTCD-25MAY2300-T111249.99,DELTA,60,1000,66,14,411,no,16,-9
2025-05-22T20:02:56.796189,KXBTCD-25MAY2300-T111249.99,DELTA,60,1000,66,14,412,no,14,1250
2025-05-22T20:02:56.796627,KXBTCD-25MAY2300-T111249.99,DELTA,60,1000,66,14,413,no,12,-2000
2025-05-22T20:02:56.835267,KXBTCD-25MAY2300-T111249.99,DELTA,60,1000,66,14,414,no,14,2000
2025-05-22T20:02:57.614816,KXBTCD-25MAY2300-T111249.99,DELTA,60,1000,66,14,415,yes,57,-100
2025-05-22T20:02:57.919710,KXBTCD-25MAY2300-T111249.99,DELTA,60,1000,66,14,416,yes,11,-2945
2025-05-22T20:02:57.919982,KXBTCD-25MAY2300-T111249.99,DELTA,60,1000,66,14,417,yes,9,3600
2025-05-22T20:02:57.935692,KXBTCD-25MAY2300-T111249.99,DELTA,60,1000,66,14,418,no,13,-2492
2025-05-22T20:02:57.935864,KXBTCD-25MAY2300-T111249.99,DELTA,60,1000,66,14,419,no,11,2945
2025-05-22T20:02:57.954813,KXBTCD-25MAY2300-T111249.99,DELTA,60,1000,66,14,420,yes,10,20000
2025-05-22T20:02:57.994689,KXBTCD-25MAY2300-T111249.99,DELTA,60,1000,66,14,421,no,14,-2000
2025-05-22T20:02:58.015706,KXBTCD-25MAY2300-T111249.99,DELTA,60,1000,66,14,422,no,14,-1250
2025-05-22T20:02:58.055023,KXBTCD-25MAY2300-T111249.99,DELTA,60,1000,66,14,423,no,12,2000
2025-05-22T20:02:58.515493,KXBTCD-25MAY2300-T111249.99,DELTA,60,1000,66,14,424,no,30,-1000
2025-05-22T20:02:58.534440,KXBTCD-25MAY2300-T111249.99,DELTA,60,1000,66,14,425,no,12,1250
2025-05-22T20:02:58.575296,KXBTCD-25MAY2300-T111249.99,DELTA,60,1000,66,14,426,no,12,1000
2025-05-22T20:02:58.656361,KXBTCD-25MAY2300-T111249.99,DELTA,60,1000,66,14,427,no,16,9
2025-05-22T20:02:58.935378,KXBTCD-25MAY2300-T111249.99,DELTA,60,1000,66,14,428,yes,8,-8000
2025-05-22T20:02:58.975349,KXBTCD-25MAY2300-T111249.99,DELTA,60,1000,66,14,429,yes,9,8000
2025-05-22T20:02:58.995311,KXBTCD-25MAY2300-T111249.99,DELTA,60,1000,66,14,430,yes,9,-3600
2025-05-22T20:02:58.995865,KXBTCD-25MAY2300-T111249.99,DELTA,60,1000,66,14,431,yes,11,2945
2025-05-22T20:02:59.054813,KXBTCD-25MAY2300-T111249.99,DELTA,60,1000,66,14,432,no,11,-2945
2025-05-22T20:02:59.055416,KXBTCD-25MAY2300-T111249.99,DELTA,60,1000,66,14,433,no,13,2492
2025-05-22T20:02:59.055770,KXBTCD-25MAY2300-T111249.99,DELTA,60,1000,66,14,434,yes,10,-20000
2025-05-22T20:02:59.115967,KXBTCD-25MAY2300-T111249.99,DELTA,60,1000,66,14,435,no,12,-2000
2025-05-22T20:02:59.134320,KXBTCD-25MAY2300-T111249.99,DELTA,60,1000,66,14,436,no,12,-1000
2025-05-22T20:02:59.135418,KXBTCD-25MAY2300-T111249.99,DELTA,60,1000,66,14,437,no,12,-1250
2025-05-22T20:02:59.174680,KXBTCD-25MAY2300-T111249.99,DELTA,60,1000,66,14,438,no,14,1000
2025-05-22T20:02:59.194838,KXBTCD-25MAY2300-T111249.99,DELTA,60,1000,66,14,439,no,14,1250
2025-05-22T20:02:59.195327,KXBTCD-25MAY2300-T111249.99,DELTA,60,1000,66,14,440,no,14,2000
2025-05-22T20:03:00.814339,KXBTCD-25MAY2300-T111249.99,DELTA,60,1000,65,100,441,no,35,100
2025-05-22T20:03:00.935410,KXBTCD-25MAY2300-T111249.99,DELTA,60,1000,65,100,442,no,16,-9
2025-05-22T20:03:00.936062,KXBTCD-25MAY2300-T111249.99,DELTA,60,1000,65,100,443,no,31,9
2025-05-22T20:03:01.301766,KXBTCD-25MAY2300-T111249.99,DELTA,60,1000,65,100,444,yes,11,-2945
2025-05-22T20:03:01.303068,KXBTCD-25MAY2300-T111249.99,DELTA,60,1000,65,100,445,yes,10,3240
2025-05-22T20:03:01.314800,KXBTCD-25MAY2300-T111249.99,DELTA,60,1000,65,100,446,no,13,-2492
2025-05-22T20:03:01.315887,KXBTCD-25MAY2300-T111249.99,DELTA,60,1000,65,100,447,no,11,2945
2025-05-22T20:03:01.316709,KXBTCD-25MAY2300-T111249.99,DELTA,60,1000,65,100,448,yes,11,20000
2025-05-22T20:03:01.415576,KXBTCD-25MAY2300-T111249.99,DELTA,60,1000,65,100,449,no,14,-2000
2025-05-22T20:03:01.416544,KXBTCD-25MAY2300-T111249.99,DELTA,60,1000,65,100,450,no,14,-1000
2025-05-22T20:03:01.434024,KXBTCD-25MAY2300-T111249.99,DELTA,60,1000,65,100,451,no,14,-1250
2025-05-22T20:03:01.475085,KXBTCD-25MAY2300-T111249.99,DELTA,60,1000,65,100,452,no,12,1000
2025-05-22T20:03:01.475939,KXBTCD-25MAY2300-T111249.99,DELTA,60,1000,65,100,453,no,12,2000
2025-05-22T20:03:01.476614,KXBTCD-25MAY2300-T111249.99,DELTA,60,1000,65,100,454,no,12,1250
2025-05-22T20:03:02.275000,KXBTCD-25MAY2300-T111249.99,DELTA,60,1000,66,14,455,no,35,-100
2025-05-22T20:03:02.395007,KXBTCD-25MAY2300-T111249.99,DELTA,60,1000,66,14,456,no,31,-9
2025-05-22T20:03:02.414489,KXBTCD-25MAY2300-T111249.99,DELTA,60,1000,66,14,457,no,16,9
2025-05-22T20:03:03.736529,KXBTCD-25MAY2300-T111249.99,DELTA,60,1000,66,14,458,yes,58,100
2025-05-22T20:03:04.995863,KXBTCD-25MAY2300-T111249.99,DELTA,60,1000,66,14,459,yes,58,-100
2025-05-22T20:03:07.136362,KXBTCD-25MAY2300-T111249.99,DELTA,60,1000,66,114,460,no,34,100
2025-05-22T20:03:07.834353,KXBTCD-25MAY2300-T111249.99,DELTA,60,1000,66,14,461,no,34,-100
2025-05-22T20:03:08.255489,KXBTCD-25MAY2300-T111249.99,DELTA,60,1000,66,14,462,yes,10,-3240
2025-05-22T20:03:08.256623,KXBTCD-25MAY2300-T111249.99,DELTA,60,1000,66,14,463,yes,12,2700
2025-05-22T20:03:08.313900,KXBTCD-25MAY2300-T111249.99,DELTA,60,1000,66,14,464,no,11,-2945
2025-05-22T20:03:08.314722,KXBTCD-25MAY2300-T111249.99,DELTA,60,1000,66,14,465,no,13,2492
2025-05-22T20:03:08.315428,KXBTCD-25MAY2300-T111249.99,DELTA,60,1000,66,14,466,yes,11,-20000
2025-05-22T20:03:08.395434,KXBTCD-25MAY2300-T111249.99,DELTA,60,1000,66,14,467,no,12,-2000
2025-05-22T20:03:08.415722,KXBTCD-25MAY2300-T111249.99,DELTA,60,1000,66,14,468,no,12,-1000
2025-05-22T20:03:08.416689,KXBTCD-25MAY2300-T111249.99,DELTA,60,1000,66,14,469,no,12,-1250
2025-05-22T20:03:08.475397,KXBTCD-25MAY2300-T111249.99,DELTA,60,1000,66,14,470,no,14,1000
2025-05-22T20:03:08.476339,KXBTCD-25MAY2300-T111249.99,DELTA,60,1000,66,14,471,no,14,2000
2025-05-22T20:03:08.476921,KXBTCD-25MAY2300-T111249.99,DELTA,60,1000,66,14,472,no,14,1250
2025-05-22T20:03:09.184758,KXBTCD-25MAY2300-T111249.99,DELTA,60,950,66,14,473,yes,60,-50
2025-05-22T20:03:09.214792,KXBTCD-25MAY2300-T111249.99,DELTA,60,950,66,14,474,yes,58,100
2025-05-22T20:03:09.314597,KXBTCD-25MAY2300-T111249.99,DELTA,60,950,66,14,475,no,15,-3000
2025-05-22T20:03:09.374590,KXBTCD-25MAY2300-T111249.99,DELTA,60,950,66,14,476,no,8,3000
2025-05-22T20:03:10.003395,KXBTCD-25MAY2300-T111249.99,DELTA,60,950,66,14,477,yes,9,-8000
2025-05-22T20:03:10.047621,KXBTCD-25MAY2300-T111249.99,DELTA,60,950,66,14,478,yes,10,8000
2025-05-22T20:03:10.115037,KXBTCD-25MAY2300-T111249.99,DELTA,60,950,66,14,479,no,16,-9
2025-05-22T20:03:10.115800,KXBTCD-25MAY2300-T111249.99,DELTA,60,950,66,14,480,no,15,9
2025-05-22T20:03:10.935279,KXBTCD-25MAY2300-T111249.99,DELTA,60,950,66,14,481,yes,58,-100
2025-05-22T20:03:11.007033,KXBTCD-25MAY2300-T111249.99,DELTA,60,950,66,14,482,yes,12,-2700
2025-05-22T20:03:11.007653,KXBTCD-25MAY2300-T111249.99,DELTA,60,950,66,14,483,yes,11,2945
2025-05-22T20:03:11.065290,KXBTCD-25MAY2300-T111249.99,DELTA,60,950,66,14,484,no,13,-2492
2025-05-22T20:03:11.065884,KXBTCD-25MAY2300-T111249.99,DELTA,60,950,66,14,485,no,11,2945
2025-05-22T20:03:11.091859,KXBTCD-25MAY2300-T111249.99,DELTA,60,950,66,14,486,yes,11,-2945
2025-05-22T20:03:11.092293,KXBTCD-25MAY2300-T111249.99,DELTA,60,950,66,14,487,no,11,-2945
2025-05-22T20:03:11.119760,KXBTCD-25MAY2300-T111249.99,DELTA,60,950,66,14,488,no,14,-2000
2025-05-22T20:03:11.140546,KXBTCD-25MAY2300-T111249.99,DELTA,60,950,66,14,489,no,14,-1000
2025-05-22T20:03:11.141267,KXBTCD-25MAY2300-T111249.99,DELTA,60,950,66,14,490,no,14,-1250
2025-05-22T20:03:11.194780,KXBTCD-25MAY2300-T111249.99,DELTA,60,950,66,14,491,no,11,2000
2025-05-22T20:03:11.195373,KXBTCD-25MAY2300-T111249.99,DELTA,60,950,66,14,492,no,11,1000
2025-05-22T20:03:12.415610,KXBTCD-25MAY2300-T111249.99,DELTA,60,950,66,14,493,yes,11,2945
2025-05-22T20:03:12.475529,KXBTCD-25MAY2300-T111249.99,DELTA,60,950,66,14,494,no,12,2700
2025-05-22T20:03:12.535338,KXBTCD-25MAY2300-T111249.99,DELTA,60,950,66,14,495,no,15,-9
2025-05-22T20:03:12.536368,KXBTCD-25MAY2300-T111249.99,DELTA,60,950,66,14,496,no,11,-2000
2025-05-22T20:03:12.537008,KXBTCD-25MAY2300-T111249.99,DELTA,60,950,66,14,497,no,12,9
2025-05-22T20:03:12.537537,KXBTCD-25MAY2300-T111249.99,DELTA,60,950,66,14,498,no,13,1250
2025-05-22T20:03:12.554929,KXBTCD-25MAY2300-T111249.99,DELTA,60,950,66,14,499,no,11,-1000
2025-05-22T20:03:12.595661,KXBTCD-25MAY2300-T111249.99,DELTA,60,950,66,14,500,no,13,2000
2025-05-22T20:03:12.596457,KXBTCD-25MAY2300-T111249.99,DELTA,60,950,66,14,501,no,13,1000
2025-05-22T20:03:13.714205,KXBTCD-25MAY2300-T111249.99,DELTA,60,950,66,14,502,no,12,-2700
2025-05-22T20:03:13.714979,KXBTCD-25MAY2300-T111249.99,DELTA,60,950,66,14,503,no,14,2314
2025-05-22T20:03:13.775696,KXBTCD-25MAY2300-T111249.99,DELTA,60,950,66,14,504,no,13,-2000
2025-05-22T20:03:13.794743,KXBTCD-25MAY2300-T111249.99,DELTA,60,950,66,14,505,no,13,-1000
2025-05-22T20:03:13.795379,KXBTCD-25MAY2300-T111249.99,DELTA,60,950,66,14,506,no,13,-1250
2025-05-22T20:03:13.835239,KXBTCD-25MAY2300-T111249.99,DELTA,60,950,66,14,507,no,12,-9
2025-05-22T20:03:13.835913,KXBTCD-25MAY2300-T111249.99,DELTA,60,950,66,14,508,no,15,9
2025-05-22T20:03:13.836486,KXBTCD-25MAY2300-T111249.99,DELTA,60,950,66,14,509,no,15,1000
2025-05-22T20:03:13.855173,KXBTCD-25MAY2300-T111249.99,DELTA,60,950,66,14,510,no,15,1250
2025-05-22T20:03:13.856019,KXBTCD-25MAY2300-T111249.99,DELTA,60,950,66,14,511,no,15,2000
2025-05-22T20:03:14.675665,KXBTCD-25MAY2300-T111249.99,DELTA,60,950,66,14,512,no,33,100
2025-05-22T20:03:14.676686,KXBTCD-25MAY2300-T111249.99,DELTA,60,950,66,14,513,yes,59,100
2025-05-22T20:03:14.794967,KXBTCD-25MAY2300-T111249.99,DELTA,60,950,66,14,514,no,15,-9
2025-05-22T20:03:14.795739,KXBTCD-25MAY2300-T111249.99,DELTA,60,950,66,14,515,no,16,9
2025-05-22T20:03:14.936242,KXBTCD-25MAY2300-T111249.99,DELTA,60,950,66,14,516,no,14,-2314
2025-05-22T20:03:14.936880,KXBTCD-25MAY2300-T111249.99,DELTA,60,950,66,14,517,no,11,2945
2025-05-22T20:03:14.996104,KXBTCD-25MAY2300-T111249.99,DELTA,60,950,66,14,518,no,15,-2000
2025-05-22T20:03:14.996619,KXBTCD-25MAY2300-T111249.99,DELTA,60,950,66,14,519,no,15,-1000
2025-05-22T20:03:15.015470,KXBTCD-25MAY2300-T111249.99,DELTA,60,950,66,14,520,no,15,-1250
2025-05-22T20:03:15.056158,KXBTCD-25MAY2300-T111249.99,DELTA,60,950,66,14,521,no,12,1000
2025-05-22T20:03:15.056942,KXBTCD-25MAY2300-T111249.99,DELTA,60,950,66,14,522,no,12,1250
2025-05-22T20:03:15.057403,KXBTCD-25MAY2300-T111249.99,DELTA,60,950,66,14,523,no,12,2000
2025-05-22T20:03:15.236339,KXBTCD-25MAY2300-T111249.99,DELTA,60,950,66,14,524,yes,59,-100
2025-05-22T20:03:15.255264,KXBTCD-25MAY2300-T111249.99,DELTA,60,950,66,14,525,no,33,-100
2025-05-22T20:03:15.943226,KXBTCD-25MAY2300-T111249.99,DELTA,60,950,66,14,526,no,12,-1250
2025-05-22T20:03:15.975943,KXBTCD-25MAY2300-T111249.99,DELTA,60,950,66,14,527,no,16,-9
2025-05-22T20:03:15.995501,KXBTCD-25MAY2300-T111249.99,DELTA,60,950,66,14,528,no,13,9
2025-05-22T20:03:16.235825,KXBTCD-25MAY2300-T111249.99,DELTA,60,950,66,14,529,no,11,-2945
2025-05-22T20:03:16.236575,KXBTCD-25MAY2300-T111249.99,DELTA,60,950,66,14,530,no,13,2492
2025-05-22T20:03:16.296228,KXBTCD-25MAY2300-T111249.99,DELTA,60,950,66,14,531,no,14,1250
2025-05-22T20:03:16.297029,KXBTCD-25MAY2300-T111249.99,DELTA,60,950,66,14,532,no,12,-2000
2025-05-22T20:03:16.297637,KXBTCD-25MAY2300-T111249.99,DELTA,60,950,66,14,533,no,12,-1000
2025-05-22T20:03:16.356822,KXBTCD-25MAY2300-T111249.99,DELTA,60,950,66,14,534,no,14,1000
2025-05-22T20:03:16.357723,KXBTCD-25MAY2300-T111249.99,DELTA,60,950,66,14,535,no,14,2000
2025-05-22T20:03:16.956284,KXBTCD-25MAY2300-T111249.99,DELTA,60,950,66,14,536,no,14,-1000
2025-05-22T20:03:16.996200,KXBTCD-25MAY2300-T111249.99,DELTA,60,950,66,14,537,no,31,1000
2025-05-22T20:03:17.015978,KXBTCD-25MAY2300-T111249.99,DELTA,60,950,66,14,538,no,14,-1250
2025-05-22T20:03:17.076002,KXBTCD-25MAY2300-T111249.99,DELTA,60,950,66,14,539,no,13,-9
2025-05-22T20:03:17.076784,KXBTCD-25MAY2300-T111249.99,DELTA,60,950,66,14,540,no,15,9
2025-05-22T20:03:18.376192,KXBTCD-25MAY2300-T111249.99,DELTA,60,950,66,14,541,yes,59,-30
2025-05-22T20:03:18.377153,KXBTCD-25MAY2300-T111249.99,DELTA,60,950,66,14,542,yes,57,30
2025-05-22T20:03:18.377573,KXBTCD-25MAY2300-T111249.99,DELTA,60,950,66,14,543,no,30,-30
2025-05-22T20:03:18.394783,KXBTCD-25MAY2300-T111249.99,DELTA,60,950,66,14,544,no,32,30
2025-05-22T20:03:18.434082,KXBTCD-25MAY2300-T111249.99,DELTA,57,30,66,14,545,yes,60,-950
2025-05-22T20:03:18.434864,KXBTCD-25MAY2300-T111249.99,DELTA,57,30,66,14,546,no,31,-1000
2025-05-22T20:03:18.435523,KXBTCD-25MAY2300-T111249.99,DELTA,57,30,66,14,547,yes,56,-14
2025-05-22T20:03:18.455225,KXBTCD-25MAY2300-T111249.99,DELTA,57,30,66,14,548,yes,54,14
2025-05-22T20:03:18.455990,KXBTCD-25MAY2300-T111249.99,DELTA,57,30,68,30,549,no,34,-14
2025-05-22T20:03:18.456632,KXBTCD-25MAY2300-T111249.99,DELTA,57,30,64,14,550,no,36,14
2025-05-22T20:03:18.475487,KXBTCD-25MAY2300-T111249.99,DELTA,57,30,64,14,551,no,32,1000
2025-05-22T20:03:18.476259,KXBTCD-25MAY2300-T111249.99,DELTA,58,1000,64,14,552,yes,58,1000
2025-05-22T20:03:18.495988,KXBTCD-25MAY2300-T111249.99,DELTA,58,1000,64,14,553,no,15,-9
2025-05-22T20:03:21.678527,KXBTCD-25MAY2300-T111249.99,DELTA,58,1000,64,14,554,no,35,100
2025-05-22T20:03:21.678797,KXBTCD-25MAY2300-T111249.99,DELTA,58,1000,64,14,555,yes,57,100
2025-05-22T20:03:23.036592,KXBTCD-25MAY2300-T111249.99,DELTA,58,1000,64,14,556,yes,57,-100
2025-05-22T20:03:23.037081,KXBTCD-25MAY2300-T111249.99,DELTA,58,1000,64,14,557,no,35,-100
2025-05-22T20:03:23.314958,KXBTCD-25MAY2300-T111249.99,DELTA,58,1000,64,14,558,no,13,-2492
2025-05-22T20:03:23.315712,KXBTCD-25MAY2300-T111249.99,DELTA,58,1000,64,14,559,no,14,2314
2025-05-22T20:03:23.375858,KXBTCD-25MAY2300-T111249.99,DELTA,58,1000,64,14,560,no,15,1250
2025-05-22T20:03:23.376643,KXBTCD-25MAY2300-T111249.99,DELTA,58,1000,64,14,561,no,14,-2000
2025-05-22T20:03:23.415285,KXBTCD-25MAY2300-T111249.99,DELTA,58,1000,64,14,562,no,15,2000
2025-05-22T20:03:25.160841,KXBTCD-25MAY2300-T111249.99,DELTA,58,1000,64,14,563,no,15,-1250
2025-05-22T20:03:25.161475,KXBTCD-25MAY2300-T111249.99,DELTA,58,1000,64,14,564,no,32,-1000
2025-05-22T20:03:25.161905,KXBTCD-25MAY2300-T111249.99,DELTA,58,1000,64,14,565,yes,55,30
2025-05-22T20:03:25.162204,KXBTCD-25MAY2300-T111249.99,DELTA,58,1000,64,14,566,no,34,30
2025-05-22T20:03:25.162424,KXBTCD-25MAY2300-T111249.99,DELTA,58,1000,64,14,567,yes,57,-30
2025-05-22T20:03:25.162592,KXBTCD-25MAY2300-T111249.99,DELTA,58,1000,64,14,568,yes,53,14
2025-05-22T20:03:25.175787,KXBTCD-25MAY2300-T111249.99,DELTA,58,1000,64,14,569,yes,54,-14
2025-05-22T20:03:25.176339,KXBTCD-25MAY2300-T111249.99,DELTA,58,1000,64,14,570,no,32,-30
2025-05-22T20:03:25.176687,KXBTCD-25MAY2300-T111249.99,DELTA,58,1000,63,14,571,no,37,14
2025-05-22T20:03:25.177200,KXBTCD-25MAY2300-T111249.99,DELTA,58,1000,63,14,572,no,36,-14
2025-05-22T20:03:25.195284,KXBTCD-25MAY2300-T111249.99,DELTA,58,1000,63,14,573,no,33,1000
2025-05-22T20:03:25.215315,KXBTCD-25MAY2300-T111249.99,DELTA,55,30,63,14,574,yes,58,-1000
2025-05-22T20:03:25.235703,KXBTCD-25MAY2300-T111249.99,DELTA,55,30,63,14,575,no,33,-1000
2025-05-22T20:03:25.255312,KXBTCD-25MAY2300-T111249.99,DELTA,56,1000,63,14,576,yes,56,1000
2025-05-22T20:03:25.276406,KXBTCD-25MAY2300-T111249.99,DELTA,56,1000,63,14,577,no,35,1000
2025-05-22T20:03:26.184136,KXBTCD-25MAY2300-T111249.99,DELTA,56,1000,63,14,578,no,14,-2314
2025-05-22T20:03:26.184822,KXBTCD-25MAY2300-T111249.99,DELTA,56,1000,63,14,579,no,11,2945
2025-05-22T20:03:26.234907,KXBTCD-25MAY2300-T111249.99,DELTA,56,1000,63,14,580,no,15,-2000
2025-05-22T20:03:26.296018,KXBTCD-25MAY2300-T111249.99,DELTA,56,1000,63,14,581,no,12,2000
2025-05-22T20:03:26.694405,KXBTCD-25MAY2300-T111249.99,DELTA,56,782,63,14,582,yes,56,-218
2025-05-22T20:03:26.896067,KXBTCD-25MAY2300-T111249.99,DELTA,56,782,63,14,583,no,35,100
2025-05-22T20:03:26.915115,KXBTCD-25MAY2300-T111249.99,DELTA,57,100,63,14,584,yes,57,100
2025-05-22T20:03:26.954691,KXBTCD-25MAY2300-T111249.99,DELTA,57,100,63,14,585,no,35,-1000
2025-05-22T20:03:26.974946,KXBTCD-25MAY2300-T111249.99,DELTA,57,100,63,14,586,yes,56,-782
2025-05-22T20:03:26.995403,KXBTCD-25MAY2300-T111249.99,DELTA,57,100,63,14,587,no,36,1000
2025-05-22T20:03:27.014703,KXBTCD-25MAY2300-T111249.99,DELTA,58,1000,63,14,588,yes,58,1000
2025-05-22T20:03:27.075059,KXBTCD-25MAY2300-T111249.99,DELTA,58,1000,63,14,589,no,13,9
2025-05-22T20:03:27.314952,KXBTCD-25MAY2300-T111249.99,DELTA,58,924,63,14,590,yes,58,-76
2025-05-22T20:03:27.395170,KXBTCD-25MAY2300-T111249.99,DELTA,58,924,63,14,591,no,11,-2945
2025-05-22T20:03:27.396044,KXBTCD-25MAY2300-T111249.99,DELTA,58,924,63,14,592,no,13,2492
2025-05-22T20:03:27.474811,KXBTCD-25MAY2300-T111249.99,DELTA,58,924,63,14,593,no,12,-2000
2025-05-22T20:03:27.515465,KXBTCD-25MAY2300-T111249.99,DELTA,58,924,63,14,594,no,14,2000
2025-05-22T20:03:27.775584,KXBTCD-25MAY2300-T111249.99,DELTA,58,924,63,14,595,yes,57,-100
2025-05-22T20:03:27.776547,KXBTCD-25MAY2300-T111249.99,DELTA,58,924,63,14,596,no,35,-100
2025-05-22T20:03:27.836617,KXBTCD-25MAY2300-T111249.99,DELTA,55,30,63,14,597,yes,58,-924
2025-05-22T20:03:27.837577,KXBTCD-25MAY2300-T111249.99,DELTA,55,30,63,14,598,no,36,-1000
2025-05-22T20:03:27.895430,KXBTCD-25MAY2300-T111249.99,DELTA,55,30,63,14,599,no,35,1000
2025-05-22T20:03:27.895715,KXBTCD-25MAY2300-T111249.99,DELTA,56,1000,63,14,600,yes,56,1000
2025-05-22T20:03:27.896016,KXBTCD-25MAY2300-T111249.99,DELTA,56,1000,63,14,601,no,13,-9
2025-05-22T20:03:28.615057,KXBTCD-25MAY2300-T111249.99,DELTA,56,1000,63,14,602,no,13,-2492
2025-05-22T20:03:28.616055,KXBTCD-25MAY2300-T111249.99,DELTA,56,1000,63,14,603,no,11,2945
2025-05-22T20:03:28.675548,KXBTCD-25MAY2300-T111249.99,DELTA,56,1000,63,14,604,no,14,-2000
2025-05-22T20:03:28.715348,KXBTCD-25MAY2300-T111249.99,DELTA,56,1000,63,14,605,no,12,2000
2025-05-22T20:03:29.796108,KXBTCD-25MAY2300-T111249.99,DELTA,56,1000,63,14,606,no,11,-2945
2025-05-22T20:03:29.797079,KXBTCD-25MAY2300-T111249.99,DELTA,56,1000,63,14,607,no,13,2492
2025-05-22T20:03:29.856756,KXBTCD-25MAY2300-T111249.99,DELTA,56,1000,63,14,608,no,12,-2000
2025-05-22T20:03:29.895019,KXBTCD-25MAY2300-T111249.99,DELTA,56,1000,63,14,609,no,14,2000
2025-05-22T20:03:30.455850,KXBTCD-25MAY2300-T111249.99,DELTA,56,1000,63,14,610,yes,55,100
2025-05-22T20:03:30.456266,KXBTCD-25MAY2300-T111249.99,DELTA,56,1000,63,114,611,no,37,100
2025-05-22T20:03:30.995220,KXBTCD-25MAY2300-T111249.99,DELTA,56,1000,63,114,612,no,13,-2492
2025-05-22T20:03:30.996049,KXBTCD-25MAY2300-T111249.99,DELTA,56,1000,63,114,613,no,11,2945
2025-05-22T20:03:31.077029,KXBTCD-25MAY2300-T111249.99,DELTA,56,1000,63,114,614,no,14,-2000
2025-05-22T20:03:31.115314,KXBTCD-25MAY2300-T111249.99,DELTA,56,1000,63,114,615,no,12,2000
2025-05-22T20:03:31.235338,KXBTCD-25MAY2300-T111249.99,DELTA,56,1000,63,14,616,no,37,-100
2025-05-22T20:03:31.255041,KXBTCD-25MAY2300-T111249.99,DELTA,56,1000,63,14,617,yes,55,-100
2025-05-22T20:03:37.976146,KXBTCD-25MAY2300-T111249.99,DELTA,56,1000,63,14,618,no,11,-2945
2025-05-22T20:03:37.976886,KXBTCD-25MAY2300-T111249.99,DELTA,56,1000,63,14,619,no,13,2492
2025-05-22T20:03:38.035998,KXBTCD-25MAY2300-T111249.99,DELTA,56,1000,63,14,620,no,12,-2000
2025-05-22T20:03:38.076616,KXBTCD-25MAY2300-T111249.99,DELTA,56,1000,63,14,621,no,14,2000
2025-05-22T20:03:38.235190,KXBTCD-25MAY2300-T111249.99,DELTA,56,1000,63,14,622,no,35,-1000
2025-05-22T20:03:38.275051,KXBTCD-25MAY2300-T111249.99,DELTA,56,1000,63,14,623,no,34,1000
2025-05-22T20:03:38.735841,KXBTCD-25MAY2300-T111249.99,DELTA,56,1000,63,14,624,yes,55,100
2025-05-22T20:03:38.736718,KXBTCD-25MAY2300-T111249.99,DELTA,56,1000,63,114,625,no,37,100
2025-05-22T20:03:39.578474,KXBTCD-25MAY2300-T111249.99,DELTA,56,1000,63,14,626,no,37,-100
2025-05-22T20:03:39.595319,KXBTCD-25MAY2300-T111249.99,DELTA,56,1000,63,14,627,yes,55,-100
2025-05-22T20:03:40.735795,KXBTCD-25MAY2300-T111249.99,DELTA,56,1000,63,14,628,no,13,-2492
2025-05-22T20:03:40.736309,KXBTCD-25MAY2300-T111249.99,DELTA,56,1000,63,14,629,no,11,2945
2025-05-22T20:03:40.795630,KXBTCD-25MAY2300-T111249.99,DELTA,56,1000,63,14,630,no,14,-2000
2025-05-22T20:03:40.855557,KXBTCD-25MAY2300-T111249.99,DELTA,56,1000,63,14,631,no,12,2000
2025-05-22T20:03:41.936349,KXBTCD-25MAY2300-T111249.99,DELTA,56,1000,63,14,632,no,11,-2945
2025-05-22T20:03:41.937372,KXBTCD-25MAY2300-T111249.99,DELTA,56,1000,63,14,633,no,13,2492
2025-05-22T20:03:41.995861,KXBTCD-25MAY2300-T111249.99,DELTA,56,1000,63,14,634,no,12,-2000
2025-05-22T20:03:42.035880,KXBTCD-25MAY2300-T111249.99,DELTA,56,1000,63,14,635,no,14,2000
2025-05-22T20:03:42.316300,KXBTCD-25MAY2300-T111249.99,DELTA,56,782,63,14,636,yes,56,-218
2025-05-22T20:03:43.199122,KXBTCD-25MAY2300-T111249.99,DELTA,56,782,63,14,637,no,13,-2492
2025-05-22T20:03:43.200073,KXBTCD-25MAY2300-T111249.99,DELTA,56,782,63,14,638,no,11,2945
2025-05-22T20:03:43.315333,KXBTCD-25MAY2300-T111249.99,DELTA,56,782,63,14,639,no,14,-2000
2025-05-22T20:03:43.354666,KXBTCD-25MAY2300-T111249.99,DELTA,56,782,63,14,640,no,34,-1000
2025-05-22T20:03:43.355506,KXBTCD-25MAY2300-T111249.99,DELTA,56,782,63,14,641,no,12,2000
2025-05-22T20:03:43.414004,KXBTCD-25MAY2300-T111249.99,DELTA,56,782,63,14,642,no,12,1000
2025-05-22T20:03:44.434832,KXBTCD-25MAY2300-T111249.99,DELTA,56,782,63,14,643,no,11,-2945
2025-05-22T20:03:44.435184,KXBTCD-25MAY2300-T111249.99,DELTA,56,782,63,14,644,no,13,2492
2025-05-22T20:03:44.496301,KXBTCD-25MAY2300-T111249.99,DELTA,56,782,63,14,645,no,12,-2000
2025-05-22T20:03:44.514672,KXBTCD-25MAY2300-T111249.99,DELTA,56,782,63,14,646,no,12,-1000
2025-05-22T20:03:44.555918,KXBTCD-25MAY2300-T111249.99,DELTA,56,782,63,14,647,no,14,9
2025-05-22T20:03:44.557010,KXBTCD-25MAY2300-T111249.99,DELTA,56,782,63,14,648,no,14,2000
2025-05-22T20:03:44.557604,KXBTCD-25MAY2300-T111249.99,DELTA,56,782,63,14,649,no,14,1000
2025-05-22T20:03:45.538316,KXBTCD-25MAY2300-T111249.99,DELTA,57,100,63,14,650,yes,57,100
2025-05-22T20:03:45.538651,KXBTCD-25MAY2300-T111249.99,DELTA,57,100,63,14,651,no,35,100
2025-05-22T20:03:45.594397,KXBTCD-25MAY2300-T111249.99,DELTA,57,100,63,14,652,yes,56,-782
2025-05-22T20:03:45.615786,KXBTCD-25MAY2300-T111249.99,DELTA,57,100,63,14,653,no,13,-2492
2025-05-22T20:03:45.616331,KXBTCD-25MAY2300-T111249.99,DELTA,57,100,63,14,654,no,11,2945
2025-05-22T20:03:45.635155,KXBTCD-25MAY2300-T111249.99,DELTA,57,100,63,14,655,no,14,-9
2025-05-22T20:03:45.635920,KXBTCD-25MAY2300-T111249.99,DELTA,57,100,63,14,656,no,15,9
2025-05-22T20:03:45.655014,KXBTCD-25MAY2300-T111249.99,DELTA,58,1000,63,14,657,yes,58,1000
2025-05-22T20:03:45.695644,KXBTCD-25MAY2300-T111249.99,DELTA,58,1000,63,14,658,no,14,-2000
2025-05-22T20:03:45.696358,KXBTCD-25MAY2300-T111249.99,DELTA,58,1000,63,14,659,no,14,-1000
2025-05-22T20:03:45.735628,KXBTCD-25MAY2300-T111249.99,DELTA,58,1000,63,14,660,no,12,2000
2025-05-22T20:03:45.736593,KXBTCD-25MAY2300-T111249.99,DELTA,58,1000,63,14,661,no,12,1000
2025-05-22T20:03:46.562699,KXBTCD-25MAY2300-T111249.99,DELTA,58,1000,63,14,662,no,35,-100
2025-05-22T20:03:46.563451,KXBTCD-25MAY2300-T111249.99,DELTA,58,1000,63,14,663,yes,57,-100
2025-05-22T20:03:46.616991,KXBTCD-25MAY2300-T111249.99,DELTA,55,30,63,14,664,yes,58,-1000
2025-05-22T20:03:46.678417,KXBTCD-25MAY2300-T111249.99,DELTA,55,30,63,14,665,no,13,9
2025-05-22T20:03:46.678600,KXBTCD-25MAY2300-T111249.99,DELTA,55,30,63,14,666,no,15,-9
2025-05-22T20:03:46.678697,KXBTCD-25MAY2300-T111249.99,DELTA,56,1000,63,14,667,yes,56,1000
2025-05-22T20:03:51.315782,KXBTCD-25MAY2300-T111249.99,DELTA,57,100,63,14,668,yes,57,100
2025-05-22T20:03:51.516006,KXBTCD-25MAY2300-T111249.99,DELTA,57,100,63,14,669,no,35,100
2025-05-22T20:03:51.516346,KXBTCD-25MAY2300-T111249.99,DELTA,57,100,63,14,670,yes,56,-1000
2025-05-22T20:03:51.714166,KXBTCD-25MAY2300-T111249.99,DELTA,57,100,63,14,671,no,12,-1000
2025-05-22T20:03:51.714816,KXBTCD-25MAY2300-T111249.99,DELTA,58,1000,63,14,672,yes,58,1000
2025-05-22T20:03:51.996354,KXBTCD-25MAY2300-T111249.99,DELTA,58,1000,63,14,673,no,34,1000
2025-05-22T20:03:52.794836,KXBTCD-25MAY2300-T111249.99,DELTA,58,1000,63,14,674,no,35,-100
2025-05-22T20:03:52.916954,KXBTCD-25MAY2300-T111249.99,DELTA,58,1000,63,14,675,yes,57,-100
2025-05-22T20:03:52.936452,KXBTCD-25MAY2300-T111249.99,DELTA,58,1000,63,14,676,no,13,-9
2025-05-22T20:03:53.035154,KXBTCD-25MAY2300-T111249.99,DELTA,55,30,63,14,677,yes,58,-1000
2025-05-22T20:03:53.135998,KXBTCD-25MAY2300-T111249.99,DELTA,56,1000,63,14,678,yes,56,1000
2025-05-22T20:03:53.590055,KXBTCD-25MAY2300-T111249.99,DELTA,56,1000,63,14,679,no,34,-1000
2025-05-22T20:03:53.635138,KXBTCD-25MAY2300-T111249.99,DELTA,56,1000,63,14,680,no,35,1000
2025-05-22T20:03:53.695502,KXBTCD-25MAY2300-T111249.99,DELTA,56,1000,63,14,681,no,13,9
2025-05-22T20:03:53.855091,KXBTCD-25MAY2300-T111249.99,DELTA,56,1000,63,14,682,no,35,-1000
2025-05-22T20:03:53.895175,KXBTCD-25MAY2300-T111249.99,DELTA,56,1000,63,14,683,no,34,1000
2025-05-22T20:03:54.976617,KXBTCD-25MAY2300-T111249.99,DELTA,56,1000,63,14,684,no,11,-2945
2025-05-22T20:03:54.977291,KXBTCD-25MAY2300-T111249.99,DELTA,56,1000,63,14,685,no,13,2492
2025-05-22T20:03:55.035300,KXBTCD-25MAY2300-T111249.99,DELTA,56,1000,63,14,686,no,12,-2000
2025-05-22T20:03:55.075961,KXBTCD-25MAY2300-T111249.99,DELTA,56,1000,63,14,687,no,14,2000
2025-05-22T20:03:55.216306,KXBTCD-25MAY2300-T111249.99,DELTA,56,1000,63,14,688,no,13,-9
2025-05-22T20:03:56.975288,KXBTCD-25MAY2300-T111249.99,DELTA,56,1000,63,14,689,no,34,-1000
2025-05-22T20:03:57.014738,KXBTCD-25MAY2300-T111249.99,DELTA,56,1000,63,14,690,no,35,1000
2025-05-22T20:03:57.094559,KXBTCD-25MAY2300-T111249.99,DELTA,56,1000,63,14,691,no,15,9
2025-05-22T20:03:57.595817,KXBTCD-25MAY2300-T111249.99,DELTA,56,1000,63,14,692,yes,55,100
2025-05-22T20:03:57.615486,KXBTCD-25MAY2300-T111249.99,DELTA,56,1000,63,14,693,no,13,-2492
2025-05-22T20:03:57.616058,KXBTCD-25MAY2300-T111249.99,DELTA,56,1000,63,14,694,no,11,2945
2025-05-22T20:03:57.616485,KXBTCD-25MAY2300-T111249.99,DELTA,56,1000,63,114,695,no,37,100
2025-05-22T20:03:57.735468,KXBTCD-25MAY2300-T111249.99,DELTA,56,1000,63,114,696,no,14,-2000
2025-05-22T20:03:57.795356,KXBTCD-25MAY2300-T111249.99,DELTA,56,1000,63,114,697,no,12,2000
2025-05-22T20:03:57.855715,KXBTCD-25MAY2300-T111249.99,DELTA,56,1000,63,114,698,no,15,-9
2025-05-22T20:03:57.955361,KXBTCD-25MAY2300-T111249.99,DELTA,56,1000,63,114,699,no,35,-1000
2025-05-22T20:03:58.016025,KXBTCD-25MAY2300-T111249.99,DELTA,56,1000,63,114,700,no,12,1000
2025-05-22T20:03:58.835957,KXBTCD-25MAY2300-T111249.99,DELTA,56,1000,63,114,701,no,11,-2945
2025-05-22T20:03:58.836757,KXBTCD-25MAY2300-T111249.99,DELTA,56,1000,63,114,702,no,13,2492
2025-05-22T20:03:58.896674,KXBTCD-25MAY2300-T111249.99,DELTA,56,1000,63,14,703,no,37,-100
2025-05-22T20:03:58.915812,KXBTCD-25MAY2300-T111249.99,DELTA,56,1000,63,14,704,yes,55,-100
2025-05-22T20:03:58.916634,KXBTCD-25MAY2300-T111249.99,DELTA,56,1000,63,14,705,no,12,-2000
2025-05-22T20:03:58.917256,KXBTCD-25MAY2300-T111249.99,DELTA,56,1000,63,14,706,no,12,-1000
2025-05-22T20:03:58.955364,KXBTCD-25MAY2300-T111249.99,DELTA,56,1000,63,14,707,no,14,9
2025-05-22T20:03:58.976522,KXBTCD-25MAY2300-T111249.99,DELTA,56,1000,63,14,708,no,14,2000
2025-05-22T20:03:58.977288,KXBTCD-25MAY2300-T111249.99,DELTA,56,1000,63,14,709,no,14,1000
2025-05-22T20:03:59.979381,KXBTCD-25MAY2300-T111249.99,DELTA,56,1000,63,14,710,no,13,-2492
2025-05-22T20:03:59.980514,KXBTCD-25MAY2300-T111249.99,DELTA,56,1000,63,14,711,no,11,2945
2025-05-22T20:04:00.038912,KXBTCD-25MAY2300-T111249.99,DELTA,56,1000,63,14,712,no,14,-2000
2025-05-22T20:04:00.058358,KXBTCD-25MAY2300-T111249.99,DELTA,56,1000,63,14,713,no,14,-1000
2025-05-22T20:04:00.095961,KXBTCD-25MAY2300-T111249.99,DELTA,56,1000,63,14,714,no,15,9
2025-05-22T20:04:00.096946,KXBTCD-25MAY2300-T111249.99,DELTA,56,1000,63,14,715,no,14,-9
2025-05-22T20:04:00.115870,KXBTCD-25MAY2300-T111249.99,DELTA,56,1000,63,14,716,no,12,2000
2025-05-22T20:04:00.116819,KXBTCD-25MAY2300-T111249.99,DELTA,56,1000,63,14,717,no,12,1000
2025-05-22T20:04:01.055827,KXBTCD-25MAY2300-T111249.99,DELTA,56,1000,63,14,718,no,12,-1000
2025-05-22T20:04:01.095987,KXBTCD-25MAY2300-T111249.99,DELTA,56,1000,63,14,719,no,34,1000
2025-05-22T20:04:01.115470,KXBTCD-25MAY2300-T111249.99,DELTA,56,1000,63,14,720,no,11,-2945
2025-05-22T20:04:01.116236,KXBTCD-25MAY2300-T111249.99,DELTA,56,1000,63,14,721,no,13,2492
2025-05-22T20:04:01.175866,KXBTCD-25MAY2300-T111249.99,DELTA,56,1000,63,14,722,no,13,9
2025-05-22T20:04:01.176942,KXBTCD-25MAY2300-T111249.99,DELTA,56,1000,63,14,723,no,15,-9
2025-05-22T20:04:01.177428,KXBTCD-25MAY2300-T111249.99,DELTA,56,1000,63,14,724,no,12,-2000
2025-05-22T20:04:01.215070,KXBTCD-25MAY2300-T111249.99,DELTA,56,1000,63,14,725,no,14,2000
2025-05-22T20:04:04.835883,KXBTCD-25MAY2300-T111249.99,DELTA,56,1000,63,14,726,yes,54,100
2025-05-22T20:04:04.836925,KXBTCD-25MAY2300-T111249.99,DELTA,56,1000,62,100,727,no,38,100
2025-05-22T20:04:04.936351,KXBTCD-25MAY2300-T111249.99,DELTA,56,1000,62,100,728,no,13,-9
2025-05-22T20:04:06.256933,KXBTCD-25MAY2300-T111249.99,DELTA,56,1000,63,14,729,no,38,-100
2025-05-22T20:04:06.257941,KXBTCD-25MAY2300-T111249.99,DELTA,56,1000,63,14,730,yes,54,-100
2025-05-22T20:04:06.655729,KXBTCD-25MAY2300-T111249.99,DELTA,56,1000,63,14,731,no,34,-1000
2025-05-22T20:04:06.715125,KXBTCD-25MAY2300-T111249.99,DELTA,56,1000,63,14,732,no,14,1000
2025-05-22T20:04:08.874660,KXBTCD-25MAY2300-T111249.99,DELTA,56,1000,63,14,733,no,13,-2492
2025-05-22T20:04:08.874860,KXBTCD-25MAY2300-T111249.99,DELTA,56,1000,63,14,734,no,11,2945
2025-05-22T20:04:08.934618,KXBTCD-25MAY2300-T111249.99,DELTA,56,1000,63,14,735,no,14,-2000
2025-05-22T20:04:08.935014,KXBTCD-25MAY2300-T111249.99,DELTA,56,1000,63,14,736,no,14,-1000
2025-05-22T20:04:08.995247,KXBTCD-25MAY2300-T111249.99,DELTA,56,1000,63,14,737,no,15,9
2025-05-22T20:04:08.995736,KXBTCD-25MAY2300-T111249.99,DELTA,56,1000,63,14,738,no,12,1000
2025-05-22T20:04:08.996121,KXBTCD-25MAY2300-T111249.99,DELTA,56,1000,63,14,739,no,12,2000
2025-05-22T20:04:09.908627,KXBTCD-25MAY2300-T111249.99,DELTA,56,1000,63,14,740,yes,55,100
2025-05-22T20:04:09.909747,KXBTCD-25MAY2300-T111249.99,DELTA,56,1000,63,114,741,no,37,100
2025-05-22T20:04:09.996945,KXBTCD-25MAY2300-T111249.99,DELTA,56,1000,63,114,742,no,15,-9
2025-05-22T20:04:10.017058,KXBTCD-25MAY2300-T111249.99,DELTA,56,1000,63,114,743,no,13,9
2025-05-22T20:04:11.494275,KXBTCD-25MAY2300-T111249.99,DELTA,56,1000,63,114,744,no,11,-2945
2025-05-22T20:04:11.494901,KXBTCD-25MAY2300-T111249.99,DELTA,56,1000,63,114,745,no,13,2492
2025-05-22T20:04:11.616130,KXBTCD-25MAY2300-T111249.99,DELTA,56,1000,63,114,746,no,14,9
2025-05-22T20:04:11.616762,KXBTCD-25MAY2300-T111249.99,DELTA,56,1000,63,114,747,no,13,-9
2025-05-22T20:04:11.617239,KXBTCD-25MAY2300-T111249.99,DELTA,56,1000,63,114,748,no,12,-2000
2025-05-22T20:04:11.638332,KXBTCD-25MAY2300-T111249.99,DELTA,56,1000,63,114,749,no,12,-1000
2025-05-22T20:04:11.675405,KXBTCD-25MAY2300-T111249.99,DELTA,56,1000,63,114,750,no,14,1000
2025-05-22T20:04:11.675791,KXBTCD-25MAY2300-T111249.99,DELTA,56,1000,63,114,751,no,14,2000
2025-05-22T20:04:12.656628,KXBTCD-25MAY2300-T111249.99,DELTA,56,1000,63,114,752,no,13,-2492
2025-05-22T20:04:12.657466,KXBTCD-25MAY2300-T111249.99,DELTA,56,1000,63,114,753,no,15,2160
2025-05-22T20:04:12.715544,KXBTCD-25MAY2300-T111249.99,DELTA,56,1000,63,114,754,no,16,1250
2025-05-22T20:04:12.716181,KXBTCD-25MAY2300-T111249.99,DELTA,56,1000,63,114,755,no,14,-2000
2025-05-22T20:04:12.735223,KXBTCD-25MAY2300-T111249.99,DELTA,56,1000,63,114,756,no,14,-1000
2025-05-22T20:04:12.775598,KXBTCD-25MAY2300-T111249.99,DELTA,56,1000,63,114,757,no,16,2000
2025-05-22T20:04:12.776169,KXBTCD-25MAY2300-T111249.99,DELTA,56,1000,63,114,758,no,16,1000
2025-05-22T20:04:12.795743,KXBTCD-25MAY2300-T111249.99,DELTA,56,1000,63,114,759,no,14,-9
2025-05-22T20:04:12.796127,KXBTCD-25MAY2300-T111249.99,DELTA,56,1000,63,114,760,no,16,9
2025-05-22T20:04:13.375966,KXBTCD-25MAY2300-T111249.99,DELTA,56,1000,63,14,761,no,37,-100
2025-05-22T20:04:13.376928,KXBTCD-25MAY2300-T111249.99,DELTA,56,1000,63,14,762,yes,55,-100
2025-05-22T20:04:13.696412,KXBTCD-25MAY2300-T111249.99,DELTA,56,1000,63,14,763,no,15,-2160
2025-05-22T20:04:13.697411,KXBTCD-25MAY2300-T111249.99,DELTA,56,1000,63,14,764,no,11,2945
2025-05-22T20:04:13.754549,KXBTCD-25MAY2300-T111249.99,DELTA,56,1000,63,14,765,no,16,-2000
2025-05-22T20:04:13.775049,KXBTCD-25MAY2300-T111249.99,DELTA,56,1000,63,14,766,no,16,-1000
2025-05-22T20:04:13.775966,KXBTCD-25MAY2300-T111249.99,DELTA,56,1000,63,14,767,no,16,-1250
2025-05-22T20:04:13.816908,KXBTCD-25MAY2300-T111249.99,DELTA,56,1000,63,14,768,no,16,-9
2025-05-22T20:04:13.817725,KXBTCD-25MAY2300-T111249.99,DELTA,56,1000,63,14,769,no,17,9
2025-05-22T20:04:13.818321,KXBTCD-25MAY2300-T111249.99,DELTA,56,1000,63,14,770,no,12,2000
2025-05-22T20:04:13.818847,KXBTCD-25MAY2300-T111249.99,DELTA,56,1000,63,14,771,no,12,1000
2025-05-22T20:04:14.955529,KXBTCD-25MAY2300-T111249.99,DELTA,56,1000,63,14,772,no,11,-2945
2025-05-22T20:04:14.956318,KXBTCD-25MAY2300-T111249.99,DELTA,56,1000,63,14,773,no,13,2492
2025-05-22T20:04:14.956781,KXBTCD-25MAY2300-T111249.99,DELTA,56,1100,63,14,774,yes,56,100
2025-05-22T20:04:14.957158,KXBTCD-25MAY2300-T111249.99,DELTA,56,1100,63,14,775,no,36,100
2025-05-22T20:04:15.015359,KXBTCD-25MAY2300-T111249.99,DELTA,56,100,63,14,776,yes,56,-1000
2025-05-22T20:04:15.035222,KXBTCD-25MAY2300-T111249.99,DELTA,56,100,63,14,777,no,12,-2000
2025-05-22T20:04:15.035369,KXBTCD-25MAY2300-T111249.99,DELTA,56,100,63,14,778,no,12,-1000
2025-05-22T20:04:15.074926,KXBTCD-25MAY2300-T111249.99,DELTA,56,100,63,14,779,no,14,9
2025-05-22T20:04:15.075174,KXBTCD-25MAY2300-T111249.99,DELTA,56,100,63,14,780,no,17,-9
2025-05-22T20:04:15.075313,KXBTCD-25MAY2300-T111249.99,DELTA,56,100,63,14,781,no,14,2000
2025-05-22T20:04:15.094876,KXBTCD-25MAY2300-T111249.99,DELTA,57,1000,63,14,782,yes,57,1000
2025-05-22T20:04:15.095068,KXBTCD-25MAY2300-T111249.99,DELTA,57,1000,63,14,783,no,14,1000
2025-05-22T20:04:16.055031,KXBTCD-25MAY2300-T111249.99,DELTA,57,1000,63,14,784,no,13,-2492
2025-05-22T20:04:16.056241,KXBTCD-25MAY2300-T111249.99,DELTA,57,1000,63,14,785,no,15,2160
2025-05-22T20:04:16.076359,KXBTCD-25MAY2300-T111249.99,DELTA,57,1000,63,14,786,no,16,1250
2025-05-22T20:04:16.077190,KXBTCD-25MAY2300-T111249.99,DELTA,57,1000,63,14,787,no,14,-2000
2025-05-22T20:04:16.077885,KXBTCD-25MAY2300-T111249.99,DELTA,57,1000,63,14,788,no,36,-100
2025-05-22T20:04:16.095510,KXBTCD-25MAY2300-T111249.99,DELTA,57,1000,63,14,789,yes,56,-100
2025-05-22T20:04:16.096207,KXBTCD-25MAY2300-T111249.99,DELTA,57,1000,63,14,790,no,14,-1000
2025-05-22T20:04:16.135879,KXBTCD-25MAY2300-T111249.99,DELTA,57,1000,63,14,791,no,16,1000
2025-05-22T20:04:16.136755,KXBTCD-25MAY2300-T111249.99,DELTA,57,1000,63,14,792,no,16,2000
2025-05-22T20:04:16.137309,KXBTCD-25MAY2300-T111249.99,DELTA,57,1000,63,14,793,no,16,9
2025-05-22T20:04:16.137765,KXBTCD-25MAY2300-T111249.99,DELTA,57,1000,63,14,794,no,14,-9
2025-05-22T20:04:16.155315,KXBTCD-25MAY2300-T111249.99,DELTA,55,30,63,14,795,yes,57,-1000
2025-05-22T20:04:16.195121,KXBTCD-25MAY2300-T111249.99,DELTA,56,1000,63,14,796,yes,56,1000
2025-05-22T20:04:18.137504,KXBTCD-25MAY2300-T111249.99,DELTA,56,1000,66,30,797,no,37,-14
2025-05-22T20:04:18.138618,KXBTCD-25MAY2300-T111249.99,DELTA,56,1000,84,4259,798,no,34,-30
2025-05-22T20:04:18.139422,KXBTCD-25MAY2300-T111249.99,DELTA,56,1000,84,4235,799,no,16,-24
2025-05-22T20:04:18.215362,KXBTCD-25MAY2300-T111249.99,DELTA,56,1000,84,4235,800,yes,53,-14
2025-05-22T20:04:18.216304,KXBTCD-25MAY2300-T111249.99,DELTA,58,30,84,4235,801,yes,58,30
2025-05-22T20:04:18.216944,KXBTCD-25MAY2300-T111249.99,DELTA,58,30,70,30,802,no,30,30
2025-05-22T20:04:18.217529,KXBTCD-25MAY2300-T111249.99,DELTA,58,30,70,30,803,yes,55,-30
2025-05-22T20:04:18.218098,KXBTCD-25MAY2300-T111249.99,DELTA,58,30,70,30,804,yes,56,14
2025-05-22T20:04:18.236449,KXBTCD-25MAY2300-T111249.99,DELTA,58,30,65,14,805,no,35,14
2025-05-22T20:04:18.255553,KXBTCD-25MAY2300-T111249.99,DELTA,58,30,65,14,806,no,17,9
2025-05-22T20:04:18.256377,KXBTCD-25MAY2300-T111249.99,DELTA,58,30,65,14,807,no,16,-9
2025-05-22T20:04:18.257109,KXBTCD-25MAY2300-T111249.99,DELTA,58,30,65,14,808,yes,57,9
2025-05-22T20:04:18.275853,KXBTCD-25MAY2300-T111249.99,DELTA,58,30,65,14,809,yes,56,-1000
2025-05-22T20:04:18.276685,KXBTCD-25MAY2300-T111249.99,DELTA,58,30,65,14,810,no,16,-1000
2025-05-22T20:04:18.315619,KXBTCD-25MAY2300-T111249.99,DELTA,58,30,65,14,811,no,31,1000
2025-05-22T20:04:18.316742,KXBTCD-25MAY2300-T111249.99,DELTA,59,1000,65,14,812,yes,59,1000
2025-05-22T20:04:20.215782,KXBTCD-25MAY2300-T111249.99,DELTA,59,1000,65,14,813,yes,55,100
2025-05-22T20:04:20.216777,KXBTCD-25MAY2300-T111249.99,DELTA,59,1000,64,100,814,no,36,100
2025-05-22T20:04:20.356174,KXBTCD-25MAY2300-T111249.99,DELTA,59,1000,64,100,815,no,32,9
2025-05-22T20:04:20.357250,KXBTCD-25MAY2300-T111249.99,DELTA,59,1000,64,100,816,yes,57,-9
2025-05-22T20:04:20.395677,KXBTCD-25MAY2300-T111249.99,DELTA,59,1000,64,100,817,no,17,-9
2025-05-22T20:04:20.596324,KXBTCD-25MAY2300-T111249.99,DELTA,59,1000,65,14,818,no,36,-100
2025-05-22T20:04:20.615435,KXBTCD-25MAY2300-T111249.99,DELTA,59,1000,65,14,819,yes,55,-100
2025-05-22T20:04:22.555358,KXBTCD-25MAY2300-T111249.99,DELTA,59,1000,65,14,820,no,16,-1226
2025-05-22T20:04:22.636825,KXBTCD-25MAY2300-T111249.99,DELTA,59,1000,65,14,821,yes,56,100
2025-05-22T20:04:22.674446,KXBTCD-25MAY2300-T111249.99,DELTA,59,1000,65,14,822,no,32,-9
2025-05-22T20:04:22.695214,KXBTCD-25MAY2300-T111249.99,DELTA,59,1000,65,14,823,no,15,-2160
2025-05-22T20:04:22.695898,KXBTCD-25MAY2300-T111249.99,DELTA,59,1000,65,14,824,no,11,2945
2025-05-22T20:04:22.766234,KXBTCD-25MAY2300-T111249.99,DELTA,59,1000,65,14,825,no,16,-2000
2025-05-22T20:04:22.815691,KXBTCD-25MAY2300-T111249.99,DELTA,59,1000,65,14,826,no,12,2000
2025-05-22T20:04:23.635963,KXBTCD-25MAY2300-T111249.99,DELTA,59,1000,69,1000,827,no,35,-14
2025-05-22T20:04:23.636841,KXBTCD-25MAY2300-T111249.99,DELTA,59,1000,69,707,828,no,31,-293
2025-05-22T20:04:23.695145,KXBTCD-25MAY2300-T111249.99,DELTA,59,1014,69,707,829,yes,59,14
2025-05-22T20:04:23.696170,KXBTCD-25MAY2300-T111249.99,DELTA,59,1014,69,707,830,yes,56,-14
2025-05-22T20:04:23.714925,KXBTCD-25MAY2300-T111249.99,DELTA,59,1014,69,721,831,no,31,14
2025-05-22T20:04:23.855429,KXBTCD-25MAY2300-T111249.99,DELTA,59,1014,69,721,832,yes,56,-100
2025-05-22T20:04:24.814895,KXBTCD-25MAY2300-T111249.99,DELTA,59,814,69,721,833,yes,59,-200
2025-05-22T20:04:25.216950,KXBTCD-25MAY2300-T111249.99,DELTA,59,814,69,721,834,no,11,-2945
2025-05-22T20:04:25.218025,KXBTCD-25MAY2300-T111249.99,DELTA,59,814,69,721,835,no,13,2492
2025-05-22T20:04:25.276052,KXBTCD-25MAY2300-T111249.99,DELTA,59,814,69,721,836,no,12,-2000
2025-05-22T20:04:25.335351,KXBTCD-25MAY2300-T111249.99,DELTA,59,814,69,721,837,no,14,2000
2025-05-22T20:04:25.555792,KXBTCD-25MAY2300-T111249.99,DELTA,59,814,69,721,838,no,14,1250
2025-05-22T20:04:26.336123,KXBTCD-25MAY2300-T111249.99,DELTA,59,814,69,721,839,no,13,-2492
2025-05-22T20:04:26.336835,KXBTCD-25MAY2300-T111249.99,DELTA,59,814,69,721,840,no,15,2160
2025-05-22T20:04:26.395864,KXBTCD-25MAY2300-T111249.99,DELTA,59,814,69,721,841,no,14,-2000
2025-05-22T20:04:26.396773,KXBTCD-25MAY2300-T111249.99,DELTA,59,814,69,721,842,no,14,-1250
2025-05-22T20:04:26.435747,KXBTCD-25MAY2300-T111249.99,DELTA,59,814,69,721,843,no,16,2000
2025-05-22T20:04:26.436698,KXBTCD-25MAY2300-T111249.99,DELTA,59,814,69,721,844,no,16,1250
2025-05-22T20:04:27.175075,KXBTCD-25MAY2300-T111249.99,DELTA,59,814,64,100,845,no,36,100
2025-05-22T20:04:27.276175,KXBTCD-25MAY2300-T111249.99,DELTA,59,814,64,100,846,no,32,9
2025-05-22T20:04:27.396434,KXBTCD-25MAY2300-T111249.99,DELTA,59,814,64,100,847,no,15,-2160
2025-05-22T20:04:27.397188,KXBTCD-25MAY2300-T111249.99,DELTA,59,814,64,100,848,no,11,2945
2025-05-22T20:04:27.456227,KXBTCD-25MAY2300-T111249.99,DELTA,59,814,64,100,849,no,16,-2000
2025-05-22T20:04:27.457334,KXBTCD-25MAY2300-T111249.99,DELTA,59,814,64,100,850,no,16,-1250
2025-05-22T20:04:27.495860,KXBTCD-25MAY2300-T111249.99,DELTA,59,814,64,100,851,no,12,2000
2025-05-22T20:04:27.876493,KXBTCD-25MAY2300-T111249.99,DELTA,59,814,64,100,852,yes,56,100
2025-05-22T20:04:28.454771,KXBTCD-25MAY2300-T111249.99,DELTA,59,814,64,100,853,no,11,-2945
2025-05-22T20:04:28.455686,KXBTCD-25MAY2300-T111249.99,DELTA,59,814,64,100,854,no,13,2492
2025-05-22T20:04:28.514572,KXBTCD-25MAY2300-T111249.99,DELTA,59,814,64,100,855,yes,56,-100
2025-05-22T20:04:28.534478,KXBTCD-25MAY2300-T111249.99,DELTA,59,814,68,9,856,no,36,-100
2025-05-22T20:04:28.535512,KXBTCD-25MAY2300-T111249.99,DELTA,59,814,68,9,857,no,14,1250
2025-05-22T20:04:28.554198,KXBTCD-25MAY2300-T111249.99,DELTA,59,814,68,9,858,no,12,-2000
2025-05-22T20:04:28.634563,KXBTCD-25MAY2300-T111249.99,DELTA,59,814,68,9,859,no,14,2000
2025-05-22T20:04:28.735989,KXBTCD-25MAY2300-T111249.99,DELTA,59,814,68,9,860,no,31,-707
2025-05-22T20:04:28.795571,KXBTCD-25MAY2300-T111249.99,DELTA,59,814,68,9,861,no,30,1000
2025-05-22T20:04:29.576055,KXBTCD-25MAY2300-T111249.99,DELTA,59,814,68,9,862,no,13,-2492
2025-05-22T20:04:29.577167,KXBTCD-25MAY2300-T111249.99,DELTA,59,814,68,9,863,no,14,2314
2025-05-22T20:04:29.635744,KXBTCD-25MAY2300-T111249.99,DELTA,59,814,68,9,864,no,14,-2000
2025-05-22T20:04:29.636691,KXBTCD-25MAY2300-T111249.99,DELTA,59,814,68,9,865,no,14,-1250
2025-05-22T20:04:29.675976,KXBTCD-25MAY2300-T111249.99,DELTA,59,814,69,14,866,no,32,-9
2025-05-22T20:04:29.676881,KXBTCD-25MAY2300-T111249.99,DELTA,59,814,69,14,867,no,15,2000
2025-05-22T20:04:29.696326,KXBTCD-25MAY2300-T111249.99,DELTA,59,814,69,14,868,no,15,1250
2025-05-22T20:04:31.395918,KXBTCD-25MAY2300-T111249.99,DELTA,59,814,69,14,869,no,30,-1000
2025-05-22T20:04:31.435798,KXBTCD-25MAY2300-T111249.99,DELTA,59,814,69,1014,870,no,31,1000
2025-05-22T20:04:31.536550,KXBTCD-25MAY2300-T111249.99,DELTA,59,814,69,1014,871,no,16,9
2025-05-22T20:04:32.996132,KXBTCD-25MAY2300-T111249.99,DELTA,59,814,65,100,872,no,35,100
2025-05-22T20:04:32.996855,KXBTCD-25MAY2300-T111249.99,DELTA,59,814,65,100,873,yes,57,100
2025-05-22T20:04:33.116703,KXBTCD-25MAY2300-T111249.99,DELTA,59,814,65,100,874,no,16,-9
2025-05-22T20:04:33.456842,KXBTCD-25MAY2300-T111249.99,DELTA,59,813,65,100,875,yes,59,-1
2025-05-22T20:04:33.974605,KXBTCD-25MAY2300-T111249.99,DELTA,59,813,65,100,876,yes,57,-100
2025-05-22T20:04:33.975533,KXBTCD-25MAY2300-T111249.99,DELTA,59,813,69,1014,877,no,35,-100
2025-05-22T20:04:36.156079,KXBTCD-25MAY2300-T111249.99,DELTA,59,813,69,1014,878,no,14,-2314
2025-05-22T20:04:36.157276,KXBTCD-25MAY2300-T111249.99,DELTA,59,813,69,1014,879,no,11,2945
2025-05-22T20:04:36.215478,KXBTCD-25MAY2300-T111249.99,DELTA,59,813,69,1014,880,no,15,-2000
2025-05-22T20:04:36.216523,KXBTCD-25MAY2300-T111249.99,DELTA,59,813,69,1014,881,no,15,-1250
2025-05-22T20:04:36.276589,KXBTCD-25MAY2300-T111249.99,DELTA,59,813,69,1014,882,no,12,2000
2025-05-22T20:04:37.867644,KXBTCD-25MAY2300-T111249.99,DELTA,59,813,65,100,883,no,35,100
2025-05-22T20:04:37.868722,KXBTCD-25MAY2300-T111249.99,DELTA,59,813,65,100,884,yes,57,100
2025-05-22T20:04:38.735404,KXBTCD-25MAY2300-T111249.99,DELTA,59,813,65,100,885,no,11,-2945
2025-05-22T20:04:38.736335,KXBTCD-25MAY2300-T111249.99,DELTA,59,813,65,100,886,no,13,2492
2025-05-22T20:04:38.794639,KXBTCD-25MAY2300-T111249.99,DELTA,59,813,65,100,887,no,12,-2000
2025-05-22T20:04:38.836045,KXBTCD-25MAY2300-T111249.99,DELTA,59,813,65,100,888,no,14,2000
2025-05-22T20:04:39.536328,KXBTCD-25MAY2300-T111249.99,DELTA,59,813,65,100,889,yes,57,-100
2025-05-22T20:04:39.537337,KXBTCD-25MAY2300-T111249.99,DELTA,59,813,69,1014,890,no,35,-100
2025-05-22T20:04:39.911938,KXBTCD-25MAY2300-T111249.99,DELTA,59,813,69,1014,891,no,13,-2492
2025-05-22T20:04:39.912752,KXBTCD-25MAY2300-T111249.99,DELTA,59,813,69,1014,892,no,14,2314
2025-05-22T20:04:39.936825,KXBTCD-25MAY2300-T111249.99,DELTA,59,813,69,1014,893,no,14,-2000
2025-05-22T20:04:39.965829,KXBTCD-25MAY2300-T111249.99,DELTA,59,813,69,1014,894,no,15,1250
2025-05-22T20:04:39.976003,KXBTCD-25MAY2300-T111249.99,DELTA,59,813,69,1014,895,no,15,2000
2025-05-22T20:04:41.133688,KXBTCD-25MAY2300-T111249.99,DELTA,59,813,69,1014,896,no,14,-2314
2025-05-22T20:04:41.134512,KXBTCD-25MAY2300-T111249.99,DELTA,59,813,69,1014,897,no,11,2945
2025-05-22T20:04:41.138685,KXBTCD-25MAY2300-T111249.99,DELTA,59,813,69,1014,898,no,15,-2000
2025-05-22T20:04:41.139572,KXBTCD-25MAY2300-T111249.99,DELTA,59,813,69,1014,899,no,15,-1250
2025-05-22T20:04:41.176746,KXBTCD-25MAY2300-T111249.99,DELTA,59,813,69,1014,900,no,12,2000
2025-05-22T20:04:41.655066,KXBTCD-25MAY2300-T111249.99,DELTA,60,30,69,1014,901,yes,60,30
2025-05-22T20:04:41.656055,KXBTCD-25MAY2300-T111249.99,DELTA,60,30,69,1014,902,yes,58,-30
2025-05-22T20:04:41.675688,KXBTCD-25MAY2300-T111249.99,DELTA,60,30,69,1014,903,no,28,30
2025-05-22T20:04:41.676168,KXBTCD-25MAY2300-T111249.99,DELTA,60,30,69,1014,904,no,30,-30
2025-05-22T20:04:41.714592,KXBTCD-25MAY2300-T111249.99,DELTA,60,30,69,1014,905,yes,59,-799
2025-05-22T20:04:41.735145,KXBTCD-25MAY2300-T111249.99,DELTA,60,30,69,14,906,no,31,-1000
2025-05-22T20:04:41.835905,KXBTCD-25MAY2300-T111249.99,DELTA,61,1000,69,14,907,yes,61,1000
2025-05-22T20:04:41.836678,KXBTCD-25MAY2300-T111249.99,DELTA,61,1000,69,14,908,no,29,1000
2025-05-22T20:04:42.225141,KXBTCD-25MAY2300-T111249.99,DELTA,61,1000,69,14,909,no,11,-2945
2025-05-22T20:04:42.226256,KXBTCD-25MAY2300-T111249.99,DELTA,61,1000,69,14,910,no,13,2492
2025-05-22T20:04:42.296142,KXBTCD-25MAY2300-T111249.99,DELTA,61,1000,69,14,911,no,14,1250
2025-05-22T20:04:42.297220,KXBTCD-25MAY2300-T111249.99,DELTA,61,1000,69,14,912,no,12,-2000
2025-05-22T20:04:42.355843,KXBTCD-25MAY2300-T111249.99,DELTA,61,1000,69,14,913,no,14,2000
2025-05-22T20:04:43.077197,KXBTCD-25MAY2300-T111249.99,DELTA,61,1014,69,14,914,yes,61,14
2025-05-22T20:04:43.077783,KXBTCD-25MAY2300-T111249.99,DELTA,61,1014,69,14,915,no,29,14
2025-05-22T20:04:43.078092,KXBTCD-25MAY2300-T111249.99,DELTA,61,1014,69,14,916,yes,59,-14
2025-05-22T20:04:43.078452,KXBTCD-25MAY2300-T111249.99,DELTA,61,1014,71,1014,917,no,31,-14
2025-05-22T20:04:43.600517,KXBTCD-25MAY2300-T111249.99,DELTA,61,1014,71,1014,918,no,13,-2492
2025-05-22T20:04:43.602047,KXBTCD-25MAY2300-T111249.99,DELTA,61,1014,71,1014,919,no,14,2314
2025-05-22T20:04:43.603401,KXBTCD-25MAY2300-T111249.99,DELTA,61,1014,65,100,920,no,35,100
2025-05-22T20:04:43.604271,KXBTCD-25MAY2300-T111249.99,DELTA,61,1014,65,100,921,yes,57,100
2025-05-22T20:04:43.604769,KXBTCD-25MAY2300-T111249.99,DELTA,61,1014,65,100,922,no,14,-2000
2025-05-22T20:04:43.605434,KXBTCD-25MAY2300-T111249.99,DELTA,61,1014,65,100,923,no,14,-1250
2025-05-22T20:04:43.605930,KXBTCD-25MAY2300-T111249.99,DELTA,61,1014,65,100,924,no,15,1250
2025-05-22T20:04:43.606426,KXBTCD-25MAY2300-T111249.99,DELTA,61,1014,65,100,925,no,15,2000
2025-05-22T20:04:44.494883,KXBTCD-25MAY2300-T111249.99,DELTA,61,1014,65,100,926,yes,57,-100
2025-05-22T20:04:44.515230,KXBTCD-25MAY2300-T111249.99,DELTA,61,1014,71,1014,927,no,35,-100
2025-05-22T20:04:44.595592,KXBTCD-25MAY2300-T111249.99,DELTA,61,1014,70,9,928,no,30,9
2025-05-22T20:04:47.592373,KXBTCD-25MAY2300-T111249.99,DELTA,61,1014,70,9,929,no,14,-2314
2025-05-22T20:04:47.593520,KXBTCD-25MAY2300-T111249.99,DELTA,61,1014,70,9,930,no,11,2945
2025-05-22T20:04:47.637753,KXBTCD-25MAY2300-T111249.99,DELTA,61,1014,70,9,931,no,15,-2000
2025-05-22T20:04:47.638661,KXBTCD-25MAY2300-T111249.99,DELTA,61,1014,70,9,932,no,15,-1250
2025-05-22T20:04:47.685369,KXBTCD-25MAY2300-T111249.99,DELTA,61,1014,71,1014,933,no,30,-9
2025-05-22T20:04:47.696386,KXBTCD-25MAY2300-T111249.99,DELTA,61,1014,71,1014,934,no,12,2000
2025-05-22T20:04:49.115506,KXBTCD-25MAY2300-T111249.99,DELTA,61,1014,65,100,935,no,35,100
2025-05-22T20:04:49.115914,KXBTCD-25MAY2300-T111249.99,DELTA,61,1014,65,100,936,yes,57,100
2025-05-22T20:04:49.234980,KXBTCD-25MAY2300-T111249.99,DELTA,61,1014,65,100,937,no,30,9
2025-05-22T20:04:50.095741,KXBTCD-25MAY2300-T111249.99,DELTA,61,1014,65,100,938,no,11,-2945
2025-05-22T20:04:50.096474,KXBTCD-25MAY2300-T111249.99,DELTA,61,1014,65,100,939,no,13,2492
2025-05-22T20:04:50.156436,KXBTCD-25MAY2300-T111249.99,DELTA,61,1014,65,100,940,no,14,1250
2025-05-22T20:04:50.157107,KXBTCD-25MAY2300-T111249.99,DELTA,61,1014,65,100,941,no,12,-2000
2025-05-22T20:04:50.215215,KXBTCD-25MAY2300-T111249.99,DELTA,61,1014,65,100,942,no,14,2000
2025-05-22T20:04:50.355504,KXBTCD-25MAY2300-T111249.99,DELTA,61,1014,65,100,943,yes,57,-100
2025-05-22T20:04:50.356587,KXBTCD-25MAY2300-T111249.99,DELTA,61,1014,70,9,944,no,35,-100
2025-05-22T20:04:51.170620,KXBTCD-25MAY2300-T111249.99,DELTA,61,1014,70,9,945,no,13,-2492
2025-05-22T20:04:51.171473,KXBTCD-25MAY2300-T111249.99,DELTA,61,1014,70,9,946,no,14,2314
2025-05-22T20:04:51.195726,KXBTCD-25MAY2300-T111249.99,DELTA,61,1014,70,9,947,no,14,-2000
2025-05-22T20:04:51.216554,KXBTCD-25MAY2300-T111249.99,DELTA,61,1014,70,9,948,no,14,-1250
2025-05-22T20:04:51.257233,KXBTCD-25MAY2300-T111249.99,DELTA,61,1014,71,1014,949,no,30,-9
2025-05-22T20:04:51.258035,KXBTCD-25MAY2300-T111249.99,DELTA,61,1014,71,1014,950,no,15,1250
2025-05-22T20:04:51.315250,KXBTCD-25MAY2300-T111249.99,DELTA,61,1014,71,1014,951,no,15,2000
2025-05-22T20:04:52.175622,KXBTCD-25MAY2300-T111249.99,DELTA,61,1014,71,1014,952,no,14,-2314
2025-05-22T20:04:52.176680,KXBTCD-25MAY2300-T111249.99,DELTA,61,1014,71,1014,953,no,11,2945
2025-05-22T20:04:52.236178,KXBTCD-25MAY2300-T111249.99,DELTA,61,1014,71,1014,954,no,15,-2000
2025-05-22T20:04:52.254886,KXBTCD-25MAY2300-T111249.99,DELTA,61,1014,71,1014,955,no,15,-1250
2025-05-22T20:04:52.295071,KXBTCD-25MAY2300-T111249.99,DELTA,61,1014,71,1014,956,no,12,2000
2025-05-22T20:04:53.295121,KXBTCD-25MAY2300-T111249.99,DELTA,61,1014,71,1014,957,no,11,-2945
2025-05-22T20:04:53.295842,KXBTCD-25MAY2300-T111249.99,DELTA,61,1014,71,1014,958,no,13,2492
2025-05-22T20:04:53.336170,KXBTCD-25MAY2300-T111249.99,DELTA,61,1013,71,1014,959,yes,61,-1
2025-05-22T20:04:53.356067,KXBTCD-25MAY2300-T111249.99,DELTA,61,1013,71,1014,960,no,14,1250
2025-05-22T20:04:53.356802,KXBTCD-25MAY2300-T111249.99,DELTA,61,1013,71,1014,961,no,12,-2000
2025-05-22T20:04:53.415194,KXBTCD-25MAY2300-T111249.99,DELTA,61,1013,71,1014,962,no,14,2000
2025-05-22T20:04:54.394511,KXBTCD-25MAY2300-T111249.99,DELTA,61,1013,71,1014,963,no,13,-2492
2025-05-22T20:04:54.394767,KXBTCD-25MAY2300-T111249.99,DELTA,61,1013,71,1014,964,no,15,2160
2025-05-22T20:04:54.454128,KXBTCD-25MAY2300-T111249.99,DELTA,61,1013,71,1014,965,no,14,-2000
2025-05-22T20:04:54.454302,KXBTCD-25MAY2300-T111249.99,DELTA,61,1013,71,1014,966,no,14,-1250
2025-05-22T20:04:54.494734,KXBTCD-25MAY2300-T111249.99,DELTA,61,1013,71,1014,967,no,16,1250
2025-05-22T20:04:54.495279,KXBTCD-25MAY2300-T111249.99,DELTA,61,1013,71,1014,968,no,16,2000
2025-05-22T20:04:54.514877,KXBTCD-25MAY2300-T111249.99,DELTA,61,1013,64,100,969,no,36,100
2025-05-22T20:04:54.515422,KXBTCD-25MAY2300-T111249.99,DELTA,61,1013,64,100,970,yes,56,100
2025-05-22T20:04:55.214688,KXBTCD-25MAY2300-T111249.99,DELTA,61,1013,64,100,971,yes,56,-100
2025-05-22T20:04:55.235543,KXBTCD-25MAY2300-T111249.99,DELTA,61,1013,71,1014,972,no,36,-100
2025-05-22T20:04:55.314816,KXBTCD-25MAY2300-T111249.99,DELTA,61,1013,70,9,973,no,30,9
2025-05-22T20:04:58.796465,KXBTCD-25MAY2300-T111249.99,DELTA,61,1013,70,9,974,no,15,-2160
2025-05-22T20:04:58.797573,KXBTCD-25MAY2300-T111249.99,DELTA,61,1013,70,9,975,no,11,2945
2025-05-22T20:04:58.856380,KXBTCD-25MAY2300-T111249.99,DELTA,61,1013,70,9,976,no,16,-2000
2025-05-22T20:04:58.875958,KXBTCD-25MAY2300-T111249.99,DELTA,61,1013,70,9,977,no,16,-1250
2025-05-22T20:04:58.895769,KXBTCD-25MAY2300-T111249.99,DELTA,61,1013,71,1014,978,no,30,-9
2025-05-22T20:04:58.916119,KXBTCD-25MAY2300-T111249.99,DELTA,61,1013,71,1014,979,no,12,2000
2025-05-22T20:04:59.395631,KXBTCD-25MAY2300-T111249.99,DELTA,61,1013,64,100,980,no,36,100
2025-05-22T20:04:59.415375,KXBTCD-25MAY2300-T111249.99,DELTA,61,1013,64,100,981,yes,56,100
2025-05-22T20:05:00.415961,KXBTCD-25MAY2300-T111249.99,DELTA,61,1013,64,100,982,yes,56,-100
2025-05-22T20:05:00.435334,KXBTCD-25MAY2300-T111249.99,DELTA,61,1013,71,1014,983,no,36,-100
2025-05-22T20:05:00.535437,KXBTCD-25MAY2300-T111249.99,DELTA,61,1013,70,9,984,no,30,9
2025-05-22T20:05:01.496330,KXBTCD-25MAY2300-T111249.99,DELTA,61,1013,70,9,985,no,11,-2945
2025-05-22T20:05:01.497112,KXBTCD-25MAY2300-T111249.99,DELTA,61,1013,70,9,986,no,13,2492
2025-05-22T20:05:01.555877,KXBTCD-25MAY2300-T111249.99,DELTA,61,1013,70,9,987,no,12,-2000
2025-05-22T20:05:01.556427,KXBTCD-25MAY2300-T111249.99,DELTA,61,1013,70,9,988,no,14,1250
2025-05-22T20:05:01.595642,KXBTCD-25MAY2300-T111249.99,DELTA,61,1013,70,9,989,no,14,2000
2025-05-22T20:05:01.615828,KXBTCD-25MAY2300-T111249.99,DELTA,61,1013,71,1014,990,no,30,-9
2025-05-22T20:05:01.676683,KXBTCD-25MAY2300-T111249.99,DELTA,61,1013,71,1014,991,yes,48,250
2025-05-22T20:05:01.696080,KXBTCD-25MAY2300-T111249.99,DELTA,61,1013,71,1014,992,yes,52,250
2025-05-22T20:05:01.696684,KXBTCD-25MAY2300-T111249.99,DELTA,61,1013,71,1014,993,no,28,250
2025-05-22T20:05:01.715703,KXBTCD-25MAY2300-T111249.99,DELTA,61,1013,71,1014,994,no,22,250
2025-05-22T20:05:01.715984,KXBTCD-25MAY2300-T111249.99,DELTA,61,1013,71,1014,995,no,24,250
2025-05-22T20:05:01.735879,KXBTCD-25MAY2300-T111249.99,DELTA,61,1013,70,250,996,no,30,250
2025-05-22T20:05:01.736297,KXBTCD-25MAY2300-T111249.99,DELTA,61,1013,70,250,997,no,26,250
2025-05-22T20:05:01.755008,KXBTCD-25MAY2300-T111249.99,DELTA,61,1013,70,250,998,yes,56,250
2025-05-22T20:05:01.755249,KXBTCD-25MAY2300-T111249.99,DELTA,61,1013,70,250,999,yes,50,250
2025-05-22T20:05:01.755340,KXBTCD-25MAY2300-T111249.99,DELTA,61,1013,70,250,1000,no,14,-2000
2025-05-22T20:05:01.777438,KXBTCD-25MAY2300-T111249.99,DELTA,61,1013,70,250,1001,yes,54,250
2025-05-22T20:05:01.795409,KXBTCD-25MAY2300-T111249.99,DELTA,61,1013,70,250,1002,no,28,2000
2025-05-22T20:05:01.795739,KXBTCD-25MAY2300-T111249.99,DELTA,61,1013,70,250,1003,no,29,-1000
2025-05-22T20:05:01.815518,KXBTCD-25MAY2300-T111249.99,DELTA,61,1013,70,250,1004,no,14,-1250
2025-05-22T20:05:01.854940,KXBTCD-25MAY2300-T111249.99,DELTA,61,1013,69,1000,1005,no,31,1000
2025-05-22T20:05:01.855223,KXBTCD-25MAY2300-T111249.99,DELTA,61,1013,69,1000,1006,no,27,1250
2025-05-22T20:05:01.956577,KXBTCD-25MAY2300-T111249.99,DELTA,61,1013,69,1000,1007,yes,31,-2000
2025-05-22T20:05:01.957745,KXBTCD-25MAY2300-T111249.99,DELTA,61,1013,69,1000,1008,yes,57,1250
2025-05-22T20:05:02.016622,KXBTCD-25MAY2300-T111249.99,DELTA,61,1013,69,1000,1009,yes,57,2000
2025-05-22T20:05:02.195885,KXBTCD-25MAY2300-T111249.99,DELTA,61,1013,69,1000,1010,no,28,-2000
2025-05-22T20:05:02.274931,KXBTCD-25MAY2300-T111249.99,DELTA,61,1013,69,1000,1011,no,29,2000
2025-05-22T20:05:02.695274,KXBTCD-25MAY2300-T111249.99,DELTA,61,1013,69,1000,1012,no,13,-2492
2025-05-22T20:05:02.696010,KXBTCD-25MAY2300-T111249.99,DELTA,61,1013,69,1000,1013,no,11,2945
2025-05-22T20:05:03.335015,KXBTCD-25MAY2300-T111249.99,DELTA,61,1013,69,1000,1014,no,27,-1250
2025-05-22T20:05:03.377219,KXBTCD-25MAY2300-T111249.99,DELTA,61,1013,69,1000,1015,no,28,1250
2025-05-22T20:05:04.256112,KXBTCD-25MAY2300-T111249.99,DELTA,61,1013,69,1000,1016,no,28,-1250
2025-05-22T20:05:04.295135,KXBTCD-25MAY2300-T111249.99,DELTA,61,1013,69,1000,1017,no,27,1250
2025-05-22T20:05:04.434323,KXBTCD-25MAY2300-T111249.99,DELTA,61,1013,64,100,1018,no,36,100
2025-05-22T20:05:04.434630,KXBTCD-25MAY2300-T111249.99,DELTA,61,1013,64,100,1019,yes,56,100
2025-05-22T20:05:05.755379,KXBTCD-25MAY2300-T111249.99,DELTA,61,1013,64,100,1020,yes,56,-100
2025-05-22T20:05:05.756422,KXBTCD-25MAY2300-T111249.99,DELTA,61,1013,69,1000,1021,no,36,-100
2025-05-22T20:05:07.272636,KXBTCD-25MAY2300-T111249.99,DELTA,61,1013,69,1000,1022,no,27,-1250
2025-05-22T20:05:07.296140,KXBTCD-25MAY2300-T111249.99,DELTA,61,1013,69,1000,1023,no,28,1250
2025-05-22T20:05:10.936784,KXBTCD-25MAY2300-T111249.99,DELTA,61,1013,65,100,1024,no,35,100
2025-05-22T20:05:10.955648,KXBTCD-25MAY2300-T111249.99,DELTA,61,1013,65,100,1025,yes,57,100
2025-05-22T20:05:12.575815,KXBTCD-25MAY2300-T111249.99,DELTA,61,1013,65,100,1026,yes,57,-100
2025-05-22T20:05:12.595965,KXBTCD-25MAY2300-T111249.99,DELTA,61,1013,69,1000,1027,no,35,-100
2025-05-22T20:05:15.816453,KXBTCD-25MAY2300-T111249.99,DELTA,61,1013,64,100,1028,no,36,100
2025-05-22T20:05:15.935513,KXBTCD-25MAY2300-T111249.99,DELTA,61,1013,64,100,1029,no,32,9
2025-05-22T20:05:16.855487,KXBTCD-25MAY2300-T111249.99,DELTA,61,1013,64,100,1030,yes,56,-250
2025-05-22T20:05:16.855992,KXBTCD-25MAY2300-T111249.99,DELTA,61,1013,64,100,1031,yes,46,250
2025-05-22T20:05:16.895527,KXBTCD-25MAY2300-T111249.99,DELTA,61,1013,64,100,1032,no,29,-2000
2025-05-22T20:05:16.935075,KXBTCD-25MAY2300-T111249.99,DELTA,61,14,64,100,1033,yes,61,-999
2025-05-22T20:05:16.936002,KXBTCD-25MAY2300-T111249.99,DELTA,61,14,64,100,1034,yes,57,-1250
2025-05-22T20:05:16.956233,KXBTCD-25MAY2300-T111249.99,DELTA,61,14,64,100,1035,yes,57,-2000
2025-05-22T20:05:16.975937,KXBTCD-25MAY2300-T111249.99,DELTA,61,14,64,100,1036,no,28,-1250
2025-05-22T20:05:16.976682,KXBTCD-25MAY2300-T111249.99,DELTA,61,14,64,100,1037,no,31,2000
2025-05-22T20:05:16.999416,KXBTCD-25MAY2300-T111249.99,DELTA,61,14,64,100,1038,yes,60,1000
2025-05-22T20:05:17.014286,KXBTCD-25MAY2300-T111249.99,DELTA,61,14,64,100,1039,yes,55,1250
2025-05-22T20:05:17.054932,KXBTCD-25MAY2300-T111249.99,DELTA,61,14,64,100,1040,no,30,1250
2025-05-22T20:05:17.055457,KXBTCD-25MAY2300-T111249.99,DELTA,61,14,64,100,1041,yes,55,2000
2025-05-22T20:05:17.156158,KXBTCD-25MAY2300-T111249.99,DELTA,61,14,64,100,1042,no,32,250
2025-05-22T20:05:17.195029,KXBTCD-25MAY2300-T111249.99,DELTA,61,14,64,100,1043,no,22,-250
2025-05-22T20:05:17.236046,KXBTCD-25MAY2300-T111249.99,DELTA,61,14,64,100,1044,no,31,-2000
2025-05-22T20:05:17.236747,KXBTCD-25MAY2300-T111249.99,DELTA,61,14,64,100,1045,no,31,-1000
2025-05-22T20:05:17.275393,KXBTCD-25MAY2300-T111249.99,DELTA,61,14,64,100,1046,no,33,1000
2025-05-22T20:05:17.315909,KXBTCD-25MAY2300-T111249.99,DELTA,61,14,64,100,1047,no,32,2000
2025-05-22T20:05:17.635812,KXBTCD-25MAY2300-T111249.99,DELTA,61,14,64,100,1048,yes,60,-1000
2025-05-22T20:05:17.655001,KXBTCD-25MAY2300-T111249.99,DELTA,61,14,64,100,1049,no,30,-1250
2025-05-22T20:05:17.696312,KXBTCD-25MAY2300-T111249.99,DELTA,61,14,64,100,1050,yes,58,30
2025-05-22T20:05:17.696954,KXBTCD-25MAY2300-T111249.99,DELTA,61,14,64,100,1051,yes,60,-30
2025-05-22T20:05:17.697459,KXBTCD-25MAY2300-T111249.99,DELTA,61,14,64,100,1052,no,31,1250
2025-05-22T20:05:17.697933,KXBTCD-25MAY2300-T111249.99,DELTA,61,14,64,100,1053,yes,55,1000
2025-05-22T20:05:17.698413,KXBTCD-25MAY2300-T111249.99,DELTA,61,14,64,100,1054,no,30,30
2025-05-22T20:05:17.699199,KXBTCD-25MAY2300-T111249.99,DELTA,61,14,64,100,1055,no,28,-30
2025-05-22T20:05:17.715431,KXBTCD-25MAY2300-T111249.99,DELTA,61,14,64,100,1056,yes,59,14
2025-05-22T20:05:17.716513,KXBTCD-25MAY2300-T111249.99,DELTA,61,14,64,100,1057,no,31,14
2025-05-22T20:05:17.717076,KXBTCD-25MAY2300-T111249.99,DELTA,59,14,64,100,1058,yes,61,-14
2025-05-22T20:05:17.736204,KXBTCD-25MAY2300-T111249.99,DELTA,59,14,64,100,1059,no,29,-14
2025-05-22T20:05:17.755968,KXBTCD-25MAY2300-T111249.99,DELTA,59,14,64,100,1060,yes,55,-1000
2025-05-22T20:05:17.756586,KXBTCD-25MAY2300-T111249.99,DELTA,59,14,64,100,1061,yes,56,9
2025-05-22T20:05:17.757112,KXBTCD-25MAY2300-T111249.99,DELTA,59,14,64,100,1062,no,32,-9
2025-05-22T20:05:17.796290,KXBTCD-25MAY2300-T111249.99,DELTA,59,14,64,100,1063,yes,54,-250
2025-05-22T20:05:17.797009,KXBTCD-25MAY2300-T111249.99,DELTA,59,14,64,100,1064,yes,44,250
2025-05-22T20:05:17.797502,KXBTCD-25MAY2300-T111249.99,DELTA,59,1014,64,100,1065,yes,59,1000
2025-05-22T20:05:17.815232,KXBTCD-25MAY2300-T111249.99,DELTA,59,1014,64,100,1066,yes,55,-1250
2025-05-22T20:05:17.815848,KXBTCD-25MAY2300-T111249.99,DELTA,59,1014,64,100,1067,yes,56,100
2025-05-22T20:05:17.816321,KXBTCD-25MAY2300-T111249.99,DELTA,59,1014,64,100,1068,no,32,-2000
2025-05-22T20:05:17.836289,KXBTCD-25MAY2300-T111249.99,DELTA,59,1014,64,100,1069,no,33,-1000
2025-05-22T20:05:17.855310,KXBTCD-25MAY2300-T111249.99,DELTA,59,1014,64,100,1070,yes,55,-2000
2025-05-22T20:05:17.876718,KXBTCD-25MAY2300-T111249.99,DELTA,59,1014,64,100,1071,yes,53,1250
2025-05-22T20:05:17.877316,KXBTCD-25MAY2300-T111249.99,DELTA,59,1014,64,100,1072,no,33,2000
2025-05-22T20:05:17.896704,KXBTCD-25MAY2300-T111249.99,DELTA,59,1014,64,1100,1073,no,36,1000
2025-05-22T20:05:17.915484,KXBTCD-25MAY2300-T111249.99,DELTA,59,1014,64,1100,1074,yes,53,2000
2025-05-22T20:05:17.956244,KXBTCD-25MAY2300-T111249.99,DELTA,59,14,64,1100,1075,yes,59,-1000
2025-05-22T20:05:18.015641,KXBTCD-25MAY2300-T111249.99,DELTA,59,14,64,1100,1076,yes,58,1000
2025-05-22T20:05:18.215984,KXBTCD-25MAY2300-T111249.99,DELTA,59,14,64,1100,1077,no,24,-250
2025-05-22T20:05:18.235520,KXBTCD-25MAY2300-T111249.99,DELTA,59,14,64,1100,1078,no,34,250
2025-05-22T20:05:19.113963,KXBTCD-25MAY2300-T111249.99,DELTA,59,14,64,1100,1079,yes,56,-100
2025-05-22T20:05:19.134381,KXBTCD-25MAY2300-T111249.99,DELTA,59,14,64,1000,1080,no,36,-100
2025-05-22T20:05:19.194732,KXBTCD-25MAY2300-T111249.99,DELTA,59,14,66,250,1081,no,36,-1000
2025-05-22T20:05:19.235204,KXBTCD-25MAY2300-T111249.99,DELTA,59,14,66,250,1082,yes,56,-9
2025-05-22T20:05:19.235774,KXBTCD-25MAY2300-T111249.99,DELTA,59,14,65,1000,1083,no,35,1000
2025-05-22T20:05:19.935944,KXBTCD-25MAY2300-T111249.99,DELTA,59,14,65,1000,1084,yes,58,14
2025-05-22T20:05:19.936813,KXBTCD-25MAY2300-T111249.99,DELTA,58,1044,65,1000,1085,yes,59,-14
2025-05-22T20:05:19.955852,KXBTCD-25MAY2300-T111249.99,DELTA,58,1044,65,1000,1086,no,31,-14
2025-05-22T20:05:19.956442,KXBTCD-25MAY2300-T111249.99,DELTA,58,1044,65,1000,1087,no,33,14
2025-05-22T20:05:20.037361,KXBTCD-25MAY2300-T111249.99,DELTA,58,1044,65,1000,1088,yes,57,30
2025-05-22T20:05:20.038420,KXBTCD-25MAY2300-T111249.99,DELTA,58,1014,65,1000,1089,yes,58,-30
2025-05-22T20:05:20.056098,KXBTCD-25MAY2300-T111249.99,DELTA,58,1014,65,1000,1090,no,31,30
2025-05-22T20:05:20.056912,KXBTCD-25MAY2300-T111249.99,DELTA,58,1014,65,1000,1091,no,30,-30
2025-05-22T20:05:22.916050,KXBTCD-25MAY2300-T111249.99,DELTA,58,1014,61,100,1092,no,39,100
2025-05-22T20:05:22.916788,KXBTCD-25MAY2300-T111249.99,DELTA,58,1014,61,100,1093,yes,53,100
2025-05-22T20:05:23.795821,KXBTCD-25MAY2300-T111249.99,DELTA,58,1014,61,100,1094,yes,53,-100
2025-05-22T20:05:23.816750,KXBTCD-25MAY2300-T111249.99,DELTA,58,1014,65,1000,1095,no,39,-100
2025-05-22T20:05:27.120492,KXBTCD-25MAY2300-T111249.99,DELTA,58,1014,65,1000,1096,yes,53,100
