timestamp,market_ticker,type,yes_bid_price_cents,yes_bid_qty,yes_ask_price_cents,yes_ask_qty_on_no_side,sequence_num,delta_side,delta_price_cents,delta_quantity
2025-05-21T13:01:52.375409,KXBTCD-25MAY2117-T108499.99,SNAPSHOT,57,200,67,24,1,,,
2025-05-21T13:01:52.395366,KXBTCD-25MAY2117-T108499.99,DELTA,57,200,67,24,2,no,31,1000
2025-05-21T13:01:52.415259,KXBTCD-25MAY2117-T108499.99,DELTA,57,200,67,24,3,no,30,-50
2025-05-21T13:01:52.415521,KXBTCD-25MAY2117-T108499.99,DELTA,57,200,67,24,4,no,26,50
2025-05-21T13:01:52.474995,KXBTCD-25MAY2117-T108499.99,DELTA,57,200,67,24,5,no,31,-1000
2025-05-21T13:01:52.475269,KXBTCD-25MAY2117-T108499.99,DELTA,57,200,67,24,6,no,26,-50
2025-05-21T13:01:52.475603,KXBTCD-25MAY2117-T108499.99,DELTA,57,200,67,24,7,no,32,50
2025-05-21T13:01:52.515489,KXBTCD-25MAY2117-T108499.99,DELTA,57,200,67,24,8,no,27,1000
2025-05-21T13:01:52.555944,KXBTCD-25MAY2117-T108499.99,DELTA,57,200,67,24,9,no,32,-50
2025-05-21T13:01:52.556206,KXBTCD-25MAY2117-T108499.99,DELTA,57,200,67,24,10,no,26,50
2025-05-21T13:01:52.556318,KXBTCD-25MAY2117-T108499.99,DELTA,57,200,67,24,11,no,27,-1000
2025-05-21T13:01:52.594650,KXBTCD-25MAY2117-T108499.99,DELTA,57,200,67,1024,12,no,33,1000
2025-05-21T13:01:52.634577,KXBTCD-25MAY2117-T108499.99,DELTA,57,200,67,24,13,no,33,-1000
2025-05-21T13:01:52.655505,KXBTCD-25MAY2117-T108499.99,DELTA,57,200,67,24,14,no,26,-50
2025-05-21T13:01:52.655748,KXBTCD-25MAY2117-T108499.99,DELTA,57,200,66,50,15,no,34,50
2025-05-21T13:01:52.674356,KXBTCD-25MAY2117-T108499.99,DELTA,57,200,66,50,16,no,27,1000
2025-05-21T13:01:52.715184,KXBTCD-25MAY2117-T108499.99,DELTA,57,200,66,50,17,no,27,-1000
2025-05-21T13:01:52.775238,KXBTCD-25MAY2117-T108499.99,DELTA,57,200,65,1000,18,no,35,1000
2025-05-21T13:01:52.775566,KXBTCD-25MAY2117-T108499.99,DELTA,57,200,65,1000,19,no,34,-50
2025-05-21T13:01:52.775958,KXBTCD-25MAY2117-T108499.99,DELTA,57,200,65,1000,20,no,26,50
2025-05-21T13:01:52.895521,KXBTCD-25MAY2117-T108499.99,DELTA,57,200,65,1000,21,no,26,-50
2025-05-21T13:01:52.895832,KXBTCD-25MAY2117-T108499.99,DELTA,57,200,64,50,22,no,36,50
2025-05-21T13:01:52.896197,KXBTCD-25MAY2117-T108499.99,DELTA,57,200,64,50,23,no,35,-1000
2025-05-21T13:01:52.934962,KXBTCD-25MAY2117-T108499.99,DELTA,57,200,64,50,24,no,27,1000
2025-05-21T13:01:52.955026,KXBTCD-25MAY2117-T108499.99,DELTA,57,200,67,24,25,no,36,-50
2025-05-21T13:01:52.955202,KXBTCD-25MAY2117-T108499.99,DELTA,57,200,67,24,26,no,26,50
2025-05-21T13:01:52.974404,KXBTCD-25MAY2117-T108499.99,DELTA,57,200,67,24,27,no,27,-1000
2025-05-21T13:01:52.995158,KXBTCD-25MAY2117-T108499.99,DELTA,57,200,67,24,28,no,26,-50
2025-05-21T13:01:52.995409,KXBTCD-25MAY2117-T108499.99,DELTA,57,200,63,50,29,no,37,50
2025-05-21T13:01:53.015466,KXBTCD-25MAY2117-T108499.99,DELTA,57,200,63,50,30,no,27,1000
2025-05-21T13:01:53.035947,KXBTCD-25MAY2117-T108499.99,DELTA,57,200,67,24,31,no,37,-50
2025-05-21T13:01:53.036315,KXBTCD-25MAY2117-T108499.99,DELTA,57,200,67,24,32,no,26,50
2025-05-21T13:01:53.055519,KXBTCD-25MAY2117-T108499.99,DELTA,57,200,67,24,33,no,27,-1000
2025-05-21T13:01:53.055818,KXBTCD-25MAY2117-T108499.99,DELTA,57,200,67,24,34,no,29,-9
2025-05-21T13:01:53.074855,KXBTCD-25MAY2117-T108499.99,DELTA,57,200,67,24,35,no,28,9
2025-05-21T13:01:53.095877,KXBTCD-25MAY2117-T108499.99,DELTA,57,200,67,24,36,no,26,-50
2025-05-21T13:01:53.096222,KXBTCD-25MAY2117-T108499.99,DELTA,57,200,62,50,37,no,38,50
2025-05-21T13:01:53.096309,KXBTCD-25MAY2117-T108499.99,DELTA,57,200,62,1050,38,no,38,1000
2025-05-21T13:01:53.114076,KXBTCD-25MAY2117-T108499.99,DELTA,57,200,62,1050,39,yes,10,-3240
2025-05-21T13:01:53.114343,KXBTCD-25MAY2117-T108499.99,DELTA,57,200,62,1050,40,yes,12,2700
2025-05-21T13:01:53.134684,KXBTCD-25MAY2117-T108499.99,DELTA,57,200,62,50,41,no,38,-1000
2025-05-21T13:01:53.134915,KXBTCD-25MAY2117-T108499.99,DELTA,57,200,67,24,42,no,38,-50
2025-05-21T13:01:53.134985,KXBTCD-25MAY2117-T108499.99,DELTA,57,200,67,24,43,no,26,50
2025-05-21T13:01:53.174408,KXBTCD-25MAY2117-T108499.99,DELTA,57,200,67,24,44,yes,11,-20000
2025-05-21T13:01:53.174658,KXBTCD-25MAY2117-T108499.99,DELTA,57,200,61,1000,45,no,39,1000
2025-05-21T13:01:53.194538,KXBTCD-25MAY2117-T108499.99,DELTA,57,200,61,1000,46,no,26,-50
2025-05-21T13:01:53.194714,KXBTCD-25MAY2117-T108499.99,DELTA,57,200,61,1050,47,no,39,50
2025-05-21T13:01:53.215119,KXBTCD-25MAY2117-T108499.99,DELTA,57,200,61,50,48,no,39,-1000
2025-05-21T13:01:53.215386,KXBTCD-25MAY2117-T108499.99,DELTA,57,200,61,50,49,yes,5,20000
2025-05-21T13:01:53.234715,KXBTCD-25MAY2117-T108499.99,DELTA,57,200,67,24,50,no,39,-50
2025-05-21T13:01:53.234931,KXBTCD-25MAY2117-T108499.99,DELTA,57,200,60,50,51,no,40,50
2025-05-21T13:01:53.235020,KXBTCD-25MAY2117-T108499.99,DELTA,57,200,60,50,52,yes,56,100
2025-05-21T13:01:53.256576,KXBTCD-25MAY2117-T108499.99,DELTA,57,200,60,50,53,no,36,100
2025-05-21T13:01:53.275110,KXBTCD-25MAY2117-T108499.99,DELTA,57,200,60,1050,54,no,40,1000
2025-05-21T13:01:53.295476,KXBTCD-25MAY2117-T108499.99,DELTA,57,200,60,1000,55,no,40,-50
2025-05-21T13:01:53.295669,KXBTCD-25MAY2117-T108499.99,DELTA,57,200,60,1000,56,no,26,50
2025-05-21T13:01:53.314840,KXBTCD-25MAY2117-T108499.99,DELTA,57,200,64,100,57,no,40,-1000
2025-05-21T13:01:53.353879,KXBTCD-25MAY2117-T108499.99,DELTA,57,200,64,100,58,no,26,-50
2025-05-21T13:01:53.354154,KXBTCD-25MAY2117-T108499.99,DELTA,57,200,59,50,59,no,41,50
2025-05-21T13:01:53.354264,KXBTCD-25MAY2117-T108499.99,DELTA,57,200,59,1050,60,no,41,1000
2025-05-21T13:01:53.394121,KXBTCD-25MAY2117-T108499.99,DELTA,57,200,59,50,61,no,41,-1000
2025-05-21T13:01:53.414512,KXBTCD-25MAY2117-T108499.99,DELTA,57,200,64,100,62,no,41,-50
2025-05-21T13:01:53.414753,KXBTCD-25MAY2117-T108499.99,DELTA,57,200,58,50,63,no,42,50
2025-05-21T13:01:53.434808,KXBTCD-25MAY2117-T108499.99,DELTA,57,200,58,50,64,yes,56,-100
2025-05-21T13:01:53.454748,KXBTCD-25MAY2117-T108499.99,DELTA,57,200,58,50,65,no,41,1000
2025-05-21T13:01:53.495255,KXBTCD-25MAY2117-T108499.99,DELTA,57,200,59,1000,66,no,42,-50
2025-05-21T13:01:53.495533,KXBTCD-25MAY2117-T108499.99,DELTA,57,200,59,1000,67,no,37,50
2025-05-21T13:01:53.515002,KXBTCD-25MAY2117-T108499.99,DELTA,57,200,63,50,68,no,41,-1000
2025-05-21T13:01:53.560638,KXBTCD-25MAY2117-T108499.99,DELTA,57,200,62,1000,69,no,38,1000
2025-05-21T13:01:53.561913,KXBTCD-25MAY2117-T108499.99,DELTA,57,200,62,1000,70,no,37,-50
2025-05-21T13:01:53.562798,KXBTCD-25MAY2117-T108499.99,DELTA,57,200,58,50,71,no,42,50
2025-05-21T13:01:53.615641,KXBTCD-25MAY2117-T108499.99,DELTA,57,200,62,1000,72,no,42,-50
2025-05-21T13:01:53.616265,KXBTCD-25MAY2117-T108499.99,DELTA,57,200,61,50,73,no,39,50
2025-05-21T13:01:53.616988,KXBTCD-25MAY2117-T108499.99,DELTA,57,200,61,50,74,no,38,-1000
2025-05-21T13:01:53.654851,KXBTCD-25MAY2117-T108499.99,DELTA,57,200,61,50,75,no,37,1000
2025-05-21T13:01:53.674420,KXBTCD-25MAY2117-T108499.99,DELTA,57,200,63,1000,76,no,39,-50
2025-05-21T13:01:53.674611,KXBTCD-25MAY2117-T108499.99,DELTA,57,200,63,1050,77,no,37,50
2025-05-21T13:01:53.714548,KXBTCD-25MAY2117-T108499.99,DELTA,57,200,63,50,78,no,37,-1000
2025-05-21T13:01:53.754661,KXBTCD-25MAY2117-T108499.99,DELTA,57,200,62,1000,79,no,38,1000
2025-05-21T13:01:53.774888,KXBTCD-25MAY2117-T108499.99,DELTA,57,200,62,1000,80,no,37,-50
2025-05-21T13:01:53.775146,KXBTCD-25MAY2117-T108499.99,DELTA,57,200,62,1050,81,no,38,50
2025-05-21T13:01:53.834710,KXBTCD-25MAY2117-T108499.99,DELTA,57,200,62,1000,82,no,38,-50
2025-05-21T13:01:53.834895,KXBTCD-25MAY2117-T108499.99,DELTA,57,200,61,50,83,no,39,50
2025-05-21T13:01:53.834977,KXBTCD-25MAY2117-T108499.99,DELTA,57,200,61,50,84,no,26,9
2025-05-21T13:01:53.835035,KXBTCD-25MAY2117-T108499.99,DELTA,57,200,61,50,85,no,38,-1000
2025-05-21T13:01:53.876401,KXBTCD-25MAY2117-T108499.99,DELTA,57,200,61,1050,86,no,39,1000
2025-05-21T13:01:53.894526,KXBTCD-25MAY2117-T108499.99,DELTA,57,200,61,1050,87,yes,12,-2700
2025-05-21T13:01:53.894661,KXBTCD-25MAY2117-T108499.99,DELTA,57,200,61,1050,88,yes,6,5400
2025-05-21T13:01:53.895862,KXBTCD-25MAY2117-T108499.99,DELTA,57,200,61,1000,89,no,39,-50
2025-05-21T13:01:53.895951,KXBTCD-25MAY2117-T108499.99,DELTA,57,200,61,1000,90,no,37,50
2025-05-21T13:01:53.914187,KXBTCD-25MAY2117-T108499.99,DELTA,57,200,61,1000,91,no,28,-9
2025-05-21T13:01:53.934705,KXBTCD-25MAY2117-T108499.99,DELTA,57,200,63,50,92,no,39,-1000
2025-05-21T13:01:53.954129,KXBTCD-25MAY2117-T108499.99,DELTA,57,200,64,100,93,no,37,-50
2025-05-21T13:01:53.954258,KXBTCD-25MAY2117-T108499.99,DELTA,57,200,60,50,94,no,40,50
2025-05-21T13:01:53.954321,KXBTCD-25MAY2117-T108499.99,DELTA,57,200,60,53,95,no,40,3
2025-05-21T13:01:53.975093,KXBTCD-25MAY2117-T108499.99,DELTA,57,200,60,53,96,yes,5,-20000
2025-05-21T13:01:53.975166,KXBTCD-25MAY2117-T108499.99,DELTA,57,200,60,53,97,no,38,1000
2025-05-21T13:01:53.993823,KXBTCD-25MAY2117-T108499.99,DELTA,57,200,60,3,98,no,40,-50
2025-05-21T13:01:53.993906,KXBTCD-25MAY2117-T108499.99,DELTA,57,200,60,3,99,no,37,50
2025-05-21T13:01:54.015068,KXBTCD-25MAY2117-T108499.99,DELTA,57,200,60,3,100,no,38,-1000
2025-05-21T13:01:54.015263,KXBTCD-25MAY2117-T108499.99,DELTA,57,200,60,3,101,yes,7,20000
2025-05-21T13:01:54.035545,KXBTCD-25MAY2117-T108499.99,DELTA,57,200,60,3,102,no,37,-50
2025-05-21T13:01:54.035722,KXBTCD-25MAY2117-T108499.99,DELTA,57,200,59,50,103,no,41,50
2025-05-21T13:01:54.059770,KXBTCD-25MAY2117-T108499.99,DELTA,57,200,59,50,104,no,38,1000
2025-05-21T13:01:54.094585,KXBTCD-25MAY2117-T108499.99,DELTA,57,200,60,3,105,no,41,-50
2025-05-21T13:01:54.094776,KXBTCD-25MAY2117-T108499.99,DELTA,57,200,60,3,106,no,37,50
2025-05-21T13:01:54.115439,KXBTCD-25MAY2117-T108499.99,DELTA,57,200,60,3,107,no,38,-1000
2025-05-21T13:01:54.154338,KXBTCD-25MAY2117-T108499.99,DELTA,57,200,60,3,108,no,37,-50
2025-05-21T13:01:54.154818,KXBTCD-25MAY2117-T108499.99,DELTA,57,200,60,3,109,no,39,50
2025-05-21T13:01:54.155063,KXBTCD-25MAY2117-T108499.99,DELTA,57,200,60,3,110,no,38,1000
2025-05-21T13:01:54.194002,KXBTCD-25MAY2117-T108499.99,DELTA,57,200,60,3,111,yes,56,100
2025-05-21T13:01:54.216679,KXBTCD-25MAY2117-T108499.99,DELTA,57,200,60,3,112,no,38,-1000
2025-05-21T13:01:54.275755,KXBTCD-25MAY2117-T108499.99,DELTA,57,200,60,1003,113,no,40,1000
2025-05-21T13:01:54.296770,KXBTCD-25MAY2117-T108499.99,DELTA,57,200,60,1003,114,no,39,-50
2025-05-21T13:01:54.297724,KXBTCD-25MAY2117-T108499.99,DELTA,57,200,60,1003,115,no,37,50
2025-05-21T13:01:54.355977,KXBTCD-25MAY2117-T108499.99,DELTA,57,200,60,3,116,no,40,-1000
2025-05-21T13:01:54.356817,KXBTCD-25MAY2117-T108499.99,DELTA,57,200,60,3,117,no,37,-50
2025-05-21T13:01:54.357543,KXBTCD-25MAY2117-T108499.99,DELTA,57,200,59,50,118,no,41,50
2025-05-21T13:01:54.395022,KXBTCD-25MAY2117-T108499.99,DELTA,57,200,59,50,119,no,38,1000
2025-05-21T13:01:54.436723,KXBTCD-25MAY2117-T108499.99,DELTA,57,200,60,3,120,no,41,-50
2025-05-21T13:01:54.437496,KXBTCD-25MAY2117-T108499.99,DELTA,57,200,60,3,121,no,37,50
2025-05-21T13:01:54.437889,KXBTCD-25MAY2117-T108499.99,DELTA,57,200,60,3,122,yes,56,-100
2025-05-21T13:01:54.438160,KXBTCD-25MAY2117-T108499.99,DELTA,57,200,60,3,123,no,38,-1000
2025-05-21T13:01:54.495713,KXBTCD-25MAY2117-T108499.99,DELTA,57,200,59,1000,124,no,41,1000
2025-05-21T13:01:54.536600,KXBTCD-25MAY2117-T108499.99,DELTA,57,200,60,3,125,no,41,-1000
2025-05-21T13:01:54.556115,KXBTCD-25MAY2117-T108499.99,DELTA,57,200,60,3,126,no,37,-50
2025-05-21T13:01:54.557217,KXBTCD-25MAY2117-T108499.99,DELTA,57,200,58,50,127,no,42,50
2025-05-21T13:01:54.575042,KXBTCD-25MAY2117-T108499.99,DELTA,57,200,58,50,128,no,38,1000
2025-05-21T13:01:54.595789,KXBTCD-25MAY2117-T108499.99,DELTA,57,200,60,3,129,no,42,-50
2025-05-21T13:01:54.596885,KXBTCD-25MAY2117-T108499.99,DELTA,57,200,60,3,130,no,37,50
2025-05-21T13:01:54.635379,KXBTCD-25MAY2117-T108499.99,DELTA,57,200,60,3,131,no,38,-1000
2025-05-21T13:01:54.655293,KXBTCD-25MAY2117-T108499.99,DELTA,57,200,60,3,132,no,26,-9
2025-05-21T13:01:54.676054,KXBTCD-25MAY2117-T108499.99,DELTA,57,200,60,3,133,no,37,-50
2025-05-21T13:01:54.676878,KXBTCD-25MAY2117-T108499.99,DELTA,57,200,60,3,134,no,39,50
2025-05-21T13:01:54.677450,KXBTCD-25MAY2117-T108499.99,DELTA,57,200,60,3,135,no,38,1000
2025-05-21T13:01:54.715593,KXBTCD-25MAY2117-T108499.99,DELTA,57,200,60,3,136,no,39,-50
2025-05-21T13:01:54.716206,KXBTCD-25MAY2117-T108499.99,DELTA,57,200,60,3,137,no,37,50
2025-05-21T13:01:54.735812,KXBTCD-25MAY2117-T108499.99,DELTA,57,200,60,3,138,no,38,-1000
2025-05-21T13:01:54.774431,KXBTCD-25MAY2117-T108499.99,DELTA,57,200,60,1003,139,no,40,1000
2025-05-21T13:01:54.794695,KXBTCD-25MAY2117-T108499.99,DELTA,57,200,60,3,140,no,40,-1000
2025-05-21T13:01:54.835667,KXBTCD-25MAY2117-T108499.99,DELTA,57,200,60,3,141,no,37,-50
2025-05-21T13:01:54.836405,KXBTCD-25MAY2117-T108499.99,DELTA,57,200,59,50,142,no,41,50
2025-05-21T13:01:54.856896,KXBTCD-25MAY2117-T108499.99,DELTA,57,200,59,50,143,no,38,1000
2025-05-21T13:01:54.895953,KXBTCD-25MAY2117-T108499.99,DELTA,57,200,60,3,144,no,41,-50
2025-05-21T13:01:54.896186,KXBTCD-25MAY2117-T108499.99,DELTA,57,200,60,3,145,no,37,50
2025-05-21T13:01:54.896296,KXBTCD-25MAY2117-T108499.99,DELTA,57,200,60,3,146,no,38,-1000
2025-05-21T13:01:54.954488,KXBTCD-25MAY2117-T108499.99,DELTA,57,200,59,1000,147,no,41,1000
2025-05-21T13:01:54.995528,KXBTCD-25MAY2117-T108499.99,DELTA,57,200,60,3,148,no,41,-1000
2025-05-21T13:01:55.015358,KXBTCD-25MAY2117-T108499.99,DELTA,57,200,60,3,149,no,37,-50
2025-05-21T13:01:55.015866,KXBTCD-25MAY2117-T108499.99,DELTA,57,200,58,50,150,no,42,50
2025-05-21T13:01:55.055200,KXBTCD-25MAY2117-T108499.99,DELTA,57,200,58,50,151,no,38,1000
2025-05-21T13:01:55.055848,KXBTCD-25MAY2117-T108499.99,DELTA,57,200,60,3,152,no,42,-50
2025-05-21T13:01:55.056045,KXBTCD-25MAY2117-T108499.99,DELTA,57,200,60,3,153,no,37,50
2025-05-21T13:01:55.096373,KXBTCD-25MAY2117-T108499.99,DELTA,57,200,60,3,154,no,38,-1000
2025-05-21T13:01:55.116089,KXBTCD-25MAY2117-T108499.99,DELTA,57,200,60,3,155,no,37,-50
2025-05-21T13:01:55.116897,KXBTCD-25MAY2117-T108499.99,DELTA,57,200,60,3,156,no,39,50
2025-05-21T13:01:55.156728,KXBTCD-25MAY2117-T108499.99,DELTA,57,200,60,3,157,no,38,1000
2025-05-21T13:01:55.176408,KXBTCD-25MAY2117-T108499.99,DELTA,57,200,60,3,158,no,39,-50
2025-05-21T13:01:55.177147,KXBTCD-25MAY2117-T108499.99,DELTA,57,200,60,3,159,no,37,50
2025-05-21T13:01:55.195956,KXBTCD-25MAY2117-T108499.99,DELTA,57,200,60,3,160,no,38,-1000
2025-05-21T13:01:55.214867,KXBTCD-25MAY2117-T108499.99,DELTA,57,200,60,3,161,no,37,-50
2025-05-21T13:01:55.215742,KXBTCD-25MAY2117-T108499.99,DELTA,57,200,60,53,162,no,40,50
2025-05-21T13:01:55.235586,KXBTCD-25MAY2117-T108499.99,DELTA,57,200,60,1053,163,no,40,1000
2025-05-21T13:01:55.254832,KXBTCD-25MAY2117-T108499.99,DELTA,57,200,60,1003,164,no,40,-50
2025-05-21T13:01:55.255683,KXBTCD-25MAY2117-T108499.99,DELTA,57,200,60,1003,165,no,37,50
2025-05-21T13:01:55.356593,KXBTCD-25MAY2117-T108499.99,DELTA,57,200,60,3,166,no,40,-1000
2025-05-21T13:01:55.357321,KXBTCD-25MAY2117-T108499.99,DELTA,57,200,60,3,167,no,37,-50
2025-05-21T13:01:55.357642,KXBTCD-25MAY2117-T108499.99,DELTA,57,200,59,50,168,no,41,50
2025-05-21T13:01:55.357905,KXBTCD-25MAY2117-T108499.99,DELTA,57,200,59,50,169,yes,49,-24
2025-05-21T13:01:55.376456,KXBTCD-25MAY2117-T108499.99,DELTA,57,200,59,50,170,yes,51,24
2025-05-21T13:01:55.377172,KXBTCD-25MAY2117-T108499.99,DELTA,57,200,59,50,171,no,33,-24
2025-05-21T13:01:55.377720,KXBTCD-25MAY2117-T108499.99,DELTA,57,200,59,50,172,no,32,24
2025-05-21T13:01:55.415618,KXBTCD-25MAY2117-T108499.99,DELTA,57,200,59,50,173,no,38,1000
2025-05-21T13:01:55.416434,KXBTCD-25MAY2117-T108499.99,DELTA,57,200,60,3,174,no,41,-50
2025-05-21T13:01:55.417128,KXBTCD-25MAY2117-T108499.99,DELTA,57,200,60,3,175,no,37,50
2025-05-21T13:01:55.455968,KXBTCD-25MAY2117-T108499.99,DELTA,57,200,60,3,176,no,38,-1000
2025-05-21T13:01:55.457789,KXBTCD-25MAY2117-T108499.99,DELTA,57,200,60,3,177,no,25,-5
2025-05-21T13:01:55.458765,KXBTCD-25MAY2117-T108499.99,DELTA,57,200,60,3,178,no,24,5
2025-05-21T13:01:55.476411,KXBTCD-25MAY2117-T108499.99,DELTA,57,200,60,3,179,no,37,-50
2025-05-21T13:01:55.477120,KXBTCD-25MAY2117-T108499.99,DELTA,57,200,60,3,180,no,39,50
2025-05-21T13:01:55.496374,KXBTCD-25MAY2117-T108499.99,DELTA,57,200,60,3,181,yes,44,-4
2025-05-21T13:01:55.497403,KXBTCD-25MAY2117-T108499.99,DELTA,57,200,60,3,182,yes,45,4
2025-05-21T13:01:55.498129,KXBTCD-25MAY2117-T108499.99,DELTA,57,200,60,3,183,no,38,1000
2025-05-21T13:01:55.515740,KXBTCD-25MAY2117-T108499.99,DELTA,57,200,60,3,184,yes,55,-50
2025-05-21T13:01:55.516372,KXBTCD-25MAY2117-T108499.99,DELTA,57,200,60,3,185,yes,56,50
2025-05-21T13:01:55.516892,KXBTCD-25MAY2117-T108499.99,DELTA,57,200,60,3,186,no,39,-50
2025-05-21T13:01:55.517399,KXBTCD-25MAY2117-T108499.99,DELTA,57,200,60,3,187,no,37,50
2025-05-21T13:01:55.555348,KXBTCD-25MAY2117-T108499.99,DELTA,57,200,60,3,188,no,38,-1000
2025-05-21T13:01:55.555969,KXBTCD-25MAY2117-T108499.99,DELTA,56,50,60,3,189,yes,57,-200
2025-05-21T13:01:55.556433,KXBTCD-25MAY2117-T108499.99,DELTA,56,50,60,3,190,no,24,-500
2025-05-21T13:01:55.556984,KXBTCD-25MAY2117-T108499.99,DELTA,56,50,60,3,191,no,37,-50
2025-05-21T13:01:55.557462,KXBTCD-25MAY2117-T108499.99,DELTA,56,50,60,53,192,no,40,50
2025-05-21T13:01:55.595789,KXBTCD-25MAY2117-T108499.99,DELTA,56,50,60,53,193,no,38,1000
2025-05-21T13:01:55.616482,KXBTCD-25MAY2117-T108499.99,DELTA,56,50,60,53,194,no,25,-2000
2025-05-21T13:01:55.617210,KXBTCD-25MAY2117-T108499.99,DELTA,56,50,60,3,195,no,40,-50
2025-05-21T13:01:55.618078,KXBTCD-25MAY2117-T108499.99,DELTA,56,50,60,3,196,no,37,50
2025-05-21T13:01:55.635710,KXBTCD-25MAY2117-T108499.99,DELTA,56,50,60,3,197,no,25,-1250
2025-05-21T13:01:55.655333,KXBTCD-25MAY2117-T108499.99,DELTA,59,100,60,3,198,yes,59,100
2025-05-21T13:01:55.656239,KXBTCD-25MAY2117-T108499.99,DELTA,59,100,60,3,199,no,23,500
2025-05-21T13:01:55.714583,KXBTCD-25MAY2117-T108499.99,DELTA,59,50,60,3,200,yes,59,-50
2025-05-21T13:01:55.715190,KXBTCD-25MAY2117-T108499.99,DELTA,59,50,60,3,201,no,37,-50
2025-05-21T13:01:55.776961,KXBTCD-25MAY2117-T108499.99,DELTA,59,50,60,3,202,no,11,2000
2025-05-21T13:01:55.777534,KXBTCD-25MAY2117-T108499.99,DELTA,59,50,60,3,203,no,24,1250
2025-05-21T13:01:55.777865,KXBTCD-25MAY2117-T108499.99,DELTA,59,50,60,3,204,yes,56,-50
2025-05-21T13:01:55.778191,KXBTCD-25MAY2117-T108499.99,DELTA,59,50,60,3,205,no,38,-1000
2025-05-21T13:01:55.835145,KXBTCD-25MAY2117-T108499.99,DELTA,59,50,60,3,206,no,37,1000
2025-05-21T13:01:55.835641,KXBTCD-25MAY2117-T108499.99,DELTA,59,50,60,3,207,no,11,-2000
2025-05-21T13:01:55.896526,KXBTCD-25MAY2117-T108499.99,DELTA,59,50,60,3,208,yes,57,100
2025-05-21T13:01:55.916238,KXBTCD-25MAY2117-T108499.99,DELTA,59,50,60,3,209,no,24,2000
2025-05-21T13:01:55.974596,KXBTCD-25MAY2117-T108499.99,DELTA,59,50,60,3,210,no,24,-5
2025-05-21T13:01:55.975161,KXBTCD-25MAY2117-T108499.99,DELTA,59,50,60,3,211,no,23,5
2025-05-21T13:01:55.976587,KXBTCD-25MAY2117-T108499.99,DELTA,57,100,60,3,212,yes,59,-50
2025-05-21T13:01:55.977721,KXBTCD-25MAY2117-T108499.99,DELTA,57,100,60,3,213,yes,6,-5400
2025-05-21T13:01:55.978319,KXBTCD-25MAY2117-T108499.99,DELTA,57,100,60,3,214,yes,8,4050
2025-05-21T13:01:55.995030,KXBTCD-25MAY2117-T108499.99,DELTA,57,100,60,3,215,yes,45,-4
2025-05-21T13:01:55.995665,KXBTCD-25MAY2117-T108499.99,DELTA,57,100,60,3,216,yes,46,4
2025-05-21T13:01:56.035888,KXBTCD-25MAY2117-T108499.99,DELTA,57,100,60,3,217,yes,7,-20000
2025-05-21T13:01:56.036712,KXBTCD-25MAY2117-T108499.99,DELTA,57,100,60,3,218,no,38,25
2025-05-21T13:01:56.037440,KXBTCD-25MAY2117-T108499.99,DELTA,59,150,60,3,219,yes,59,150
2025-05-21T13:01:56.055323,KXBTCD-25MAY2117-T108499.99,DELTA,59,150,60,3,220,yes,57,50
2025-05-21T13:01:56.116249,KXBTCD-25MAY2117-T108499.99,DELTA,59,150,60,3,221,no,38,-25
2025-05-21T13:01:56.117507,KXBTCD-25MAY2117-T108499.99,DELTA,59,150,60,3,222,yes,9,20000
2025-05-21T13:01:56.118061,KXBTCD-25MAY2117-T108499.99,DELTA,59,150,60,3,223,yes,57,-50
2025-05-21T13:01:56.118495,KXBTCD-25MAY2117-T108499.99,DELTA,59,150,60,3,224,yes,57,-100
2025-05-21T13:01:56.136058,KXBTCD-25MAY2117-T108499.99,DELTA,59,150,60,3,225,no,36,-100
2025-05-21T13:01:56.154855,KXBTCD-25MAY2117-T108499.99,DELTA,59,150,60,3,226,yes,52,9
2025-05-21T13:01:56.155401,KXBTCD-25MAY2117-T108499.99,DELTA,59,150,60,3,227,yes,32,-9
2025-05-21T13:01:56.256215,KXBTCD-25MAY2117-T108499.99,DELTA,59,150,60,3,228,no,37,-1000
2025-05-21T13:01:56.416407,KXBTCD-25MAY2117-T108499.99,DELTA,59,150,60,3,229,no,24,1000
2025-05-21T13:01:57.116225,KXBTCD-25MAY2117-T108499.99,DELTA,59,150,60,3,230,no,34,100
2025-05-21T13:01:57.117041,KXBTCD-25MAY2117-T108499.99,DELTA,59,150,60,3,231,yes,58,100
2025-05-21T13:01:57.117380,KXBTCD-25MAY2117-T108499.99,DELTA,59,150,60,3,232,no,24,-1000
2025-05-21T13:01:57.135104,KXBTCD-25MAY2117-T108499.99,DELTA,59,150,60,3,233,no,25,9
2025-05-21T13:01:57.156419,KXBTCD-25MAY2117-T108499.99,DELTA,59,150,60,3,234,yes,57,50
2025-05-21T13:01:57.157199,KXBTCD-25MAY2117-T108499.99,DELTA,59,150,60,3,235,no,35,1000
2025-05-21T13:01:57.157737,KXBTCD-25MAY2117-T108499.99,DELTA,59,150,60,3,236,no,35,25
2025-05-21T13:01:57.197647,KXBTCD-25MAY2117-T108499.99,DELTA,59,150,60,3,237,no,35,-25
2025-05-21T13:01:57.198644,KXBTCD-25MAY2117-T108499.99,DELTA,59,150,60,3,238,yes,57,-50
2025-05-21T13:01:57.199311,KXBTCD-25MAY2117-T108499.99,DELTA,59,150,60,3,239,yes,53,24
2025-05-21T13:01:57.199791,KXBTCD-25MAY2117-T108499.99,DELTA,59,150,60,3,240,yes,51,-24
2025-05-21T13:01:57.215659,KXBTCD-25MAY2117-T108499.99,DELTA,59,150,60,3,241,no,32,-24
2025-05-21T13:01:57.216280,KXBTCD-25MAY2117-T108499.99,DELTA,59,150,60,3,242,no,30,24
2025-05-21T13:01:57.374997,KXBTCD-25MAY2117-T108499.99,DELTA,59,150,60,3,243,no,20,-100
2025-05-21T13:01:57.375768,KXBTCD-25MAY2117-T108499.99,DELTA,59,150,60,3,244,no,25,100
2025-05-21T13:01:57.615935,KXBTCD-25MAY2117-T108499.99,DELTA,59,150,60,3,245,yes,58,-100
2025-05-21T13:01:57.691510,KXBTCD-25MAY2117-T108499.99,DELTA,59,150,60,3,246,yes,8,-4050
2025-05-21T13:01:57.692478,KXBTCD-25MAY2117-T108499.99,DELTA,59,150,60,3,247,yes,10,3240
2025-05-21T13:01:57.715725,KXBTCD-25MAY2117-T108499.99,DELTA,59,150,60,3,248,no,1,-32400
2025-05-21T13:01:57.716664,KXBTCD-25MAY2117-T108499.99,DELTA,59,150,60,3,249,no,2,16200
2025-05-21T13:01:57.755491,KXBTCD-25MAY2117-T108499.99,DELTA,59,150,60,3,250,yes,9,-20000
2025-05-21T13:01:57.794538,KXBTCD-25MAY2117-T108499.99,DELTA,59,150,60,3,251,no,2,-20000
2025-05-21T13:01:57.847362,KXBTCD-25MAY2117-T108499.99,DELTA,59,150,60,3,252,yes,11,20000
2025-05-21T13:01:57.878348,KXBTCD-25MAY2117-T108499.99,DELTA,59,150,60,3,253,no,3,20000
2025-05-21T13:01:57.915842,KXBTCD-25MAY2117-T108499.99,DELTA,59,150,60,3,254,yes,52,-9
2025-05-21T13:01:57.916770,KXBTCD-25MAY2117-T108499.99,DELTA,59,150,60,3,255,yes,54,9
2025-05-21T13:01:57.937417,KXBTCD-25MAY2117-T108499.99,DELTA,59,150,60,3,256,no,25,-9
2025-05-21T13:01:58.236200,KXBTCD-25MAY2117-T108499.99,DELTA,59,150,60,3,257,yes,57,50
2025-05-21T13:01:58.275552,KXBTCD-25MAY2117-T108499.99,DELTA,59,150,60,3,258,no,36,25
2025-05-21T13:01:58.475836,KXBTCD-25MAY2117-T108499.99,DELTA,59,250,60,3,259,yes,59,100
2025-05-21T13:01:58.553949,KXBTCD-25MAY2117-T108499.99,DELTA,59,250,60,3,260,yes,10,-3240
2025-05-21T13:01:58.554476,KXBTCD-25MAY2117-T108499.99,DELTA,59,250,60,3,261,yes,12,2700
2025-05-21T13:01:58.596153,KXBTCD-25MAY2117-T108499.99,DELTA,59,250,60,3,262,no,2,-16200
2025-05-21T13:01:58.596996,KXBTCD-25MAY2117-T108499.99,DELTA,59,250,60,3,263,no,1,32400
2025-05-21T13:01:58.615327,KXBTCD-25MAY2117-T108499.99,DELTA,59,250,60,3,264,yes,11,-20000
2025-05-21T13:01:58.675340,KXBTCD-25MAY2117-T108499.99,DELTA,59,250,60,3,265,yes,54,-9
2025-05-21T13:01:58.675675,KXBTCD-25MAY2117-T108499.99,DELTA,59,250,60,3,266,yes,32,9
2025-05-21T13:01:58.675922,KXBTCD-25MAY2117-T108499.99,DELTA,59,250,60,3,267,no,3,-20000
2025-05-21T13:01:58.676075,KXBTCD-25MAY2117-T108499.99,DELTA,59,250,60,3,268,yes,5,20000
2025-05-21T13:01:58.714189,KXBTCD-25MAY2117-T108499.99,DELTA,59,250,60,3,269,no,2,20000
2025-05-21T13:01:59.435242,KXBTCD-25MAY2117-T108499.99,DELTA,59,250,60,3,270,yes,12,-2700
2025-05-21T13:01:59.436480,KXBTCD-25MAY2117-T108499.99,DELTA,59,250,60,3,271,yes,6,5400
2025-05-21T13:01:59.499275,KXBTCD-25MAY2117-T108499.99,DELTA,59,250,60,3,272,no,1,-32400
2025-05-21T13:01:59.500185,KXBTCD-25MAY2117-T108499.99,DELTA,59,250,60,3,273,no,3,10800
2025-05-21T13:01:59.501125,KXBTCD-25MAY2117-T108499.99,DELTA,59,250,60,3,274,yes,5,-20000
2025-05-21T13:01:59.535162,KXBTCD-25MAY2117-T108499.99,DELTA,59,250,60,3,275,yes,7,20000
2025-05-21T13:01:59.575682,KXBTCD-25MAY2117-T108499.99,DELTA,59,250,60,3,276,no,2,-20000
2025-05-21T13:01:59.616000,KXBTCD-25MAY2117-T108499.99,DELTA,59,250,60,3,277,no,4,20000
2025-05-21T13:02:00.301515,KXBTCD-25MAY2117-T108499.99,DELTA,59,250,60,3,278,yes,6,-5400
2025-05-21T13:02:00.302615,KXBTCD-25MAY2117-T108499.99,DELTA,59,250,60,3,279,yes,8,4050
2025-05-21T13:02:00.355644,KXBTCD-25MAY2117-T108499.99,DELTA,59,250,60,3,280,yes,7,-20000
2025-05-21T13:02:00.395549,KXBTCD-25MAY2117-T108499.99,DELTA,59,250,60,3,281,yes,9,20000
2025-05-21T13:02:01.036166,KXBTCD-25MAY2117-T108499.99,DELTA,59,250,60,3,282,yes,8,-4050
2025-05-21T13:02:01.037237,KXBTCD-25MAY2117-T108499.99,DELTA,59,250,60,3,283,yes,10,3240
2025-05-21T13:02:01.096053,KXBTCD-25MAY2117-T108499.99,DELTA,59,250,60,3,284,no,3,-10800
2025-05-21T13:02:01.097109,KXBTCD-25MAY2117-T108499.99,DELTA,59,250,60,3,285,no,5,6480
2025-05-21T13:02:01.097788,KXBTCD-25MAY2117-T108499.99,DELTA,59,250,60,3,286,yes,9,-20000
2025-05-21T13:02:01.156579,KXBTCD-25MAY2117-T108499.99,DELTA,59,250,60,3,287,yes,11,20000
2025-05-21T13:02:01.157623,KXBTCD-25MAY2117-T108499.99,DELTA,59,250,60,3,288,no,4,-20000
2025-05-21T13:02:01.195935,KXBTCD-25MAY2117-T108499.99,DELTA,59,250,60,3,289,no,6,20000
2025-05-21T13:02:01.896542,KXBTCD-25MAY2117-T108499.99,DELTA,59,250,64,25,290,no,40,-3
2025-05-21T13:02:02.554490,KXBTCD-25MAY2117-T108499.99,DELTA,59,250,64,25,291,yes,31,-1000
2025-05-21T13:02:02.616008,KXBTCD-25MAY2117-T108499.99,DELTA,59,250,64,25,292,yes,30,-200
2025-05-21T13:02:02.616449,KXBTCD-25MAY2117-T108499.99,DELTA,59,250,64,25,293,yes,40,200
2025-05-21T13:02:02.635381,KXBTCD-25MAY2117-T108499.99,DELTA,59,250,64,25,294,yes,57,1000
2025-05-21T13:02:02.654705,KXBTCD-25MAY2117-T108499.99,DELTA,59,250,64,25,295,no,23,-5
2025-05-21T13:02:02.656210,KXBTCD-25MAY2117-T108499.99,DELTA,59,250,64,25,296,no,22,5
2025-05-21T13:02:02.656465,KXBTCD-25MAY2117-T108499.99,DELTA,59,250,64,25,297,no,10,-200
2025-05-21T13:02:02.658722,KXBTCD-25MAY2117-T108499.99,DELTA,59,250,64,25,298,yes,46,-4
2025-05-21T13:02:02.659511,KXBTCD-25MAY2117-T108499.99,DELTA,59,250,64,25,299,yes,47,4
2025-05-21T13:02:02.695526,KXBTCD-25MAY2117-T108499.99,DELTA,59,250,64,25,300,yes,31,-2000
2025-05-21T13:02:02.754976,KXBTCD-25MAY2117-T108499.99,DELTA,59,250,64,25,301,yes,41,2000
2025-05-21T13:02:02.775450,KXBTCD-25MAY2117-T108499.99,DELTA,59,250,64,25,302,yes,32,-9
2025-05-21T13:02:02.815479,KXBTCD-25MAY2117-T108499.99,DELTA,59,250,64,25,303,yes,57,-1000
2025-05-21T13:02:02.836442,KXBTCD-25MAY2117-T108499.99,DELTA,59,100,64,25,304,yes,59,-150
2025-05-21T13:02:02.862835,KXBTCD-25MAY2117-T108499.99,DELTA,59,100,64,25,305,no,23,-500
2025-05-21T13:02:02.863484,KXBTCD-25MAY2117-T108499.99,DELTA,59,100,64,25,306,no,22,-5
2025-05-21T13:02:02.863661,KXBTCD-25MAY2117-T108499.99,DELTA,59,100,64,25,307,no,21,5
2025-05-21T13:02:02.875812,KXBTCD-25MAY2117-T108499.99,DELTA,59,100,64,25,308,yes,47,-4
2025-05-21T13:02:02.876471,KXBTCD-25MAY2117-T108499.99,DELTA,59,100,64,25,309,yes,48,4
2025-05-21T13:02:02.896345,KXBTCD-25MAY2117-T108499.99,DELTA,59,100,64,25,310,yes,41,1000
2025-05-21T13:02:02.935724,KXBTCD-25MAY2117-T108499.99,DELTA,60,100,64,25,311,yes,60,100
2025-05-21T13:02:02.937254,KXBTCD-25MAY2117-T108499.99,DELTA,60,100,64,25,312,yes,48,-4
2025-05-21T13:02:02.937893,KXBTCD-25MAY2117-T108499.99,DELTA,60,100,64,25,313,yes,47,4
2025-05-21T13:02:02.938350,KXBTCD-25MAY2117-T108499.99,DELTA,60,100,64,25,314,no,23,500
2025-05-21T13:02:02.954410,KXBTCD-25MAY2117-T108499.99,DELTA,60,100,64,25,315,yes,10,-3240
2025-05-21T13:02:02.954713,KXBTCD-25MAY2117-T108499.99,DELTA,60,100,64,25,316,yes,12,2700
2025-05-21T13:02:02.954897,KXBTCD-25MAY2117-T108499.99,DELTA,60,100,64,25,317,no,21,-5
2025-05-21T13:02:02.955051,KXBTCD-25MAY2117-T108499.99,DELTA,60,100,64,25,318,no,22,5
2025-05-21T13:02:02.974563,KXBTCD-25MAY2117-T108499.99,DELTA,60,100,64,25,319,yes,57,-50
2025-05-21T13:02:02.975335,KXBTCD-25MAY2117-T108499.99,DELTA,60,100,64,25,320,yes,58,50
2025-05-21T13:02:02.995570,KXBTCD-25MAY2117-T108499.99,DELTA,60,100,64,25,321,no,5,-6480
2025-05-21T13:02:02.995966,KXBTCD-25MAY2117-T108499.99,DELTA,60,100,64,25,322,no,4,8100
2025-05-21T13:02:03.040417,KXBTCD-25MAY2117-T108499.99,DELTA,60,100,64,25,323,no,24,-2000
2025-05-21T13:02:03.040611,KXBTCD-25MAY2117-T108499.99,DELTA,60,100,64,25,324,no,24,-1250
2025-05-21T13:02:03.040725,KXBTCD-25MAY2117-T108499.99,DELTA,60,100,64,25,325,yes,11,-20000
2025-05-21T13:02:03.115927,KXBTCD-25MAY2117-T108499.99,DELTA,60,100,64,25,326,no,6,-20000
2025-05-21T13:02:03.116130,KXBTCD-25MAY2117-T108499.99,DELTA,60,100,64,25,327,no,24,1250
2025-05-21T13:02:03.116461,KXBTCD-25MAY2117-T108499.99,DELTA,60,100,64,25,328,no,24,2000
2025-05-21T13:02:03.176315,KXBTCD-25MAY2117-T108499.99,DELTA,60,100,64,25,329,yes,5,20000
2025-05-21T13:02:03.176506,KXBTCD-25MAY2117-T108499.99,DELTA,60,100,64,25,330,no,5,20000
2025-05-21T13:02:04.564086,KXBTCD-25MAY2117-T108499.99,DELTA,60,100,64,25,331,yes,12,-2700
2025-05-21T13:02:04.564322,KXBTCD-25MAY2117-T108499.99,DELTA,60,100,64,25,332,yes,6,5400
2025-05-21T13:02:04.564414,KXBTCD-25MAY2117-T108499.99,DELTA,60,100,64,25,333,no,4,-8100
2025-05-21T13:02:04.564478,KXBTCD-25MAY2117-T108499.99,DELTA,60,100,64,25,334,no,5,6480
2025-05-21T13:02:04.601499,KXBTCD-25MAY2117-T108499.99,DELTA,60,100,64,25,335,yes,5,-20000
2025-05-21T13:02:04.633996,KXBTCD-25MAY2117-T108499.99,DELTA,60,100,64,25,336,yes,42,9
2025-05-21T13:02:04.654538,KXBTCD-25MAY2117-T108499.99,DELTA,60,100,64,25,337,no,5,-20000
2025-05-21T13:02:04.654657,KXBTCD-25MAY2117-T108499.99,DELTA,60,100,64,25,338,yes,7,20000
2025-05-21T13:02:04.695333,KXBTCD-25MAY2117-T108499.99,DELTA,60,100,64,25,339,no,6,20000
2025-05-21T13:02:04.737238,KXBTCD-25MAY2117-T108499.99,DELTA,59,100,64,25,340,yes,60,-100
2025-05-21T13:02:04.841489,KXBTCD-25MAY2117-T108499.99,DELTA,59,300,64,25,341,yes,59,200
2025-05-21T13:02:04.841750,KXBTCD-25MAY2117-T108499.99,DELTA,59,300,64,25,342,yes,47,-4
2025-05-21T13:02:04.842141,KXBTCD-25MAY2117-T108499.99,DELTA,59,300,64,25,343,yes,46,4
2025-05-21T13:02:04.843206,KXBTCD-25MAY2117-T108499.99,DELTA,59,300,64,25,344,no,22,-5
2025-05-21T13:02:04.843340,KXBTCD-25MAY2117-T108499.99,DELTA,59,300,64,25,345,no,23,5
2025-05-21T13:02:04.877284,KXBTCD-25MAY2117-T108499.99,DELTA,59,300,64,25,346,yes,58,-50
2025-05-21T13:02:04.877472,KXBTCD-25MAY2117-T108499.99,DELTA,59,300,64,25,347,yes,57,50
2025-05-21T13:02:05.034777,KXBTCD-25MAY2117-T108499.99,DELTA,59,300,64,25,348,yes,40,-200
2025-05-21T13:02:05.035178,KXBTCD-25MAY2117-T108499.99,DELTA,59,300,64,25,349,yes,30,200
2025-05-21T13:02:05.095170,KXBTCD-25MAY2117-T108499.99,DELTA,59,300,64,25,350,yes,41,-2000
2025-05-21T13:02:05.121393,KXBTCD-25MAY2117-T108499.99,DELTA,59,300,64,25,351,yes,41,-1000
2025-05-21T13:02:05.121672,KXBTCD-25MAY2117-T108499.99,DELTA,59,300,64,25,352,no,10,200
2025-05-21T13:02:05.173908,KXBTCD-25MAY2117-T108499.99,DELTA,59,300,64,25,353,yes,31,2000
2025-05-21T13:02:05.174048,KXBTCD-25MAY2117-T108499.99,DELTA,59,300,64,25,354,yes,31,1000
2025-05-21T13:02:05.319553,KXBTCD-25MAY2117-T108499.99,DELTA,59,300,64,25,355,yes,6,-5400
2025-05-21T13:02:05.319800,KXBTCD-25MAY2117-T108499.99,DELTA,59,300,64,25,356,yes,8,4050
2025-05-21T13:02:05.374100,KXBTCD-25MAY2117-T108499.99,DELTA,59,300,64,25,357,no,5,-6480
2025-05-21T13:02:05.374272,KXBTCD-25MAY2117-T108499.99,DELTA,59,300,64,25,358,no,4,8100
2025-05-21T13:02:05.374351,KXBTCD-25MAY2117-T108499.99,DELTA,59,300,64,25,359,yes,7,-20000
2025-05-21T13:02:05.434844,KXBTCD-25MAY2117-T108499.99,DELTA,59,300,64,25,360,yes,42,-9
2025-05-21T13:02:05.434985,KXBTCD-25MAY2117-T108499.99,DELTA,59,300,64,25,361,yes,9,20000
2025-05-21T13:02:05.435068,KXBTCD-25MAY2117-T108499.99,DELTA,59,300,64,25,362,yes,32,9
2025-05-21T13:02:05.435152,KXBTCD-25MAY2117-T108499.99,DELTA,59,300,64,25,363,no,6,-20000
2025-05-21T13:02:05.494935,KXBTCD-25MAY2117-T108499.99,DELTA,59,300,64,25,364,no,5,20000
2025-05-21T13:02:06.317010,KXBTCD-25MAY2117-T108499.99,DELTA,59,300,64,25,365,yes,53,-24
2025-05-21T13:02:06.317164,KXBTCD-25MAY2117-T108499.99,DELTA,59,300,64,25,366,yes,51,24
2025-05-21T13:02:06.317261,KXBTCD-25MAY2117-T108499.99,DELTA,59,300,64,25,367,yes,8,-4050
2025-05-21T13:02:06.317493,KXBTCD-25MAY2117-T108499.99,DELTA,59,300,64,25,368,yes,10,3240
2025-05-21T13:02:06.319147,KXBTCD-25MAY2117-T108499.99,DELTA,59,300,64,25,369,yes,46,-4
2025-05-21T13:02:06.319238,KXBTCD-25MAY2117-T108499.99,DELTA,59,300,64,25,370,yes,45,4
2025-05-21T13:02:06.418656,KXBTCD-25MAY2117-T108499.99,DELTA,59,300,64,25,371,no,23,-5
2025-05-21T13:02:06.418825,KXBTCD-25MAY2117-T108499.99,DELTA,59,300,64,25,372,no,24,5
2025-05-21T13:02:06.418929,KXBTCD-25MAY2117-T108499.99,DELTA,59,300,64,25,373,yes,9,-20000
2025-05-21T13:02:06.419021,KXBTCD-25MAY2117-T108499.99,DELTA,59,300,64,25,374,no,30,-24
2025-05-21T13:02:06.419105,KXBTCD-25MAY2117-T108499.99,DELTA,59,300,64,25,375,no,32,24
2025-05-21T13:02:06.905465,KXBTCD-25MAY2117-T108499.99,DELTA,59,100,64,25,376,yes,59,-200
2025-05-21T13:02:06.906328,KXBTCD-25MAY2117-T108499.99,DELTA,59,100,64,25,377,no,4,-8100
2025-05-21T13:02:06.906910,KXBTCD-25MAY2117-T108499.99,DELTA,59,100,64,25,378,no,5,6480
2025-05-21T13:02:06.907235,KXBTCD-25MAY2117-T108499.99,DELTA,59,100,64,25,379,yes,11,20000
2025-05-21T13:02:07.016861,KXBTCD-25MAY2117-T108499.99,DELTA,59,100,64,25,380,yes,45,-4
2025-05-21T13:02:07.017271,KXBTCD-25MAY2117-T108499.99,DELTA,59,100,64,25,381,yes,44,4
2025-05-21T13:02:07.017655,KXBTCD-25MAY2117-T108499.99,DELTA,59,100,64,25,382,no,5,-20000
2025-05-21T13:02:07.018109,KXBTCD-25MAY2117-T108499.99,DELTA,59,100,64,25,383,no,23,-500
2025-05-21T13:02:07.102065,KXBTCD-25MAY2117-T108499.99,DELTA,59,100,64,25,384,no,24,-2000
2025-05-21T13:02:07.103490,KXBTCD-25MAY2117-T108499.99,DELTA,59,100,64,25,385,no,24,-5
2025-05-21T13:02:07.104187,KXBTCD-25MAY2117-T108499.99,DELTA,59,100,64,25,386,no,25,5
2025-05-21T13:02:07.108726,KXBTCD-25MAY2117-T108499.99,DELTA,59,100,64,25,387,no,6,20000
2025-05-21T13:02:07.114997,KXBTCD-25MAY2117-T108499.99,DELTA,59,100,64,25,388,no,24,-1250
2025-05-21T13:02:07.115567,KXBTCD-25MAY2117-T108499.99,DELTA,59,100,64,25,389,yes,44,-4
2025-05-21T13:02:07.116010,KXBTCD-25MAY2117-T108499.99,DELTA,59,100,64,25,390,yes,46,4
2025-05-21T13:02:07.216072,KXBTCD-25MAY2117-T108499.99,DELTA,59,200,64,25,391,yes,59,100
2025-05-21T13:02:07.301666,KXBTCD-25MAY2117-T108499.99,DELTA,59,200,64,25,392,no,25,-5
2025-05-21T13:02:07.302461,KXBTCD-25MAY2117-T108499.99,DELTA,59,200,64,25,393,no,23,5
2025-05-21T13:02:07.303053,KXBTCD-25MAY2117-T108499.99,DELTA,59,200,64,25,394,no,11,2000
2025-05-21T13:02:07.303580,KXBTCD-25MAY2117-T108499.99,DELTA,59,200,64,25,395,yes,32,-9
2025-05-21T13:02:07.304093,KXBTCD-25MAY2117-T108499.99,DELTA,59,200,64,25,396,no,24,500
2025-05-21T13:02:07.304553,KXBTCD-25MAY2117-T108499.99,DELTA,59,200,64,25,397,yes,52,9
2025-05-21T13:02:07.498304,KXBTCD-25MAY2117-T108499.99,DELTA,59,200,64,25,398,no,25,1250
2025-05-21T13:02:07.498700,KXBTCD-25MAY2117-T108499.99,DELTA,59,200,64,25,399,no,11,-2000
2025-05-21T13:02:07.699569,KXBTCD-25MAY2117-T108499.99,DELTA,59,100,64,25,400,yes,59,-100
2025-05-21T13:02:07.699922,KXBTCD-25MAY2117-T108499.99,DELTA,59,100,64,25,401,no,25,2000
2025-05-21T13:02:07.700108,KXBTCD-25MAY2117-T108499.99,DELTA,59,100,64,25,402,no,34,-100
2025-05-21T13:02:07.894673,KXBTCD-25MAY2117-T108499.99,DELTA,59,100,64,25,403,yes,10,-3240
2025-05-21T13:02:07.895006,KXBTCD-25MAY2117-T108499.99,DELTA,59,100,64,25,404,yes,12,2700
2025-05-21T13:02:07.895320,KXBTCD-25MAY2117-T108499.99,DELTA,59,100,64,25,405,no,35,-1000
2025-05-21T13:02:08.107286,KXBTCD-25MAY2117-T108499.99,DELTA,59,100,64,25,406,no,26,1000
2025-05-21T13:02:08.107489,KXBTCD-25MAY2117-T108499.99,DELTA,59,100,64,25,407,no,5,-6480
2025-05-21T13:02:08.107602,KXBTCD-25MAY2117-T108499.99,DELTA,59,100,64,25,408,no,4,8100
2025-05-21T13:02:08.107695,KXBTCD-25MAY2117-T108499.99,DELTA,59,100,68,24,409,no,36,-25
2025-05-21T13:02:08.107779,KXBTCD-25MAY2117-T108499.99,DELTA,59,100,68,24,410,no,26,25
2025-05-21T13:02:08.107858,KXBTCD-25MAY2117-T108499.99,DELTA,59,100,68,24,411,no,26,9
2025-05-21T13:02:08.107934,KXBTCD-25MAY2117-T108499.99,DELTA,59,100,68,24,412,yes,11,-20000
2025-05-21T13:02:08.217599,KXBTCD-25MAY2117-T108499.99,DELTA,59,100,68,24,413,no,26,-25
2025-05-21T13:02:08.218077,KXBTCD-25MAY2117-T108499.99,DELTA,59,100,63,25,414,no,37,25
2025-05-21T13:02:08.218402,KXBTCD-25MAY2117-T108499.99,DELTA,59,100,63,25,415,yes,5,20000
2025-05-21T13:02:08.219078,KXBTCD-25MAY2117-T108499.99,DELTA,59,100,63,25,416,no,6,-20000
2025-05-21T13:02:08.299020,KXBTCD-25MAY2117-T108499.99,DELTA,59,100,63,25,417,no,26,-1000
2025-05-21T13:02:08.397925,KXBTCD-25MAY2117-T108499.99,DELTA,59,100,63,25,418,no,24,-500
2025-05-21T13:02:08.400141,KXBTCD-25MAY2117-T108499.99,DELTA,59,100,68,24,419,no,37,-25
2025-05-21T13:02:08.400367,KXBTCD-25MAY2117-T108499.99,DELTA,59,100,68,24,420,no,27,25
2025-05-21T13:02:08.400504,KXBTCD-25MAY2117-T108499.99,DELTA,59,100,68,24,421,no,5,20000
2025-05-21T13:02:08.501561,KXBTCD-25MAY2117-T108499.99,DELTA,59,100,68,24,422,no,26,1000
2025-05-21T13:02:08.515974,KXBTCD-25MAY2117-T108499.99,DELTA,59,100,68,24,423,no,23,500
2025-05-21T13:02:08.516893,KXBTCD-25MAY2117-T108499.99,DELTA,59,100,68,24,424,no,25,-2000
2025-05-21T13:02:08.704847,KXBTCD-25MAY2117-T108499.99,DELTA,59,100,68,24,425,no,25,-1250
2025-05-21T13:02:08.705181,KXBTCD-25MAY2117-T108499.99,DELTA,57,50,68,24,426,yes,59,-100
2025-05-21T13:02:08.895282,KXBTCD-25MAY2117-T108499.99,DELTA,57,50,68,24,427,no,24,1250
2025-05-21T13:02:08.895516,KXBTCD-25MAY2117-T108499.99,DELTA,57,50,68,24,428,no,24,2000
2025-05-21T13:02:08.895935,KXBTCD-25MAY2117-T108499.99,DELTA,60,50,68,24,429,yes,60,50
2025-05-21T13:02:08.896178,KXBTCD-25MAY2117-T108499.99,DELTA,60,50,68,24,430,no,26,-9
2025-05-21T13:02:08.995287,KXBTCD-25MAY2117-T108499.99,DELTA,60,50,68,24,431,no,28,9
2025-05-21T13:02:08.995859,KXBTCD-25MAY2117-T108499.99,DELTA,60,50,68,24,432,yes,12,-2700
2025-05-21T13:02:08.996164,KXBTCD-25MAY2117-T108499.99,DELTA,60,50,68,24,433,yes,6,5400
2025-05-21T13:02:09.096174,KXBTCD-25MAY2117-T108499.99,DELTA,57,50,68,24,434,yes,60,-50
2025-05-21T13:02:09.117007,KXBTCD-25MAY2117-T108499.99,DELTA,59,100,68,24,435,yes,59,100
2025-05-21T13:02:09.117830,KXBTCD-25MAY2117-T108499.99,DELTA,59,100,68,24,436,no,4,-8100
2025-05-21T13:02:09.118545,KXBTCD-25MAY2117-T108499.99,DELTA,59,100,68,24,437,no,5,6480
2025-05-21T13:02:09.118965,KXBTCD-25MAY2117-T108499.99,DELTA,59,100,68,24,438,no,27,-25
2025-05-21T13:02:09.119361,KXBTCD-25MAY2117-T108499.99,DELTA,59,100,68,24,439,no,29,25
2025-05-21T13:02:09.119928,KXBTCD-25MAY2117-T108499.99,DELTA,59,100,68,24,440,yes,5,-20000
2025-05-21T13:02:09.120409,KXBTCD-25MAY2117-T108499.99,DELTA,59,100,68,24,441,yes,51,-24
2025-05-21T13:02:09.120826,KXBTCD-25MAY2117-T108499.99,DELTA,59,100,68,24,442,yes,53,24
2025-05-21T13:02:09.196192,KXBTCD-25MAY2117-T108499.99,DELTA,59,100,67,100,443,no,33,100
2025-05-21T13:02:09.196846,KXBTCD-25MAY2117-T108499.99,DELTA,59,100,67,100,444,no,30,24
2025-05-21T13:02:09.197343,KXBTCD-25MAY2117-T108499.99,DELTA,59,100,67,100,445,no,32,-24
2025-05-21T13:02:09.197773,KXBTCD-25MAY2117-T108499.99,DELTA,59,100,67,100,446,no,5,-20000
2025-05-21T13:02:09.296122,KXBTCD-25MAY2117-T108499.99,DELTA,60,50,67,100,447,yes,60,50
2025-05-21T13:02:09.296824,KXBTCD-25MAY2117-T108499.99,DELTA,60,50,67,100,448,yes,7,20000
2025-05-21T13:02:09.315465,KXBTCD-25MAY2117-T108499.99,DELTA,60,50,67,100,449,yes,46,-4
2025-05-21T13:02:09.316212,KXBTCD-25MAY2117-T108499.99,DELTA,60,50,67,100,450,no,29,-25
2025-05-21T13:02:09.316370,KXBTCD-25MAY2117-T108499.99,DELTA,60,50,66,25,451,no,34,25
2025-05-21T13:02:09.316479,KXBTCD-25MAY2117-T108499.99,DELTA,60,50,66,25,452,no,6,20000
2025-05-21T13:02:09.414812,KXBTCD-25MAY2117-T108499.99,DELTA,60,50,66,25,453,no,23,-5
2025-05-21T13:02:09.415613,KXBTCD-25MAY2117-T108499.99,DELTA,60,50,66,25,454,no,22,5
2025-05-21T13:02:09.495251,KXBTCD-25MAY2117-T108499.99,DELTA,59,100,66,25,455,yes,60,-50
2025-05-21T13:02:09.497205,KXBTCD-25MAY2117-T108499.99,DELTA,59,100,64,5,456,no,36,5
2025-05-21T13:02:09.498133,KXBTCD-25MAY2117-T108499.99,DELTA,59,100,64,5,457,no,26,-1000
2025-05-21T13:02:09.498763,KXBTCD-25MAY2117-T108499.99,DELTA,59,100,64,5,458,yes,47,3
2025-05-21T13:02:09.696689,KXBTCD-25MAY2117-T108499.99,DELTA,59,100,64,5,459,no,34,1000
2025-05-21T13:02:09.697431,KXBTCD-25MAY2117-T108499.99,DELTA,59,100,64,5,460,no,28,-9
2025-05-21T13:02:09.794839,KXBTCD-25MAY2117-T108499.99,DELTA,59,100,64,5,461,yes,52,-9
2025-05-21T13:02:09.795639,KXBTCD-25MAY2117-T108499.99,DELTA,59,100,64,5,462,no,27,9
2025-05-21T13:02:09.796223,KXBTCD-25MAY2117-T108499.99,DELTA,59,100,64,5,463,yes,54,9
2025-05-21T13:02:09.819477,KXBTCD-25MAY2117-T108499.99,DELTA,60,150,64,5,464,yes,60,150
2025-05-21T13:02:09.895496,KXBTCD-25MAY2117-T108499.99,DELTA,60,150,64,5,465,yes,31,-1000
2025-05-21T13:02:09.955229,KXBTCD-25MAY2117-T108499.99,DELTA,60,150,64,5,466,yes,57,1000
2025-05-21T13:02:11.076367,KXBTCD-25MAY2117-T108499.99,DELTA,60,150,64,5,467,yes,6,-5400
2025-05-21T13:02:11.077300,KXBTCD-25MAY2117-T108499.99,DELTA,60,150,64,5,468,yes,8,4050
2025-05-21T13:02:11.136541,KXBTCD-25MAY2117-T108499.99,DELTA,60,150,64,5,469,no,5,-6480
2025-05-21T13:02:11.137198,KXBTCD-25MAY2117-T108499.99,DELTA,60,150,64,5,470,no,6,5400
2025-05-21T13:02:11.137661,KXBTCD-25MAY2117-T108499.99,DELTA,60,150,64,5,471,yes,7,-20000
2025-05-21T13:02:11.175516,KXBTCD-25MAY2117-T108499.99,DELTA,60,150,64,5,472,yes,9,20000
2025-05-21T13:02:11.196304,KXBTCD-25MAY2117-T108499.99,DELTA,60,150,64,5,473,no,6,-20000
2025-05-21T13:02:11.217801,KXBTCD-25MAY2117-T108499.99,DELTA,60,150,64,5,474,yes,54,-9
2025-05-21T13:02:11.218730,KXBTCD-25MAY2117-T108499.99,DELTA,60,150,64,5,475,no,27,-9
2025-05-21T13:02:11.235730,KXBTCD-25MAY2117-T108499.99,DELTA,60,150,64,5,476,no,7,20000
2025-05-21T13:02:11.575754,KXBTCD-25MAY2117-T108499.99,DELTA,60,150,64,5,477,yes,57,-1000
2025-05-21T13:02:11.634859,KXBTCD-25MAY2117-T108499.99,DELTA,60,150,64,5,478,yes,31,1000
2025-05-21T13:02:11.655587,KXBTCD-25MAY2117-T108499.99,DELTA,59,100,64,5,479,yes,60,-150
2025-05-21T13:02:11.694619,KXBTCD-25MAY2117-T108499.99,DELTA,59,350,64,5,480,yes,59,250
2025-05-21T13:02:11.856339,KXBTCD-25MAY2117-T108499.99,DELTA,59,350,64,5,481,no,22,-5
2025-05-21T13:02:11.856489,KXBTCD-25MAY2117-T108499.99,DELTA,59,350,64,5,482,yes,47,-3
2025-05-21T13:02:11.856560,KXBTCD-25MAY2117-T108499.99,DELTA,59,350,64,5,483,yes,46,3
2025-05-21T13:02:11.990453,KXBTCD-25MAY2117-T108499.99,DELTA,59,350,64,5,484,no,23,6
2025-05-21T13:02:11.995456,KXBTCD-25MAY2117-T108499.99,DELTA,59,350,64,5,485,yes,32,9
2025-05-21T13:02:12.488303,KXBTCD-25MAY2117-T108499.99,DELTA,59,350,64,5,486,yes,46,-3
2025-05-21T13:02:12.488925,KXBTCD-25MAY2117-T108499.99,DELTA,59,350,64,5,487,yes,45,3
2025-05-21T13:02:12.489542,KXBTCD-25MAY2117-T108499.99,DELTA,59,350,64,5,488,no,23,-6
2025-05-21T13:02:12.490195,KXBTCD-25MAY2117-T108499.99,DELTA,59,350,64,5,489,no,24,6
2025-05-21T13:02:12.661238,KXBTCD-25MAY2117-T108499.99,DELTA,59,350,64,5,490,no,24,-6
2025-05-21T13:02:12.661469,KXBTCD-25MAY2117-T108499.99,DELTA,59,350,64,5,491,no,23,6
2025-05-21T13:02:12.661771,KXBTCD-25MAY2117-T108499.99,DELTA,59,350,64,5,492,yes,45,-3
2025-05-21T13:02:12.661840,KXBTCD-25MAY2117-T108499.99,DELTA,59,350,64,5,493,yes,46,3
2025-05-21T13:02:12.686858,KXBTCD-25MAY2117-T108499.99,DELTA,59,350,64,5,494,no,33,-100
2025-05-21T13:02:12.697725,KXBTCD-25MAY2117-T108499.99,DELTA,59,100,64,5,495,yes,59,-250
2025-05-21T13:02:12.734686,KXBTCD-25MAY2117-T108499.99,DELTA,59,100,64,5,496,yes,46,-3
2025-05-21T13:02:12.734800,KXBTCD-25MAY2117-T108499.99,DELTA,59,100,64,5,497,yes,45,3
2025-05-21T13:02:12.735071,KXBTCD-25MAY2117-T108499.99,DELTA,59,100,64,5,498,no,23,-6
2025-05-21T13:02:12.735223,KXBTCD-25MAY2117-T108499.99,DELTA,59,100,64,5,499,no,24,6
2025-05-21T13:02:12.735329,KXBTCD-25MAY2117-T108499.99,DELTA,59,100,64,5,500,no,34,-1000
2025-05-21T13:02:12.754075,KXBTCD-25MAY2117-T108499.99,DELTA,59,100,64,5,501,yes,58,300
2025-05-21T13:02:12.782334,KXBTCD-25MAY2117-T108499.99,DELTA,59,100,64,5,502,yes,8,-4050
2025-05-21T13:02:12.782479,KXBTCD-25MAY2117-T108499.99,DELTA,59,100,64,5,503,yes,10,3240
2025-05-21T13:02:12.782582,KXBTCD-25MAY2117-T108499.99,DELTA,59,100,64,5,504,no,26,1000
2025-05-21T13:02:12.798507,KXBTCD-25MAY2117-T108499.99,DELTA,59,100,64,5,505,no,34,-25
2025-05-21T13:02:12.798681,KXBTCD-25MAY2117-T108499.99,DELTA,59,100,64,5,506,no,31,25
2025-05-21T13:02:12.835148,KXBTCD-25MAY2117-T108499.99,DELTA,59,100,64,5,507,no,6,-5400
2025-05-21T13:02:12.835426,KXBTCD-25MAY2117-T108499.99,DELTA,59,100,64,5,508,no,7,4628
2025-05-21T13:02:12.862976,KXBTCD-25MAY2117-T108499.99,DELTA,59,100,64,5,509,yes,9,-20000
2025-05-21T13:02:12.863243,KXBTCD-25MAY2117-T108499.99,DELTA,59,100,64,5,510,no,31,-25
2025-05-21T13:02:12.863395,KXBTCD-25MAY2117-T108499.99,DELTA,59,100,64,5,511,no,35,25
2025-05-21T13:02:12.887996,KXBTCD-25MAY2117-T108499.99,DELTA,59,100,64,5,512,no,23,-500
2025-05-21T13:02:12.888580,KXBTCD-25MAY2117-T108499.99,DELTA,59,100,64,5,513,yes,11,20000
2025-05-21T13:02:12.888757,KXBTCD-25MAY2117-T108499.99,DELTA,59,100,64,5,514,no,7,-20000
2025-05-21T13:02:12.888906,KXBTCD-25MAY2117-T108499.99,DELTA,59,100,64,5,515,no,35,-25
2025-05-21T13:02:12.889034,KXBTCD-25MAY2117-T108499.99,DELTA,59,100,64,5,516,no,31,25
2025-05-21T13:02:12.937666,KXBTCD-25MAY2117-T108499.99,DELTA,59,100,64,5,517,no,8,20000
2025-05-21T13:02:12.979155,KXBTCD-25MAY2117-T108499.99,DELTA,59,100,64,5,518,no,24,-2000
2025-05-21T13:02:12.979498,KXBTCD-25MAY2117-T108499.99,DELTA,59,100,64,5,519,no,24,-1250
2025-05-21T13:02:13.017470,KXBTCD-25MAY2117-T108499.99,DELTA,59,100,64,5,520,no,25,500
2025-05-21T13:02:13.060436,KXBTCD-25MAY2117-T108499.99,DELTA,59,100,64,5,521,no,11,2000
2025-05-21T13:02:13.114108,KXBTCD-25MAY2117-T108499.99,DELTA,59,100,64,5,522,no,26,1250
2025-05-21T13:02:13.154809,KXBTCD-25MAY2117-T108499.99,DELTA,59,100,64,5,523,no,11,-2000
2025-05-21T13:02:13.175738,KXBTCD-25MAY2117-T108499.99,DELTA,59,100,64,5,524,yes,58,-300
2025-05-21T13:02:13.235622,KXBTCD-25MAY2117-T108499.99,DELTA,59,100,64,5,525,yes,45,-3
2025-05-21T13:02:13.235932,KXBTCD-25MAY2117-T108499.99,DELTA,59,100,64,5,526,yes,44,3
2025-05-21T13:02:13.236285,KXBTCD-25MAY2117-T108499.99,DELTA,59,100,64,5,527,yes,58,50
2025-05-21T13:02:13.236452,KXBTCD-25MAY2117-T108499.99,DELTA,59,100,64,5,528,no,24,-6
2025-05-21T13:02:13.236574,KXBTCD-25MAY2117-T108499.99,DELTA,59,100,64,5,529,no,25,6
2025-05-21T13:02:13.236694,KXBTCD-25MAY2117-T108499.99,DELTA,59,100,64,5,530,no,26,2000
2025-05-21T13:02:13.275575,KXBTCD-25MAY2117-T108499.99,DELTA,59,100,64,5,531,yes,57,-50
2025-05-21T13:02:13.275907,KXBTCD-25MAY2117-T108499.99,DELTA,59,100,64,5,532,yes,56,50
2025-05-21T13:02:13.414191,KXBTCD-25MAY2117-T108499.99,DELTA,58,50,64,5,533,yes,59,-100
2025-05-21T13:02:13.456268,KXBTCD-25MAY2117-T108499.99,DELTA,58,50,64,5,534,no,35,100
2025-05-21T13:02:13.514499,KXBTCD-25MAY2117-T108499.99,DELTA,58,50,64,5,535,no,27,9
2025-05-21T13:02:13.514934,KXBTCD-25MAY2117-T108499.99,DELTA,58,50,64,5,536,no,31,-25
2025-05-21T13:02:13.515320,KXBTCD-25MAY2117-T108499.99,DELTA,58,50,64,30,537,no,36,25
2025-05-21T13:02:13.535080,KXBTCD-25MAY2117-T108499.99,DELTA,58,50,64,30,538,no,26,-1000
2025-05-21T13:02:13.596359,KXBTCD-25MAY2117-T108499.99,DELTA,58,50,64,30,539,yes,10,-3240
2025-05-21T13:02:13.596964,KXBTCD-25MAY2117-T108499.99,DELTA,58,50,64,30,540,yes,12,2700
2025-05-21T13:02:13.615208,KXBTCD-25MAY2117-T108499.99,DELTA,58,50,63,1000,541,no,37,1000
2025-05-21T13:02:13.636074,KXBTCD-25MAY2117-T108499.99,DELTA,58,50,63,1000,542,no,7,-4628
2025-05-21T13:02:13.636457,KXBTCD-25MAY2117-T108499.99,DELTA,58,50,63,1000,543,no,4,8100
2025-05-21T13:02:13.715797,KXBTCD-25MAY2117-T108499.99,DELTA,58,50,63,1000,544,no,25,-6
2025-05-21T13:02:13.716120,KXBTCD-25MAY2117-T108499.99,DELTA,58,50,63,1000,545,no,24,6
2025-05-21T13:02:13.716478,KXBTCD-25MAY2117-T108499.99,DELTA,58,50,63,1000,546,no,36,-25
2025-05-21T13:02:13.716588,KXBTCD-25MAY2117-T108499.99,DELTA,58,50,62,25,547,no,38,25
2025-05-21T13:02:13.716699,KXBTCD-25MAY2117-T108499.99,DELTA,58,50,62,25,548,yes,11,-20000
2025-05-21T13:02:13.735308,KXBTCD-25MAY2117-T108499.99,DELTA,58,50,62,25,549,no,8,-20000
2025-05-21T13:02:13.735579,KXBTCD-25MAY2117-T108499.99,DELTA,58,50,62,25,550,yes,44,-3
2025-05-21T13:02:13.735723,KXBTCD-25MAY2117-T108499.99,DELTA,58,50,62,25,551,yes,45,3
2025-05-21T13:02:13.775521,KXBTCD-25MAY2117-T108499.99,DELTA,58,50,62,25,552,yes,5,20000
2025-05-21T13:02:13.815307,KXBTCD-25MAY2117-T108499.99,DELTA,58,50,62,25,553,no,5,20000
2025-05-21T13:02:13.835478,KXBTCD-25MAY2117-T108499.99,DELTA,56,50,62,25,554,yes,58,-50
2025-05-21T13:02:13.874232,KXBTCD-25MAY2117-T108499.99,DELTA,56,50,62,25,555,no,37,-1000
2025-05-21T13:02:13.894935,KXBTCD-25MAY2117-T108499.99,DELTA,58,100,62,25,556,yes,58,100
2025-05-21T13:02:13.934613,KXBTCD-25MAY2117-T108499.99,DELTA,58,100,64,5,557,no,38,-25
2025-05-21T13:02:13.934814,KXBTCD-25MAY2117-T108499.99,DELTA,58,100,64,30,558,no,36,25
2025-05-21T13:02:13.934904,KXBTCD-25MAY2117-T108499.99,DELTA,58,100,64,1030,559,no,36,1000
2025-05-21T13:02:13.995330,KXBTCD-25MAY2117-T108499.99,DELTA,58,100,64,30,560,no,36,-1000
2025-05-21T13:02:13.995700,KXBTCD-25MAY2117-T108499.99,DELTA,58,100,64,5,561,no,36,-25
2025-05-21T13:02:13.995798,KXBTCD-25MAY2117-T108499.99,DELTA,58,100,63,25,562,no,37,25
2025-05-21T13:02:14.056369,KXBTCD-25MAY2117-T108499.99,DELTA,58,100,64,5,563,no,37,-25
2025-05-21T13:02:14.056561,KXBTCD-25MAY2117-T108499.99,DELTA,58,100,64,30,564,no,36,25
2025-05-21T13:02:14.077668,KXBTCD-25MAY2117-T108499.99,DELTA,58,100,63,1000,565,no,37,1000
2025-05-21T13:02:14.135051,KXBTCD-25MAY2117-T108499.99,DELTA,58,100,63,1000,566,no,36,-25
2025-05-21T13:02:14.135397,KXBTCD-25MAY2117-T108499.99,DELTA,58,100,62,25,567,no,38,25
2025-05-21T13:02:14.194894,KXBTCD-25MAY2117-T108499.99,DELTA,58,100,62,25,568,no,37,-1000
2025-05-21T13:02:14.254987,KXBTCD-25MAY2117-T108499.99,DELTA,58,100,64,5,569,no,38,-25
2025-05-21T13:02:14.255260,KXBTCD-25MAY2117-T108499.99,DELTA,58,100,64,30,570,no,36,25
2025-05-21T13:02:14.275275,KXBTCD-25MAY2117-T108499.99,DELTA,58,100,64,1030,571,no,36,1000
2025-05-21T13:02:14.275674,KXBTCD-25MAY2117-T108499.99,DELTA,58,100,64,1030,572,yes,54,9
2025-05-21T13:02:14.294417,KXBTCD-25MAY2117-T108499.99,DELTA,58,100,64,1030,573,yes,32,-9
2025-05-21T13:02:14.294689,KXBTCD-25MAY2117-T108499.99,DELTA,58,100,64,1030,574,no,27,-9
2025-05-21T13:02:14.335206,KXBTCD-25MAY2117-T108499.99,DELTA,58,100,64,30,575,no,36,-1000
2025-05-21T13:02:14.335576,KXBTCD-25MAY2117-T108499.99,DELTA,58,100,64,5,576,no,36,-25
2025-05-21T13:02:14.335702,KXBTCD-25MAY2117-T108499.99,DELTA,58,100,63,25,577,no,37,25
2025-05-21T13:02:14.394945,KXBTCD-25MAY2117-T108499.99,DELTA,58,100,63,1025,578,no,37,1000
2025-05-21T13:02:14.395321,KXBTCD-25MAY2117-T108499.99,DELTA,58,100,63,1000,579,no,37,-25
2025-05-21T13:02:14.395725,KXBTCD-25MAY2117-T108499.99,DELTA,58,100,63,1000,580,no,36,25
2025-05-21T13:02:14.435294,KXBTCD-25MAY2117-T108499.99,DELTA,58,100,64,30,581,no,37,-1000
2025-05-21T13:02:14.455383,KXBTCD-25MAY2117-T108499.99,DELTA,58,100,64,5,582,no,36,-25
2025-05-21T13:02:14.455675,KXBTCD-25MAY2117-T108499.99,DELTA,58,100,62,25,583,no,38,25
2025-05-21T13:02:14.475262,KXBTCD-25MAY2117-T108499.99,DELTA,58,100,62,25,584,yes,12,-2700
2025-05-21T13:02:14.475784,KXBTCD-25MAY2117-T108499.99,DELTA,58,100,62,25,585,yes,6,5400
2025-05-21T13:02:14.495797,KXBTCD-25MAY2117-T108499.99,DELTA,58,100,64,5,586,no,38,-25
2025-05-21T13:02:14.496132,KXBTCD-25MAY2117-T108499.99,DELTA,58,100,64,30,587,no,36,25
2025-05-21T13:02:14.496280,KXBTCD-25MAY2117-T108499.99,DELTA,58,100,63,1000,588,no,37,1000
2025-05-21T13:02:14.535033,KXBTCD-25MAY2117-T108499.99,DELTA,58,100,63,1000,589,no,4,-8100
2025-05-21T13:02:14.535291,KXBTCD-25MAY2117-T108499.99,DELTA,58,100,63,1000,590,no,6,5400
2025-05-21T13:02:14.535465,KXBTCD-25MAY2117-T108499.99,DELTA,58,100,63,1000,591,no,36,-25
2025-05-21T13:02:14.535595,KXBTCD-25MAY2117-T108499.99,DELTA,58,100,61,25,592,no,39,25
2025-05-21T13:02:14.554543,KXBTCD-25MAY2117-T108499.99,DELTA,58,100,61,25,593,yes,53,-24
2025-05-21T13:02:14.554822,KXBTCD-25MAY2117-T108499.99,DELTA,58,100,61,25,594,yes,51,24
2025-05-21T13:02:14.574589,KXBTCD-25MAY2117-T108499.99,DELTA,58,100,61,25,595,yes,5,-20000
2025-05-21T13:02:14.574905,KXBTCD-25MAY2117-T108499.99,DELTA,58,100,61,25,596,no,30,-24
2025-05-21T13:02:14.575155,KXBTCD-25MAY2117-T108499.99,DELTA,58,100,61,25,597,no,32,24
2025-05-21T13:02:14.575278,KXBTCD-25MAY2117-T108499.99,DELTA,58,100,61,25,598,no,37,-1000
2025-05-21T13:02:14.595029,KXBTCD-25MAY2117-T108499.99,DELTA,58,100,64,5,599,no,39,-25
2025-05-21T13:02:14.595433,KXBTCD-25MAY2117-T108499.99,DELTA,58,100,62,25,600,no,38,25
2025-05-21T13:02:14.635464,KXBTCD-25MAY2117-T108499.99,DELTA,58,100,64,5,601,no,38,-25
2025-05-21T13:02:14.635738,KXBTCD-25MAY2117-T108499.99,DELTA,58,100,60,25,602,no,40,25
2025-05-21T13:02:14.655556,KXBTCD-25MAY2117-T108499.99,DELTA,58,100,60,25,603,yes,7,20000
2025-05-21T13:02:14.655843,KXBTCD-25MAY2117-T108499.99,DELTA,58,100,60,25,604,no,36,1000
2025-05-21T13:02:14.655961,KXBTCD-25MAY2117-T108499.99,DELTA,58,100,60,25,605,no,5,-20000
2025-05-21T13:02:14.715047,KXBTCD-25MAY2117-T108499.99,DELTA,58,100,60,25,606,no,7,20000
2025-05-21T13:02:14.734688,KXBTCD-25MAY2117-T108499.99,DELTA,58,100,64,1005,607,no,40,-25
2025-05-21T13:02:14.734974,KXBTCD-25MAY2117-T108499.99,DELTA,58,100,64,1030,608,no,36,25
2025-05-21T13:02:14.775634,KXBTCD-25MAY2117-T108499.99,DELTA,58,100,64,1005,609,no,36,-25
2025-05-21T13:02:14.776153,KXBTCD-25MAY2117-T108499.99,DELTA,58,100,59,25,610,no,41,25
2025-05-21T13:02:14.795932,KXBTCD-25MAY2117-T108499.99,DELTA,58,100,59,25,611,no,36,-1000
2025-05-21T13:02:14.814857,KXBTCD-25MAY2117-T108499.99,DELTA,58,100,59,25,612,yes,57,100
2025-05-21T13:02:14.835506,KXBTCD-25MAY2117-T108499.99,DELTA,58,100,64,5,613,no,41,-25
2025-05-21T13:02:14.836529,KXBTCD-25MAY2117-T108499.99,DELTA,58,100,63,25,614,no,37,25
2025-05-21T13:02:14.854674,KXBTCD-25MAY2117-T108499.99,DELTA,58,100,63,25,615,no,36,1000
2025-05-21T13:02:14.914175,KXBTCD-25MAY2117-T108499.99,DELTA,58,100,64,1005,616,no,37,-25
2025-05-21T13:02:14.914452,KXBTCD-25MAY2117-T108499.99,DELTA,58,100,64,1030,617,no,36,25
2025-05-21T13:02:14.975167,KXBTCD-25MAY2117-T108499.99,DELTA,58,100,64,30,618,no,36,-1000
2025-05-21T13:02:14.975496,KXBTCD-25MAY2117-T108499.99,DELTA,58,100,64,5,619,no,36,-25
2025-05-21T13:02:14.975771,KXBTCD-25MAY2117-T108499.99,DELTA,58,100,63,25,620,no,37,25
2025-05-21T13:02:15.016203,KXBTCD-25MAY2117-T108499.99,DELTA,58,100,63,1025,621,no,37,1000
2025-05-21T13:02:15.035377,KXBTCD-25MAY2117-T108499.99,DELTA,58,100,63,1000,622,no,37,-25
2025-05-21T13:02:15.035646,KXBTCD-25MAY2117-T108499.99,DELTA,58,100,63,1000,623,no,36,25
2025-05-21T13:02:15.076869,KXBTCD-25MAY2117-T108499.99,DELTA,58,100,64,30,624,no,37,-1000
2025-05-21T13:02:15.097408,KXBTCD-25MAY2117-T108499.99,DELTA,58,100,64,5,625,no,36,-25
2025-05-21T13:02:15.097683,KXBTCD-25MAY2117-T108499.99,DELTA,58,100,62,25,626,no,38,25
2025-05-21T13:02:15.131408,KXBTCD-25MAY2117-T108499.99,DELTA,58,100,62,25,627,no,27,9
2025-05-21T13:02:15.131932,KXBTCD-25MAY2117-T108499.99,DELTA,58,100,62,25,628,yes,32,9
2025-05-21T13:02:15.132211,KXBTCD-25MAY2117-T108499.99,DELTA,58,100,62,25,629,yes,54,-9
2025-05-21T13:02:15.145004,KXBTCD-25MAY2117-T108499.99,DELTA,58,100,62,25,630,no,37,1000
2025-05-21T13:02:15.155353,KXBTCD-25MAY2117-T108499.99,DELTA,58,100,63,1000,631,no,38,-25
2025-05-21T13:02:15.155835,KXBTCD-25MAY2117-T108499.99,DELTA,58,100,63,1000,632,no,36,25
2025-05-21T13:02:15.174880,KXBTCD-25MAY2117-T108499.99,DELTA,58,100,64,30,633,no,37,-1000
2025-05-21T13:02:15.216035,KXBTCD-25MAY2117-T108499.99,DELTA,58,100,64,5,634,no,36,-25
2025-05-21T13:02:15.216595,KXBTCD-25MAY2117-T108499.99,DELTA,58,100,62,25,635,no,38,25
2025-05-21T13:02:15.294678,KXBTCD-25MAY2117-T108499.99,DELTA,58,100,62,25,636,no,37,1000
2025-05-21T13:02:15.295125,KXBTCD-25MAY2117-T108499.99,DELTA,58,100,63,1000,637,no,38,-25
2025-05-21T13:02:15.295432,KXBTCD-25MAY2117-T108499.99,DELTA,58,100,63,1000,638,no,36,25
2025-05-21T13:02:15.314579,KXBTCD-25MAY2117-T108499.99,DELTA,58,100,63,1000,639,yes,6,-5400
2025-05-21T13:02:15.314981,KXBTCD-25MAY2117-T108499.99,DELTA,58,100,63,1000,640,yes,8,4050
2025-05-21T13:02:15.335877,KXBTCD-25MAY2117-T108499.99,DELTA,58,100,64,30,641,no,37,-1000
2025-05-21T13:02:15.354271,KXBTCD-25MAY2117-T108499.99,DELTA,58,100,64,30,642,no,6,-5400
2025-05-21T13:02:15.354531,KXBTCD-25MAY2117-T108499.99,DELTA,58,100,64,30,643,no,8,4050
2025-05-21T13:02:15.354661,KXBTCD-25MAY2117-T108499.99,DELTA,58,100,64,5,644,no,36,-25
2025-05-21T13:02:15.354773,KXBTCD-25MAY2117-T108499.99,DELTA,58,100,62,25,645,no,38,25
2025-05-21T13:02:15.375660,KXBTCD-25MAY2117-T108499.99,DELTA,58,100,62,25,646,yes,7,-20000
2025-05-21T13:02:15.394448,KXBTCD-25MAY2117-T108499.99,DELTA,58,100,62,25,647,no,37,1000
2025-05-21T13:02:15.394611,KXBTCD-25MAY2117-T108499.99,DELTA,58,100,63,1000,648,no,38,-25
2025-05-21T13:02:15.394732,KXBTCD-25MAY2117-T108499.99,DELTA,58,100,63,1000,649,no,36,25
2025-05-21T13:02:15.434659,KXBTCD-25MAY2117-T108499.99,DELTA,58,100,63,1000,650,no,7,-20000
2025-05-21T13:02:15.434918,KXBTCD-25MAY2117-T108499.99,DELTA,58,100,63,1000,651,yes,9,20000
2025-05-21T13:02:15.435078,KXBTCD-25MAY2117-T108499.99,DELTA,58,100,63,1000,652,no,36,-25
2025-05-21T13:02:15.435202,KXBTCD-25MAY2117-T108499.99,DELTA,58,100,61,25,653,no,39,25
2025-05-21T13:02:15.455128,KXBTCD-25MAY2117-T108499.99,DELTA,58,100,61,25,654,no,37,-1000
2025-05-21T13:02:15.514580,KXBTCD-25MAY2117-T108499.99,DELTA,58,100,61,25,655,no,9,20000
2025-05-21T13:02:15.514732,KXBTCD-25MAY2117-T108499.99,DELTA,58,100,61,25,656,no,36,1000
2025-05-21T13:02:15.534869,KXBTCD-25MAY2117-T108499.99,DELTA,58,100,64,1005,657,no,39,-25
2025-05-21T13:02:15.535194,KXBTCD-25MAY2117-T108499.99,DELTA,58,100,64,1030,658,no,36,25
2025-05-21T13:02:15.594648,KXBTCD-25MAY2117-T108499.99,DELTA,58,100,64,1005,659,no,36,-25
2025-05-21T13:02:15.594879,KXBTCD-25MAY2117-T108499.99,DELTA,58,100,63,25,660,no,37,25
2025-05-21T13:02:15.614808,KXBTCD-25MAY2117-T108499.99,DELTA,58,100,63,25,661,no,36,-1000
2025-05-21T13:02:15.654544,KXBTCD-25MAY2117-T108499.99,DELTA,58,100,63,1025,662,no,37,1000
2025-05-21T13:02:15.675177,KXBTCD-25MAY2117-T108499.99,DELTA,58,100,63,1000,663,no,37,-25
2025-05-21T13:02:15.675364,KXBTCD-25MAY2117-T108499.99,DELTA,58,100,63,1000,664,no,36,25
2025-05-21T13:02:15.713552,KXBTCD-25MAY2117-T108499.99,DELTA,58,100,64,30,665,no,37,-1000
2025-05-21T13:02:15.734402,KXBTCD-25MAY2117-T108499.99,DELTA,58,100,64,5,666,no,36,-25
2025-05-21T13:02:15.734572,KXBTCD-25MAY2117-T108499.99,DELTA,58,100,62,25,667,no,38,25
2025-05-21T13:02:15.754286,KXBTCD-25MAY2117-T108499.99,DELTA,58,100,62,25,668,no,37,1000
2025-05-21T13:02:15.774638,KXBTCD-25MAY2117-T108499.99,DELTA,58,100,63,1000,669,no,38,-25
2025-05-21T13:02:15.774941,KXBTCD-25MAY2117-T108499.99,DELTA,58,100,63,1000,670,no,36,25
2025-05-21T13:02:15.794628,KXBTCD-25MAY2117-T108499.99,DELTA,58,100,64,30,671,no,37,-1000
2025-05-21T13:02:15.814469,KXBTCD-25MAY2117-T108499.99,DELTA,57,100,64,30,672,yes,58,-100
2025-05-21T13:02:15.815053,KXBTCD-25MAY2117-T108499.99,DELTA,57,100,64,5,673,no,36,-25
2025-05-21T13:02:15.815356,KXBTCD-25MAY2117-T108499.99,DELTA,57,100,61,25,674,no,39,25
2025-05-21T13:02:15.834741,KXBTCD-25MAY2117-T108499.99,DELTA,57,100,61,25,675,no,11,20
2025-05-21T13:02:15.835060,KXBTCD-25MAY2117-T108499.99,DELTA,57,100,61,25,676,no,37,1000
2025-05-21T13:02:15.855021,KXBTCD-25MAY2117-T108499.99,DELTA,57,100,61,25,677,yes,45,-3
2025-05-21T13:02:15.855394,KXBTCD-25MAY2117-T108499.99,DELTA,57,100,61,25,678,yes,44,3
2025-05-21T13:02:15.855575,KXBTCD-25MAY2117-T108499.99,DELTA,57,100,61,25,679,no,24,-6
2025-05-21T13:02:15.855662,KXBTCD-25MAY2117-T108499.99,DELTA,57,100,61,25,680,no,25,6
2025-05-21T13:02:15.855758,KXBTCD-25MAY2117-T108499.99,DELTA,57,100,63,1000,681,no,39,-25
2025-05-21T13:02:15.855902,KXBTCD-25MAY2117-T108499.99,DELTA,57,100,63,1000,682,no,36,25
2025-05-21T13:02:15.894223,KXBTCD-25MAY2117-T108499.99,DELTA,57,350,63,1000,683,yes,57,250
2025-05-21T13:02:15.894550,KXBTCD-25MAY2117-T108499.99,DELTA,57,350,64,30,684,no,37,-1000
2025-05-21T13:02:15.894625,KXBTCD-25MAY2117-T108499.99,DELTA,57,350,64,5,685,no,36,-25
2025-05-21T13:02:15.894693,KXBTCD-25MAY2117-T108499.99,DELTA,57,350,60,25,686,no,40,25
2025-05-21T13:02:15.935306,KXBTCD-25MAY2117-T108499.99,DELTA,57,350,64,5,687,no,40,-25
2025-05-21T13:02:15.935459,KXBTCD-25MAY2117-T108499.99,DELTA,57,350,62,25,688,no,38,25
2025-05-21T13:02:15.954586,KXBTCD-25MAY2117-T108499.99,DELTA,57,350,62,25,689,no,36,1000
2025-05-21T13:02:15.995244,KXBTCD-25MAY2117-T108499.99,DELTA,57,350,64,1005,690,no,38,-25
2025-05-21T13:02:15.995397,KXBTCD-25MAY2117-T108499.99,DELTA,57,350,64,1030,691,no,36,25
2025-05-21T13:02:16.014702,KXBTCD-25MAY2117-T108499.99,DELTA,57,350,64,1030,692,yes,49,24
2025-05-21T13:02:16.014808,KXBTCD-25MAY2117-T108499.99,DELTA,57,350,64,1030,693,yes,51,-24
2025-05-21T13:02:16.014889,KXBTCD-25MAY2117-T108499.99,DELTA,57,350,64,1030,694,no,33,24
2025-05-21T13:02:16.014965,KXBTCD-25MAY2117-T108499.99,DELTA,57,350,64,1030,695,no,32,-24
2025-05-21T13:02:16.055542,KXBTCD-25MAY2117-T108499.99,DELTA,57,350,64,30,696,no,36,-1000
2025-05-21T13:02:16.077320,KXBTCD-25MAY2117-T108499.99,DELTA,57,350,64,5,697,no,36,-25
2025-05-21T13:02:16.077894,KXBTCD-25MAY2117-T108499.99,DELTA,57,350,63,25,698,no,37,25
2025-05-21T13:02:16.116204,KXBTCD-25MAY2117-T108499.99,DELTA,57,350,63,1025,699,no,37,1000
2025-05-21T13:02:16.116324,KXBTCD-25MAY2117-T108499.99,DELTA,57,350,63,1025,700,yes,56,-50
2025-05-21T13:02:16.116398,KXBTCD-25MAY2117-T108499.99,DELTA,57,350,63,1025,701,yes,55,50
2025-05-21T13:02:16.135069,KXBTCD-25MAY2117-T108499.99,DELTA,57,350,63,1025,702,yes,44,-3
2025-05-21T13:02:16.135225,KXBTCD-25MAY2117-T108499.99,DELTA,57,350,63,1025,703,yes,43,3
2025-05-21T13:02:16.155180,KXBTCD-25MAY2117-T108499.99,DELTA,57,350,63,25,704,no,37,-1000
2025-05-21T13:02:16.155254,KXBTCD-25MAY2117-T108499.99,DELTA,57,350,63,25,705,yes,8,-4050
2025-05-21T13:02:16.155324,KXBTCD-25MAY2117-T108499.99,DELTA,57,350,63,25,706,yes,10,3240
2025-05-21T13:02:16.175193,KXBTCD-25MAY2117-T108499.99,DELTA,57,100,63,25,707,yes,57,-250
2025-05-21T13:02:16.176903,KXBTCD-25MAY2117-T108499.99,DELTA,57,100,64,5,708,no,37,-25
2025-05-21T13:02:16.176971,KXBTCD-25MAY2117-T108499.99,DELTA,57,100,62,25,709,no,38,25
2025-05-21T13:02:16.177027,KXBTCD-25MAY2117-T108499.99,DELTA,57,100,62,25,710,no,25,-6
2025-05-21T13:02:16.177080,KXBTCD-25MAY2117-T108499.99,DELTA,57,100,62,25,711,no,26,6
2025-05-21T13:02:16.221078,KXBTCD-25MAY2117-T108499.99,DELTA,57,100,62,25,712,no,36,1000
2025-05-21T13:02:16.221196,KXBTCD-25MAY2117-T108499.99,DELTA,57,100,62,25,713,no,8,-4050
2025-05-21T13:02:16.221288,KXBTCD-25MAY2117-T108499.99,DELTA,57,100,62,25,714,no,9,3600
2025-05-21T13:02:16.221365,KXBTCD-25MAY2117-T108499.99,DELTA,57,100,62,25,715,yes,56,250
2025-05-21T13:02:16.234525,KXBTCD-25MAY2117-T108499.99,DELTA,57,100,64,1005,716,no,38,-25
2025-05-21T13:02:16.234628,KXBTCD-25MAY2117-T108499.99,DELTA,57,100,64,1030,717,no,36,25
2025-05-21T13:02:16.234705,KXBTCD-25MAY2117-T108499.99,DELTA,57,100,64,1030,718,yes,9,-20000
2025-05-21T13:02:16.275397,KXBTCD-25MAY2117-T108499.99,DELTA,57,100,64,1030,719,no,9,-20000
2025-05-21T13:02:16.294405,KXBTCD-25MAY2117-T108499.99,DELTA,57,100,64,1030,720,yes,11,20000
2025-05-21T13:02:16.294584,KXBTCD-25MAY2117-T108499.99,DELTA,57,100,64,1005,721,no,36,-25
2025-05-21T13:02:16.294712,KXBTCD-25MAY2117-T108499.99,DELTA,57,100,61,25,722,no,39,25
2025-05-21T13:02:16.314927,KXBTCD-25MAY2117-T108499.99,DELTA,57,100,61,25,723,no,25,-500
2025-05-21T13:02:16.348709,KXBTCD-25MAY2117-T108499.99,DELTA,57,100,61,25,724,no,36,-1000
2025-05-21T13:02:16.348900,KXBTCD-25MAY2117-T108499.99,DELTA,57,100,61,25,725,no,10,20000
2025-05-21T13:02:16.349040,KXBTCD-25MAY2117-T108499.99,DELTA,57,100,64,5,726,no,39,-25
2025-05-21T13:02:16.349169,KXBTCD-25MAY2117-T108499.99,DELTA,57,100,63,25,727,no,37,25
2025-05-21T13:02:16.375957,KXBTCD-25MAY2117-T108499.99,DELTA,57,100,63,25,728,no,26,500
2025-05-21T13:02:16.396571,KXBTCD-25MAY2117-T108499.99,DELTA,57,100,64,5,729,no,37,-25
2025-05-21T13:02:16.396974,KXBTCD-25MAY2117-T108499.99,DELTA,57,100,64,30,730,no,36,25
2025-05-21T13:02:16.397119,KXBTCD-25MAY2117-T108499.99,DELTA,57,100,64,30,731,no,26,-2000
2025-05-21T13:02:16.415816,KXBTCD-25MAY2117-T108499.99,DELTA,57,100,64,30,732,no,26,-1250
2025-05-21T13:02:16.416000,KXBTCD-25MAY2117-T108499.99,DELTA,57,100,64,1030,733,no,36,1000
2025-05-21T13:02:16.476249,KXBTCD-25MAY2117-T108499.99,DELTA,57,100,64,1030,734,no,35,-100
2025-05-21T13:02:16.477002,KXBTCD-25MAY2117-T108499.99,DELTA,57,100,64,1005,735,no,36,-25
2025-05-21T13:02:16.477623,KXBTCD-25MAY2117-T108499.99,DELTA,57,100,63,25,736,no,37,25
2025-05-21T13:02:16.478273,KXBTCD-25MAY2117-T108499.99,DELTA,57,100,63,25,737,no,27,2000
2025-05-21T13:02:16.479114,KXBTCD-25MAY2117-T108499.99,DELTA,57,100,63,25,738,no,36,-1000
2025-05-21T13:02:16.516024,KXBTCD-25MAY2117-T108499.99,DELTA,57,100,63,1025,739,no,37,1000
2025-05-21T13:02:16.574854,KXBTCD-25MAY2117-T108499.99,DELTA,57,100,63,1000,740,no,37,-25
2025-05-21T13:02:16.575102,KXBTCD-25MAY2117-T108499.99,DELTA,57,100,63,1000,741,no,34,25
2025-05-21T13:02:16.575800,KXBTCD-25MAY2117-T108499.99,DELTA,57,100,63,1000,742,no,27,1250
2025-05-21T13:02:16.594557,KXBTCD-25MAY2117-T108499.99,DELTA,57,100,64,5,743,no,37,-1000
2025-05-21T13:02:16.633094,KXBTCD-25MAY2117-T108499.99,DELTA,57,100,64,5,744,no,27,-9
2025-05-21T13:02:16.633366,KXBTCD-25MAY2117-T108499.99,DELTA,57,100,64,5,745,no,27,1000
2025-05-21T13:02:16.675311,KXBTCD-25MAY2117-T108499.99,DELTA,57,100,64,5,746,no,34,-25
2025-05-21T13:02:16.675485,KXBTCD-25MAY2117-T108499.99,DELTA,57,100,62,25,747,no,38,25
2025-05-21T13:02:16.754121,KXBTCD-25MAY2117-T108499.99,DELTA,57,100,64,5,748,no,38,-25
2025-05-21T13:02:16.754299,KXBTCD-25MAY2117-T108499.99,DELTA,57,100,64,5,749,no,34,25
2025-05-21T13:02:16.854872,KXBTCD-25MAY2117-T108499.99,DELTA,57,100,66,25,750,no,36,-5
2025-05-21T13:02:16.914759,KXBTCD-25MAY2117-T108499.99,DELTA,57,100,67,24,751,no,34,-25
2025-05-21T13:02:16.915450,KXBTCD-25MAY2117-T108499.99,DELTA,57,100,67,24,752,no,28,25
2025-05-21T13:02:17.118449,KXBTCD-25MAY2117-T108499.99,DELTA,57,100,67,24,753,no,26,-6
2025-05-21T13:02:17.118704,KXBTCD-25MAY2117-T108499.99,DELTA,57,100,67,24,754,no,25,6
2025-05-21T13:02:17.135746,KXBTCD-25MAY2117-T108499.99,DELTA,57,100,67,24,755,yes,43,-3
2025-05-21T13:02:17.135935,KXBTCD-25MAY2117-T108499.99,DELTA,57,100,67,24,756,yes,44,3
2025-05-21T13:02:17.515644,KXBTCD-25MAY2117-T108499.99,DELTA,57,100,64,100,757,no,36,100
2025-05-21T13:02:17.535774,KXBTCD-25MAY2117-T108499.99,DELTA,57,100,64,100,758,yes,44,-3
2025-05-21T13:02:17.535933,KXBTCD-25MAY2117-T108499.99,DELTA,57,100,64,100,759,yes,43,3
2025-05-21T13:02:17.536048,KXBTCD-25MAY2117-T108499.99,DELTA,57,100,64,100,760,no,25,-6
2025-05-21T13:02:17.536147,KXBTCD-25MAY2117-T108499.99,DELTA,57,100,64,100,761,no,26,6
2025-05-21T13:02:17.595608,KXBTCD-25MAY2117-T108499.99,DELTA,57,100,64,100,762,no,27,-1000
2025-05-21T13:02:17.615363,KXBTCD-25MAY2117-T108499.99,DELTA,57,100,64,100,763,no,28,-25
2025-05-21T13:02:17.615577,KXBTCD-25MAY2117-T108499.99,DELTA,57,100,63,25,764,no,37,25
2025-05-21T13:02:17.615701,KXBTCD-25MAY2117-T108499.99,DELTA,57,100,63,25,765,no,29,9
2025-05-21T13:02:17.654952,KXBTCD-25MAY2117-T108499.99,DELTA,57,100,63,1025,766,no,37,1000
2025-05-21T13:02:17.715778,KXBTCD-25MAY2117-T108499.99,DELTA,57,100,63,1000,767,no,37,-25
2025-05-21T13:02:17.715960,KXBTCD-25MAY2117-T108499.99,DELTA,57,100,62,25,768,no,38,25
2025-05-21T13:02:18.215672,KXBTCD-25MAY2117-T108499.99,DELTA,57,100,62,25,769,yes,10,-3240
2025-05-21T13:02:18.216372,KXBTCD-25MAY2117-T108499.99,DELTA,57,100,62,25,770,yes,12,2700
2025-05-21T13:02:18.275506,KXBTCD-25MAY2117-T108499.99,DELTA,57,100,62,25,771,no,9,-3600
2025-05-21T13:02:18.276482,KXBTCD-25MAY2117-T108499.99,DELTA,57,100,62,25,772,no,4,8100
2025-05-21T13:02:18.277114,KXBTCD-25MAY2117-T108499.99,DELTA,57,100,62,25,773,yes,11,-20000
2025-05-21T13:02:18.335682,KXBTCD-25MAY2117-T108499.99,DELTA,57,100,62,25,774,yes,5,20000
2025-05-21T13:02:18.346219,KXBTCD-25MAY2117-T108499.99,DELTA,57,100,62,25,775,no,10,-20000
2025-05-21T13:02:18.375063,KXBTCD-25MAY2117-T108499.99,DELTA,57,100,62,25,776,no,5,20000
2025-05-21T13:02:18.376017,KXBTCD-25MAY2117-T108499.99,DELTA,57,100,62,25,777,no,29,-9
2025-05-21T13:02:18.615704,KXBTCD-25MAY2117-T108499.99,DELTA,57,100,62,25,778,no,36,-100
2025-05-21T13:02:18.616274,KXBTCD-25MAY2117-T108499.99,DELTA,56,250,62,25,779,yes,57,-100
2025-05-21T13:02:18.696138,KXBTCD-25MAY2117-T108499.99,DELTA,56,250,62,25,780,no,37,-1000
2025-05-21T13:02:18.736572,KXBTCD-25MAY2117-T108499.99,DELTA,56,250,62,25,781,no,27,1000
2025-05-21T13:02:18.756272,KXBTCD-25MAY2117-T108499.99,DELTA,56,250,67,24,782,no,38,-25
2025-05-21T13:02:18.757031,KXBTCD-25MAY2117-T108499.99,DELTA,56,250,67,24,783,no,28,25
2025-05-21T13:02:19.555187,KXBTCD-25MAY2117-T108499.99,DELTA,56,250,67,24,784,yes,55,100
2025-05-21T13:02:19.555375,KXBTCD-25MAY2117-T108499.99,DELTA,56,250,63,100,785,no,37,100
2025-05-21T13:02:19.615056,KXBTCD-25MAY2117-T108499.99,DELTA,56,250,63,100,786,no,27,-1000
2025-05-21T13:02:19.635597,KXBTCD-25MAY2117-T108499.99,DELTA,56,250,63,100,787,no,28,-25
2025-05-21T13:02:19.635754,KXBTCD-25MAY2117-T108499.99,DELTA,56,250,62,25,788,no,38,25
2025-05-21T13:02:19.656078,KXBTCD-25MAY2117-T108499.99,DELTA,56,250,62,1025,789,no,38,1000
2025-05-21T13:02:19.674651,KXBTCD-25MAY2117-T108499.99,DELTA,56,250,62,1025,790,no,29,9
2025-05-21T13:02:19.735460,KXBTCD-25MAY2117-T108499.99,DELTA,56,250,62,1000,791,no,38,-25
2025-05-21T13:02:19.735843,KXBTCD-25MAY2117-T108499.99,DELTA,56,250,61,25,792,no,39,25
2025-05-21T13:02:19.856482,KXBTCD-25MAY2117-T108499.99,DELTA,56,250,61,25,793,yes,12,-2700
2025-05-21T13:02:19.857367,KXBTCD-25MAY2117-T108499.99,DELTA,56,250,61,25,794,yes,6,5400
2025-05-21T13:02:19.895359,KXBTCD-25MAY2117-T108499.99,DELTA,56,250,61,25,795,no,4,-8100
2025-05-21T13:02:19.895706,KXBTCD-25MAY2117-T108499.99,DELTA,56,250,61,25,796,no,6,5400
2025-05-21T13:02:19.915446,KXBTCD-25MAY2117-T108499.99,DELTA,56,250,61,25,797,yes,5,-20000
2025-05-21T13:02:19.955195,KXBTCD-25MAY2117-T108499.99,DELTA,56,250,61,25,798,no,5,-20000
2025-05-21T13:02:19.955644,KXBTCD-25MAY2117-T108499.99,DELTA,56,250,61,25,799,yes,7,20000
2025-05-21T13:02:19.996860,KXBTCD-25MAY2117-T108499.99,DELTA,56,250,61,25,800,no,7,20000
2025-05-21T13:02:20.768730,KXBTCD-25MAY2117-T108499.99,DELTA,56,250,61,25,801,yes,6,-5400
2025-05-21T13:02:20.769554,KXBTCD-25MAY2117-T108499.99,DELTA,56,250,61,25,802,yes,8,4050
2025-05-21T13:02:20.776896,KXBTCD-25MAY2117-T108499.99,DELTA,56,250,61,25,803,no,6,-5400
2025-05-21T13:02:20.777560,KXBTCD-25MAY2117-T108499.99,DELTA,56,250,61,25,804,no,8,4050
2025-05-21T13:02:20.797836,KXBTCD-25MAY2117-T108499.99,DELTA,56,250,61,25,805,yes,7,-20000
2025-05-21T13:02:20.835937,KXBTCD-25MAY2117-T108499.99,DELTA,56,250,61,25,806,no,7,-20000
2025-05-21T13:02:20.836839,KXBTCD-25MAY2117-T108499.99,DELTA,56,250,61,25,807,yes,9,20000
2025-05-21T13:02:20.855938,KXBTCD-25MAY2117-T108499.99,DELTA,56,250,61,25,808,no,29,-9
2025-05-21T13:02:20.876497,KXBTCD-25MAY2117-T108499.99,DELTA,56,250,61,25,809,no,9,20000
2025-05-21T13:02:21.587071,KXBTCD-25MAY2117-T108499.99,DELTA,56,250,61,25,810,yes,8,-4050
2025-05-21T13:02:21.587276,KXBTCD-25MAY2117-T108499.99,DELTA,56,250,61,25,811,yes,10,3240
2025-05-21T13:02:21.614564,KXBTCD-25MAY2117-T108499.99,DELTA,56,250,61,25,812,no,8,-4050
2025-05-21T13:02:21.614708,KXBTCD-25MAY2117-T108499.99,DELTA,56,250,61,25,813,no,9,3600
2025-05-21T13:02:21.614778,KXBTCD-25MAY2117-T108499.99,DELTA,56,250,61,25,814,yes,9,-20000
2025-05-21T13:02:21.655430,KXBTCD-25MAY2117-T108499.99,DELTA,56,250,61,25,815,yes,11,20000
2025-05-21T13:02:21.674696,KXBTCD-25MAY2117-T108499.99,DELTA,56,250,61,25,816,no,9,-20000
2025-05-21T13:02:21.714396,KXBTCD-25MAY2117-T108499.99,DELTA,56,250,61,25,817,no,10,20000
2025-05-21T13:02:23.176419,KXBTCD-25MAY2117-T108499.99,DELTA,56,250,61,25,818,yes,10,-3240
2025-05-21T13:02:23.177185,KXBTCD-25MAY2117-T108499.99,DELTA,56,250,61,25,819,yes,12,2700
2025-05-21T13:02:23.217426,KXBTCD-25MAY2117-T108499.99,DELTA,56,250,61,25,820,no,9,-3600
2025-05-21T13:02:23.218132,KXBTCD-25MAY2117-T108499.99,DELTA,56,250,61,25,821,no,4,8100
2025-05-21T13:02:23.234962,KXBTCD-25MAY2117-T108499.99,DELTA,56,250,61,25,822,yes,11,-20000
2025-05-21T13:02:23.275831,KXBTCD-25MAY2117-T108499.99,DELTA,56,250,61,25,823,no,10,-20000
2025-05-21T13:02:23.294935,KXBTCD-25MAY2117-T108499.99,DELTA,56,250,61,25,824,yes,5,20000
2025-05-21T13:02:23.335730,KXBTCD-25MAY2117-T108499.99,DELTA,56,250,61,25,825,no,5,20000
2025-05-21T13:02:23.740075,KXBTCD-25MAY2117-T108499.99,DELTA,56,250,61,25,826,no,13,-3000
2025-05-21T13:02:23.740850,KXBTCD-25MAY2117-T108499.99,DELTA,56,250,61,25,827,yes,5,-8000
2025-05-21T13:02:23.775702,KXBTCD-25MAY2117-T108499.99,DELTA,56,250,61,25,828,yes,1,8000
2025-05-21T13:02:23.795308,KXBTCD-25MAY2117-T108499.99,DELTA,56,250,61,25,829,no,20,3000
2025-05-21T13:02:24.017991,KXBTCD-25MAY2117-T108499.99,DELTA,56,250,61,25,830,yes,43,-3
2025-05-21T13:02:24.018581,KXBTCD-25MAY2117-T108499.99,DELTA,56,250,61,25,831,yes,42,3
2025-05-21T13:02:24.035397,KXBTCD-25MAY2117-T108499.99,DELTA,56,250,61,25,832,no,26,-6
2025-05-21T13:02:24.036017,KXBTCD-25MAY2117-T108499.99,DELTA,56,250,61,25,833,no,27,6
2025-05-21T13:02:24.281720,KXBTCD-25MAY2117-T108499.99,DELTA,56,250,61,25,834,yes,42,-3
2025-05-21T13:02:24.282419,KXBTCD-25MAY2117-T108499.99,DELTA,56,250,61,25,835,no,27,-6
2025-05-21T13:02:24.282941,KXBTCD-25MAY2117-T108499.99,DELTA,56,250,61,25,836,no,26,6
2025-05-21T13:02:24.364428,KXBTCD-25MAY2117-T108499.99,DELTA,56,250,61,25,837,yes,43,4
2025-05-21T13:02:25.276457,KXBTCD-25MAY2117-T108499.99,DELTA,56,250,61,25,838,yes,12,-2700
2025-05-21T13:02:25.277565,KXBTCD-25MAY2117-T108499.99,DELTA,56,250,61,25,839,yes,6,5400
2025-05-21T13:02:25.297181,KXBTCD-25MAY2117-T108499.99,DELTA,56,250,61,25,840,no,4,-8100
2025-05-21T13:02:25.297828,KXBTCD-25MAY2117-T108499.99,DELTA,56,250,61,25,841,no,6,5400
2025-05-21T13:02:25.298308,KXBTCD-25MAY2117-T108499.99,DELTA,56,250,61,25,842,yes,5,-20000
2025-05-21T13:02:25.337249,KXBTCD-25MAY2117-T108499.99,DELTA,56,250,61,25,843,yes,7,20000
2025-05-21T13:02:25.376441,KXBTCD-25MAY2117-T108499.99,DELTA,56,250,61,25,844,no,5,-20000
2025-05-21T13:02:25.415753,KXBTCD-25MAY2117-T108499.99,DELTA,56,250,61,25,845,no,7,20000
2025-05-21T13:02:25.436098,KXBTCD-25MAY2117-T108499.99,DELTA,56,250,61,25,846,no,26,-6
2025-05-21T13:02:25.495599,KXBTCD-25MAY2117-T108499.99,DELTA,56,250,61,25,847,yes,43,-4
2025-05-21T13:02:25.496486,KXBTCD-25MAY2117-T108499.99,DELTA,56,250,61,25,848,yes,42,4
2025-05-21T13:02:25.497253,KXBTCD-25MAY2117-T108499.99,DELTA,56,250,61,25,849,no,27,5
2025-05-21T13:02:25.776360,KXBTCD-25MAY2117-T108499.99,DELTA,56,250,61,25,850,no,27,-5
2025-05-21T13:02:25.777292,KXBTCD-25MAY2117-T108499.99,DELTA,56,250,61,25,851,no,26,5
2025-05-21T13:02:25.795706,KXBTCD-25MAY2117-T108499.99,DELTA,56,250,61,25,852,yes,42,-4
2025-05-21T13:02:25.796351,KXBTCD-25MAY2117-T108499.99,DELTA,56,250,61,25,853,yes,43,4
2025-05-21T13:02:26.675096,KXBTCD-25MAY2117-T108499.99,DELTA,56,250,61,25,854,yes,6,-5400
2025-05-21T13:02:26.675489,KXBTCD-25MAY2117-T108499.99,DELTA,56,250,61,25,855,yes,8,4050
2025-05-21T13:02:26.734807,KXBTCD-25MAY2117-T108499.99,DELTA,56,250,61,25,856,no,6,-5400
2025-05-21T13:02:26.735258,KXBTCD-25MAY2117-T108499.99,DELTA,56,250,61,25,857,no,8,4050
2025-05-21T13:02:26.757959,KXBTCD-25MAY2117-T108499.99,DELTA,56,250,61,25,858,yes,7,-20000
2025-05-21T13:02:26.795464,KXBTCD-25MAY2117-T108499.99,DELTA,56,250,61,25,859,yes,9,20000
2025-05-21T13:02:26.814923,KXBTCD-25MAY2117-T108499.99,DELTA,56,250,61,25,860,no,7,-20000
2025-05-21T13:02:26.855050,KXBTCD-25MAY2117-T108499.99,DELTA,56,250,61,25,861,no,9,20000
2025-05-21T13:02:27.496740,KXBTCD-25MAY2117-T108499.99,DELTA,56,250,61,25,862,yes,8,-4050
2025-05-21T13:02:27.497235,KXBTCD-25MAY2117-T108499.99,DELTA,56,250,61,25,863,yes,10,3240
2025-05-21T13:02:27.556959,KXBTCD-25MAY2117-T108499.99,DELTA,56,250,61,25,864,yes,9,-20000
2025-05-21T13:02:27.557878,KXBTCD-25MAY2117-T108499.99,DELTA,56,250,61,25,865,no,8,-4050
2025-05-21T13:02:27.558557,KXBTCD-25MAY2117-T108499.99,DELTA,56,250,61,25,866,no,9,3600
2025-05-21T13:02:27.596215,KXBTCD-25MAY2117-T108499.99,DELTA,56,250,61,25,867,yes,11,20000
2025-05-21T13:02:27.616303,KXBTCD-25MAY2117-T108499.99,DELTA,56,250,61,25,868,no,9,-20000
2025-05-21T13:02:27.658434,KXBTCD-25MAY2117-T108499.99,DELTA,56,250,61,25,869,no,10,20000
2025-05-21T13:02:28.347556,KXBTCD-25MAY2117-T108499.99,DELTA,56,250,61,25,870,yes,10,-3240
2025-05-21T13:02:28.347923,KXBTCD-25MAY2117-T108499.99,DELTA,56,250,61,25,871,yes,12,2700
2025-05-21T13:02:28.374820,KXBTCD-25MAY2117-T108499.99,DELTA,56,250,61,25,872,no,9,-3600
2025-05-21T13:02:28.375018,KXBTCD-25MAY2117-T108499.99,DELTA,56,250,61,25,873,no,4,8100
2025-05-21T13:02:28.375155,KXBTCD-25MAY2117-T108499.99,DELTA,56,250,61,25,874,yes,11,-20000
2025-05-21T13:02:28.415005,KXBTCD-25MAY2117-T108499.99,DELTA,56,250,61,25,875,yes,5,20000
2025-05-21T13:02:28.436204,KXBTCD-25MAY2117-T108499.99,DELTA,56,250,61,25,876,no,10,-20000
2025-05-21T13:02:28.474606,KXBTCD-25MAY2117-T108499.99,DELTA,56,250,61,25,877,yes,55,-100
2025-05-21T13:02:28.474736,KXBTCD-25MAY2117-T108499.99,DELTA,56,250,61,25,878,no,5,20000
2025-05-21T13:02:28.655300,KXBTCD-25MAY2117-T108499.99,DELTA,56,250,61,25,879,yes,43,-4
2025-05-21T13:02:28.655549,KXBTCD-25MAY2117-T108499.99,DELTA,56,250,61,25,880,yes,42,4
2025-05-21T13:02:28.655919,KXBTCD-25MAY2117-T108499.99,DELTA,56,250,61,25,881,no,26,-5
2025-05-21T13:02:28.656028,KXBTCD-25MAY2117-T108499.99,DELTA,56,250,61,25,882,no,27,5
2025-05-21T13:02:29.156536,KXBTCD-25MAY2117-T108499.99,DELTA,56,250,61,25,883,yes,12,-2700
2025-05-21T13:02:29.156920,KXBTCD-25MAY2117-T108499.99,DELTA,56,250,61,25,884,yes,6,5400
2025-05-21T13:02:29.215493,KXBTCD-25MAY2117-T108499.99,DELTA,56,250,61,25,885,no,4,-8100
2025-05-21T13:02:29.215957,KXBTCD-25MAY2117-T108499.99,DELTA,56,250,61,25,886,no,6,5400
2025-05-21T13:02:29.216317,KXBTCD-25MAY2117-T108499.99,DELTA,56,250,61,25,887,yes,5,-20000
2025-05-21T13:02:29.235122,KXBTCD-25MAY2117-T108499.99,DELTA,56,250,61,25,888,yes,7,20000
2025-05-21T13:02:29.275095,KXBTCD-25MAY2117-T108499.99,DELTA,56,250,61,25,889,no,5,-20000
2025-05-21T13:02:29.316699,KXBTCD-25MAY2117-T108499.99,DELTA,56,250,61,25,890,no,7,20000
2025-05-21T13:02:29.554712,KXBTCD-25MAY2117-T108499.99,DELTA,56,250,61,25,891,yes,55,100
2025-05-21T13:02:29.995630,KXBTCD-25MAY2117-T108499.99,DELTA,56,250,61,25,892,yes,6,-5400
2025-05-21T13:02:29.996296,KXBTCD-25MAY2117-T108499.99,DELTA,56,250,61,25,893,yes,8,4050
2025-05-21T13:02:30.035004,KXBTCD-25MAY2117-T108499.99,DELTA,56,250,61,25,894,no,6,-5400
2025-05-21T13:02:30.035679,KXBTCD-25MAY2117-T108499.99,DELTA,56,250,61,25,895,no,8,4050
2025-05-21T13:02:30.056457,KXBTCD-25MAY2117-T108499.99,DELTA,56,250,61,25,896,yes,7,-20000
2025-05-21T13:02:30.096964,KXBTCD-25MAY2117-T108499.99,DELTA,56,250,61,25,897,no,7,-20000
2025-05-21T13:02:30.097532,KXBTCD-25MAY2117-T108499.99,DELTA,56,250,61,25,898,yes,9,20000
2025-05-21T13:02:30.156126,KXBTCD-25MAY2117-T108499.99,DELTA,56,250,61,25,899,no,9,20000
2025-05-21T13:02:30.814915,KXBTCD-25MAY2117-T108499.99,DELTA,56,250,61,29,900,no,39,4
2025-05-21T13:02:30.875741,KXBTCD-25MAY2117-T108499.99,DELTA,56,250,61,29,901,no,38,-1000
2025-05-21T13:02:30.896201,KXBTCD-25MAY2117-T108499.99,DELTA,56,250,60,1000,902,no,40,1000
2025-05-21T13:02:30.955553,KXBTCD-25MAY2117-T108499.99,DELTA,56,250,60,1000,903,no,39,-25
2025-05-21T13:02:30.955781,KXBTCD-25MAY2117-T108499.99,DELTA,56,250,60,1000,904,no,38,25
2025-05-21T13:02:31.015019,KXBTCD-25MAY2117-T108499.99,DELTA,56,250,60,1000,905,no,38,-25
2025-05-21T13:02:31.015206,KXBTCD-25MAY2117-T108499.99,DELTA,56,250,59,25,906,no,41,25
2025-05-21T13:02:31.035255,KXBTCD-25MAY2117-T108499.99,DELTA,56,250,59,25,907,no,40,-1000
2025-05-21T13:02:31.076856,KXBTCD-25MAY2117-T108499.99,DELTA,56,250,59,25,908,no,38,1000
2025-05-21T13:02:31.097189,KXBTCD-25MAY2117-T108499.99,DELTA,56,250,61,4,909,no,41,-25
2025-05-21T13:02:31.097371,KXBTCD-25MAY2117-T108499.99,DELTA,56,250,61,4,910,no,38,25
2025-05-21T13:02:31.155777,KXBTCD-25MAY2117-T108499.99,DELTA,56,250,61,4,911,no,38,-25
2025-05-21T13:02:31.156361,KXBTCD-25MAY2117-T108499.99,DELTA,56,250,61,29,912,no,39,25
2025-05-21T13:02:31.233812,KXBTCD-25MAY2117-T108499.99,DELTA,56,250,61,29,913,no,38,-1000
2025-05-21T13:02:31.274777,KXBTCD-25MAY2117-T108499.99,DELTA,56,250,60,1000,914,no,40,1000
2025-05-21T13:02:31.293969,KXBTCD-25MAY2117-T108499.99,DELTA,56,250,60,1000,915,no,39,-25
2025-05-21T13:02:31.294310,KXBTCD-25MAY2117-T108499.99,DELTA,56,250,60,1000,916,no,38,25
2025-05-21T13:02:31.334915,KXBTCD-25MAY2117-T108499.99,DELTA,56,250,60,1000,917,no,38,-25
2025-05-21T13:02:31.335285,KXBTCD-25MAY2117-T108499.99,DELTA,56,250,59,25,918,no,41,25
2025-05-21T13:02:31.354919,KXBTCD-25MAY2117-T108499.99,DELTA,56,250,59,25,919,no,40,-1000
2025-05-21T13:02:31.375083,KXBTCD-25MAY2117-T108499.99,DELTA,56,250,59,25,920,no,27,-5
2025-05-21T13:02:31.375806,KXBTCD-25MAY2117-T108499.99,DELTA,56,250,59,25,921,no,26,5
2025-05-21T13:02:31.396124,KXBTCD-25MAY2117-T108499.99,DELTA,56,250,59,25,922,yes,42,-4
2025-05-21T13:02:31.396924,KXBTCD-25MAY2117-T108499.99,DELTA,56,250,59,25,923,yes,43,4
2025-05-21T13:02:31.397489,KXBTCD-25MAY2117-T108499.99,DELTA,56,250,59,25,924,no,38,1000
2025-05-21T13:02:31.420206,KXBTCD-25MAY2117-T108499.99,DELTA,56,250,61,4,925,no,41,-25
2025-05-21T13:02:31.420983,KXBTCD-25MAY2117-T108499.99,DELTA,56,250,61,4,926,no,38,25
2025-05-21T13:02:31.455077,KXBTCD-25MAY2117-T108499.99,DELTA,56,250,61,4,927,no,38,-25
2025-05-21T13:02:31.455396,KXBTCD-25MAY2117-T108499.99,DELTA,56,250,58,25,928,no,42,25
2025-05-21T13:02:31.498725,KXBTCD-25MAY2117-T108499.99,DELTA,56,250,61,4,929,no,42,-25
2025-05-21T13:02:31.499333,KXBTCD-25MAY2117-T108499.99,DELTA,56,250,61,29,930,no,39,25
2025-05-21T13:02:31.555505,KXBTCD-25MAY2117-T108499.99,DELTA,56,250,61,29,931,no,38,-1000
2025-05-21T13:02:31.615462,KXBTCD-25MAY2117-T108499.99,DELTA,56,250,60,1000,932,no,40,1000
2025-05-21T13:02:31.634708,KXBTCD-25MAY2117-T108499.99,DELTA,56,250,60,1000,933,no,39,-25
2025-05-21T13:02:31.635540,KXBTCD-25MAY2117-T108499.99,DELTA,56,250,60,1000,934,no,38,25
2025-05-21T13:02:31.675197,KXBTCD-25MAY2117-T108499.99,DELTA,56,250,60,1000,935,no,38,-25
2025-05-21T13:02:31.675456,KXBTCD-25MAY2117-T108499.99,DELTA,56,250,59,25,936,no,41,25
2025-05-21T13:02:31.694026,KXBTCD-25MAY2117-T108499.99,DELTA,56,250,59,25,937,no,40,-1000
2025-05-21T13:02:31.734285,KXBTCD-25MAY2117-T108499.99,DELTA,56,250,59,25,938,no,38,1000
2025-05-21T13:02:31.754159,KXBTCD-25MAY2117-T108499.99,DELTA,56,250,61,4,939,no,41,-25
2025-05-21T13:02:31.754333,KXBTCD-25MAY2117-T108499.99,DELTA,56,250,61,4,940,no,38,25
2025-05-21T13:02:31.794049,KXBTCD-25MAY2117-T108499.99,DELTA,56,250,61,4,941,no,38,-25
2025-05-21T13:02:31.794203,KXBTCD-25MAY2117-T108499.99,DELTA,56,250,58,25,942,no,42,25
2025-05-21T13:02:31.854876,KXBTCD-25MAY2117-T108499.99,DELTA,56,250,61,4,943,no,42,-25
2025-05-21T13:02:31.855127,KXBTCD-25MAY2117-T108499.99,DELTA,56,250,61,29,944,no,39,25
2025-05-21T13:02:31.915532,KXBTCD-25MAY2117-T108499.99,DELTA,56,250,61,29,945,no,38,-1000
2025-05-21T13:02:31.975437,KXBTCD-25MAY2117-T108499.99,DELTA,56,250,60,1000,946,no,40,1000
2025-05-21T13:02:32.002332,KXBTCD-25MAY2117-T108499.99,DELTA,56,250,60,1000,947,no,39,-25
2025-05-21T13:02:32.002625,KXBTCD-25MAY2117-T108499.99,DELTA,56,250,60,1000,948,no,38,25
2025-05-21T13:02:32.034109,KXBTCD-25MAY2117-T108499.99,DELTA,56,250,60,1000,949,no,38,-25
2025-05-21T13:02:32.034451,KXBTCD-25MAY2117-T108499.99,DELTA,56,250,59,25,950,no,41,25
2025-05-21T13:02:32.075353,KXBTCD-25MAY2117-T108499.99,DELTA,56,250,59,25,951,no,40,-1000
2025-05-21T13:02:32.096856,KXBTCD-25MAY2117-T108499.99,DELTA,56,250,59,25,952,yes,8,-4050
2025-05-21T13:02:32.097445,KXBTCD-25MAY2117-T108499.99,DELTA,56,250,59,25,953,yes,10,3240
2025-05-21T13:02:32.114942,KXBTCD-25MAY2117-T108499.99,DELTA,56,250,59,25,954,no,38,1000
2025-05-21T13:02:32.137763,KXBTCD-25MAY2117-T108499.99,DELTA,56,250,61,4,955,no,41,-25
2025-05-21T13:02:32.138612,KXBTCD-25MAY2117-T108499.99,DELTA,56,250,61,4,956,no,38,25
2025-05-21T13:02:32.155083,KXBTCD-25MAY2117-T108499.99,DELTA,56,250,61,4,957,no,8,-4050
2025-05-21T13:02:32.155892,KXBTCD-25MAY2117-T108499.99,DELTA,56,250,61,4,958,no,9,3600
2025-05-21T13:02:32.156599,KXBTCD-25MAY2117-T108499.99,DELTA,56,250,61,4,959,yes,9,-20000
2025-05-21T13:02:32.195588,KXBTCD-25MAY2117-T108499.99,DELTA,56,250,61,4,960,no,38,-25
2025-05-21T13:02:32.196371,KXBTCD-25MAY2117-T108499.99,DELTA,56,250,61,29,961,no,39,25
2025-05-21T13:02:32.197030,KXBTCD-25MAY2117-T108499.99,DELTA,56,250,61,29,962,yes,11,20000
2025-05-21T13:02:32.216058,KXBTCD-25MAY2117-T108499.99,DELTA,56,250,61,29,963,no,9,-20000
2025-05-21T13:02:32.255322,KXBTCD-25MAY2117-T108499.99,DELTA,56,250,61,29,964,no,38,-1000
2025-05-21T13:02:32.256461,KXBTCD-25MAY2117-T108499.99,DELTA,56,250,61,29,965,no,10,20000
2025-05-21T13:02:32.314211,KXBTCD-25MAY2117-T108499.99,DELTA,56,250,60,1000,966,no,40,1000
2025-05-21T13:02:32.314465,KXBTCD-25MAY2117-T108499.99,DELTA,56,250,60,1000,967,no,39,-25
2025-05-21T13:02:32.314616,KXBTCD-25MAY2117-T108499.99,DELTA,56,250,60,1000,968,no,38,25
2025-05-21T13:02:32.374045,KXBTCD-25MAY2117-T108499.99,DELTA,56,250,60,1000,969,no,38,-25
2025-05-21T13:02:32.374292,KXBTCD-25MAY2117-T108499.99,DELTA,56,250,59,25,970,no,41,25
2025-05-21T13:02:32.394624,KXBTCD-25MAY2117-T108499.99,DELTA,56,250,59,25,971,no,40,-1000
2025-05-21T13:02:32.435444,KXBTCD-25MAY2117-T108499.99,DELTA,56,250,59,25,972,no,38,1000
2025-05-21T13:02:32.455730,KXBTCD-25MAY2117-T108499.99,DELTA,56,250,61,4,973,no,41,-25
2025-05-21T13:02:32.455918,KXBTCD-25MAY2117-T108499.99,DELTA,56,250,61,4,974,no,38,25
2025-05-21T13:02:32.514086,KXBTCD-25MAY2117-T108499.99,DELTA,56,250,61,4,975,no,38,-25
2025-05-21T13:02:32.514463,KXBTCD-25MAY2117-T108499.99,DELTA,56,250,61,29,976,no,39,25
2025-05-21T13:02:32.594252,KXBTCD-25MAY2117-T108499.99,DELTA,56,250,61,29,977,no,38,-1000
2025-05-21T13:02:32.654939,KXBTCD-25MAY2117-T108499.99,DELTA,56,250,60,1000,978,no,40,1000
2025-05-21T13:02:32.655197,KXBTCD-25MAY2117-T108499.99,DELTA,56,250,60,1000,979,no,39,-25
2025-05-21T13:02:32.655356,KXBTCD-25MAY2117-T108499.99,DELTA,56,250,60,1000,980,no,38,25
2025-05-21T13:02:32.713895,KXBTCD-25MAY2117-T108499.99,DELTA,56,250,60,1000,981,no,38,-25
2025-05-21T13:02:32.714135,KXBTCD-25MAY2117-T108499.99,DELTA,56,250,59,25,982,no,41,25
2025-05-21T13:02:32.733995,KXBTCD-25MAY2117-T108499.99,DELTA,56,250,59,25,983,no,40,-1000
2025-05-21T13:02:32.774680,KXBTCD-25MAY2117-T108499.99,DELTA,56,250,59,25,984,no,38,1000
2025-05-21T13:02:32.798909,KXBTCD-25MAY2117-T108499.99,DELTA,56,250,61,4,985,no,41,-25
2025-05-21T13:02:32.799069,KXBTCD-25MAY2117-T108499.99,DELTA,56,250,61,4,986,no,38,25
2025-05-21T13:02:32.891824,KXBTCD-25MAY2117-T108499.99,DELTA,56,250,61,4,987,no,38,-25
2025-05-21T13:02:32.892035,KXBTCD-25MAY2117-T108499.99,DELTA,56,250,61,29,988,no,39,25
2025-05-21T13:02:32.977654,KXBTCD-25MAY2117-T108499.99,DELTA,56,250,61,29,989,no,38,-1000
2025-05-21T13:02:32.978087,KXBTCD-25MAY2117-T108499.99,DELTA,56,250,60,1000,990,no,40,1000
2025-05-21T13:02:33.016061,KXBTCD-25MAY2117-T108499.99,DELTA,56,250,60,1000,991,yes,43,-4
2025-05-21T13:02:33.016269,KXBTCD-25MAY2117-T108499.99,DELTA,56,250,60,1000,992,yes,42,4
2025-05-21T13:02:33.016394,KXBTCD-25MAY2117-T108499.99,DELTA,56,250,60,1000,993,no,26,-5
2025-05-21T13:02:33.016498,KXBTCD-25MAY2117-T108499.99,DELTA,56,250,60,1000,994,no,27,5
2025-05-21T13:02:33.035892,KXBTCD-25MAY2117-T108499.99,DELTA,56,250,60,1000,995,no,39,-25
2025-05-21T13:02:33.036104,KXBTCD-25MAY2117-T108499.99,DELTA,56,250,59,25,996,no,41,25
2025-05-21T13:02:33.095702,KXBTCD-25MAY2117-T108499.99,DELTA,56,250,59,25,997,no,40,-1000
2025-05-21T13:02:33.135658,KXBTCD-25MAY2117-T108499.99,DELTA,56,250,59,25,998,yes,48,24
2025-05-21T13:02:33.135962,KXBTCD-25MAY2117-T108499.99,DELTA,56,250,59,25,999,yes,49,-24
2025-05-21T13:02:33.136068,KXBTCD-25MAY2117-T108499.99,DELTA,56,250,59,25,1000,no,35,24
2025-05-21T13:02:33.155587,KXBTCD-25MAY2117-T108499.99,DELTA,56,250,59,25,1001,no,38,1000
2025-05-21T13:02:33.155870,KXBTCD-25MAY2117-T108499.99,DELTA,56,250,59,25,1002,no,33,-24
2025-05-21T13:02:33.175490,KXBTCD-25MAY2117-T108499.99,DELTA,56,250,61,4,1003,no,41,-25
2025-05-21T13:02:33.175962,KXBTCD-25MAY2117-T108499.99,DELTA,56,250,61,4,1004,no,38,25
2025-05-21T13:02:33.234921,KXBTCD-25MAY2117-T108499.99,DELTA,56,250,61,4,1005,no,38,-25
2025-05-21T13:02:33.235325,KXBTCD-25MAY2117-T108499.99,DELTA,56,250,58,25,1006,no,42,25
2025-05-21T13:02:33.235635,KXBTCD-25MAY2117-T108499.99,DELTA,55,150,58,25,1007,yes,56,-250
2025-05-21T13:02:33.255628,KXBTCD-25MAY2117-T108499.99,DELTA,55,150,58,25,1008,no,34,9
2025-05-21T13:02:33.274266,KXBTCD-25MAY2117-T108499.99,DELTA,56,50,58,25,1009,yes,56,50
2025-05-21T13:02:33.295394,KXBTCD-25MAY2117-T108499.99,DELTA,56,50,61,4,1010,no,42,-25
2025-05-21T13:02:33.295600,KXBTCD-25MAY2117-T108499.99,DELTA,56,50,61,29,1011,no,39,25
2025-05-21T13:02:33.314949,KXBTCD-25MAY2117-T108499.99,DELTA,55,150,61,29,1012,yes,56,-50
2025-05-21T13:02:33.340100,KXBTCD-25MAY2117-T108499.99,DELTA,55,150,61,29,1013,no,26,-500
2025-05-21T13:02:33.340218,KXBTCD-25MAY2117-T108499.99,DELTA,55,150,61,4,1014,no,39,-25
2025-05-21T13:02:33.340284,KXBTCD-25MAY2117-T108499.99,DELTA,55,150,57,25,1015,no,43,25
2025-05-21T13:02:33.374306,KXBTCD-25MAY2117-T108499.99,DELTA,55,350,57,25,1016,yes,55,200
2025-05-21T13:02:33.442421,KXBTCD-25MAY2117-T108499.99,DELTA,55,350,61,4,1017,no,43,-25
2025-05-21T13:02:33.442689,KXBTCD-25MAY2117-T108499.99,DELTA,55,350,61,29,1018,no,39,25
2025-05-21T13:02:33.442867,KXBTCD-25MAY2117-T108499.99,DELTA,55,350,61,29,1019,no,28,500
2025-05-21T13:02:33.442943,KXBTCD-25MAY2117-T108499.99,DELTA,55,350,61,29,1020,no,27,-2000
2025-05-21T13:02:33.443011,KXBTCD-25MAY2117-T108499.99,DELTA,55,350,61,4,1021,no,39,-25
2025-05-21T13:02:33.443077,KXBTCD-25MAY2117-T108499.99,DELTA,55,350,56,25,1022,no,44,25
2025-05-21T13:02:33.454155,KXBTCD-25MAY2117-T108499.99,DELTA,55,350,56,25,1023,no,27,-1250
2025-05-21T13:02:33.454307,KXBTCD-25MAY2117-T108499.99,DELTA,55,350,56,25,1024,no,28,-500
2025-05-21T13:02:33.494680,KXBTCD-25MAY2117-T108499.99,DELTA,55,350,56,25,1025,no,27,500
2025-05-21T13:02:33.494791,KXBTCD-25MAY2117-T108499.99,DELTA,55,350,61,4,1026,no,44,-25
2025-05-21T13:02:33.494855,KXBTCD-25MAY2117-T108499.99,DELTA,55,350,61,29,1027,no,39,25
2025-05-21T13:02:33.514960,KXBTCD-25MAY2117-T108499.99,DELTA,55,350,61,29,1028,no,29,1250
2025-05-21T13:02:33.515096,KXBTCD-25MAY2117-T108499.99,DELTA,55,350,61,29,1029,no,29,2000
2025-05-21T13:02:33.575328,KXBTCD-25MAY2117-T108499.99,DELTA,55,350,61,29,1030,no,29,-2000
2025-05-21T13:02:33.575752,KXBTCD-25MAY2117-T108499.99,DELTA,55,350,61,29,1031,no,38,-1000
2025-05-21T13:02:33.594241,KXBTCD-25MAY2117-T108499.99,DELTA,55,350,61,29,1032,no,29,-1250
2025-05-21T13:02:33.634467,KXBTCD-25MAY2117-T108499.99,DELTA,55,350,61,4,1033,no,39,-25
2025-05-21T13:02:33.634679,KXBTCD-25MAY2117-T108499.99,DELTA,55,350,61,4,1034,no,38,25
2025-05-21T13:02:33.653715,KXBTCD-25MAY2117-T108499.99,DELTA,55,350,60,1000,1035,no,40,1000
2025-05-21T13:02:33.653930,KXBTCD-25MAY2117-T108499.99,DELTA,55,350,60,1000,1036,no,28,1250
2025-05-21T13:02:33.654054,KXBTCD-25MAY2117-T108499.99,DELTA,55,150,60,1000,1037,yes,55,-200
2025-05-21T13:02:33.654155,KXBTCD-25MAY2117-T108499.99,DELTA,55,150,60,1000,1038,yes,10,-3240
2025-05-21T13:02:33.654238,KXBTCD-25MAY2117-T108499.99,DELTA,55,150,60,1000,1039,yes,12,2700
2025-05-21T13:02:33.682254,KXBTCD-25MAY2117-T108499.99,DELTA,55,150,60,1000,1040,no,27,-500
2025-05-21T13:02:33.693845,KXBTCD-25MAY2117-T108499.99,DELTA,55,150,60,1000,1041,no,28,2000
2025-05-21T13:02:33.715229,KXBTCD-25MAY2117-T108499.99,DELTA,55,150,60,1000,1042,no,9,-3600
2025-05-21T13:02:33.715435,KXBTCD-25MAY2117-T108499.99,DELTA,55,150,60,1000,1043,no,4,8100
2025-05-21T13:02:33.715579,KXBTCD-25MAY2117-T108499.99,DELTA,55,150,61,4,1044,no,40,-1000
2025-05-21T13:02:33.734469,KXBTCD-25MAY2117-T108499.99,DELTA,55,150,61,4,1045,yes,11,-20000
2025-05-21T13:02:33.735149,KXBTCD-25MAY2117-T108499.99,DELTA,55,150,61,4,1046,no,38,-25
2025-05-21T13:02:33.735428,KXBTCD-25MAY2117-T108499.99,DELTA,55,150,59,25,1047,no,41,25
2025-05-21T13:02:33.756195,KXBTCD-25MAY2117-T108499.99,DELTA,57,100,59,25,1048,yes,57,100
2025-05-21T13:02:33.756572,KXBTCD-25MAY2117-T108499.99,DELTA,57,100,59,25,1049,no,28,-2000
2025-05-21T13:02:33.756847,KXBTCD-25MAY2117-T108499.99,DELTA,57,100,59,25,1050,no,27,-5
2025-05-21T13:02:33.757099,KXBTCD-25MAY2117-T108499.99,DELTA,57,100,59,25,1051,no,26,5
2025-05-21T13:02:33.757332,KXBTCD-25MAY2117-T108499.99,DELTA,57,100,59,25,1052,no,28,-1250
2025-05-21T13:02:33.757555,KXBTCD-25MAY2117-T108499.99,DELTA,57,100,59,25,1053,no,26,500
2025-05-21T13:02:33.757752,KXBTCD-25MAY2117-T108499.99,DELTA,57,100,59,25,1054,no,38,1000
2025-05-21T13:02:33.774451,KXBTCD-25MAY2117-T108499.99,DELTA,57,100,61,4,1055,no,41,-25
2025-05-21T13:02:33.774591,KXBTCD-25MAY2117-T108499.99,DELTA,57,100,61,4,1056,no,38,25
2025-05-21T13:02:33.794504,KXBTCD-25MAY2117-T108499.99,DELTA,57,100,61,4,1057,yes,42,-4
2025-05-21T13:02:33.794728,KXBTCD-25MAY2117-T108499.99,DELTA,57,100,61,4,1058,yes,43,4
2025-05-21T13:02:33.794852,KXBTCD-25MAY2117-T108499.99,DELTA,57,100,61,4,1059,no,10,-20000
2025-05-21T13:02:33.794959,KXBTCD-25MAY2117-T108499.99,DELTA,57,100,61,4,1060,yes,5,20000
2025-05-21T13:02:33.815515,KXBTCD-25MAY2117-T108499.99,DELTA,57,100,61,4,1061,no,27,2000
2025-05-21T13:02:33.815670,KXBTCD-25MAY2117-T108499.99,DELTA,57,100,61,4,1062,no,27,1250
2025-05-21T13:02:33.834815,KXBTCD-25MAY2117-T108499.99,DELTA,57,100,61,4,1063,no,38,-25
2025-05-21T13:02:33.834970,KXBTCD-25MAY2117-T108499.99,DELTA,57,100,61,29,1064,no,39,25
2025-05-21T13:02:33.854708,KXBTCD-25MAY2117-T108499.99,DELTA,57,100,61,29,1065,no,5,20000
2025-05-21T13:02:33.895144,KXBTCD-25MAY2117-T108499.99,DELTA,57,100,61,29,1066,no,38,-1000
2025-05-21T13:02:33.934744,KXBTCD-25MAY2117-T108499.99,DELTA,57,100,60,1000,1067,no,40,1000
2025-05-21T13:02:33.955073,KXBTCD-25MAY2117-T108499.99,DELTA,57,100,60,1000,1068,no,39,-25
2025-05-21T13:02:33.955974,KXBTCD-25MAY2117-T108499.99,DELTA,57,100,60,1000,1069,no,38,25
2025-05-21T13:02:34.015633,KXBTCD-25MAY2117-T108499.99,DELTA,55,150,60,1000,1070,yes,57,-100
2025-05-21T13:02:34.016557,KXBTCD-25MAY2117-T108499.99,DELTA,55,150,60,1000,1071,no,34,-9
2025-05-21T13:02:34.017092,KXBTCD-25MAY2117-T108499.99,DELTA,55,150,60,1000,1072,no,28,9
2025-05-21T13:02:34.017602,KXBTCD-25MAY2117-T108499.99,DELTA,55,150,60,1000,1073,no,38,-25
2025-05-21T13:02:34.018085,KXBTCD-25MAY2117-T108499.99,DELTA,55,150,59,25,1074,no,41,25
2025-05-21T13:02:34.018561,KXBTCD-25MAY2117-T108499.99,DELTA,55,150,59,25,1075,no,40,-1000
2025-05-21T13:02:34.055636,KXBTCD-25MAY2117-T108499.99,DELTA,56,250,59,25,1076,yes,56,250
2025-05-21T13:02:34.075322,KXBTCD-25MAY2117-T108499.99,DELTA,56,250,59,25,1077,no,38,1000
2025-05-21T13:02:34.075784,KXBTCD-25MAY2117-T108499.99,DELTA,56,250,61,4,1078,no,41,-25
2025-05-21T13:02:34.076083,KXBTCD-25MAY2117-T108499.99,DELTA,56,250,61,4,1079,no,38,25
2025-05-21T13:02:34.115498,KXBTCD-25MAY2117-T108499.99,DELTA,56,250,61,4,1080,no,38,-25
2025-05-21T13:02:34.116037,KXBTCD-25MAY2117-T108499.99,DELTA,56,250,58,25,1081,no,42,25
2025-05-21T13:02:34.154673,KXBTCD-25MAY2117-T108499.99,DELTA,56,250,61,4,1082,no,42,-25
2025-05-21T13:02:34.155142,KXBTCD-25MAY2117-T108499.99,DELTA,56,250,61,29,1083,no,39,25
2025-05-21T13:02:34.236480,KXBTCD-25MAY2117-T108499.99,DELTA,56,250,61,29,1084,no,38,-1000
2025-05-21T13:02:34.295866,KXBTCD-25MAY2117-T108499.99,DELTA,56,250,60,1000,1085,no,40,1000
2025-05-21T13:02:34.296510,KXBTCD-25MAY2117-T108499.99,DELTA,56,250,60,1000,1086,no,39,-25
2025-05-21T13:02:34.296969,KXBTCD-25MAY2117-T108499.99,DELTA,56,250,60,1000,1087,no,38,25
2025-05-21T13:02:34.354902,KXBTCD-25MAY2117-T108499.99,DELTA,56,250,61,4,1088,no,40,-1000
2025-05-21T13:02:34.356313,KXBTCD-25MAY2117-T108499.99,DELTA,56,250,61,4,1089,no,38,-25
2025-05-21T13:02:34.356930,KXBTCD-25MAY2117-T108499.99,DELTA,56,250,59,25,1090,no,41,25
2025-05-21T13:02:34.395309,KXBTCD-25MAY2117-T108499.99,DELTA,56,250,59,25,1091,no,38,1000
2025-05-21T13:02:34.415103,KXBTCD-25MAY2117-T108499.99,DELTA,56,250,61,4,1092,no,41,-25
2025-05-21T13:02:34.415505,KXBTCD-25MAY2117-T108499.99,DELTA,56,250,61,4,1093,no,38,25
2025-05-21T13:02:34.454840,KXBTCD-25MAY2117-T108499.99,DELTA,56,250,61,4,1094,no,38,-25
2025-05-21T13:02:34.455144,KXBTCD-25MAY2117-T108499.99,DELTA,56,250,58,25,1095,no,42,25
2025-05-21T13:02:34.475101,KXBTCD-25MAY2117-T108499.99,DELTA,56,250,58,25,1096,yes,12,-2700
2025-05-21T13:02:34.475249,KXBTCD-25MAY2117-T108499.99,DELTA,56,250,58,25,1097,yes,6,5400
2025-05-21T13:02:34.494970,KXBTCD-25MAY2117-T108499.99,DELTA,56,250,61,4,1098,no,42,-25
2025-05-21T13:02:34.495158,KXBTCD-25MAY2117-T108499.99,DELTA,56,250,61,29,1099,no,39,25
2025-05-21T13:02:34.534968,KXBTCD-25MAY2117-T108499.99,DELTA,56,250,61,29,1100,no,4,-8100
2025-05-21T13:02:34.535147,KXBTCD-25MAY2117-T108499.99,DELTA,56,250,61,29,1101,no,6,5400
2025-05-21T13:02:34.535271,KXBTCD-25MAY2117-T108499.99,DELTA,56,250,61,29,1102,yes,5,-20000
2025-05-21T13:02:34.535382,KXBTCD-25MAY2117-T108499.99,DELTA,56,250,61,4,1103,no,39,-25
2025-05-21T13:02:34.535492,KXBTCD-25MAY2117-T108499.99,DELTA,56,250,57,25,1104,no,43,25
2025-05-21T13:02:34.577920,KXBTCD-25MAY2117-T108499.99,DELTA,56,250,57,25,1105,no,38,-1000
2025-05-21T13:02:34.578187,KXBTCD-25MAY2117-T108499.99,DELTA,56,250,57,25,1106,yes,7,20000
2025-05-21T13:02:34.594701,KXBTCD-25MAY2117-T108499.99,DELTA,56,250,61,4,1107,no,43,-25
2025-05-21T13:02:34.594897,KXBTCD-25MAY2117-T108499.99,DELTA,56,250,61,29,1108,no,39,25
2025-05-21T13:02:34.614844,KXBTCD-25MAY2117-T108499.99,DELTA,56,250,61,29,1109,no,38,1000
2025-05-21T13:02:34.615012,KXBTCD-25MAY2117-T108499.99,DELTA,56,250,61,29,1110,no,5,-20000
2025-05-21T13:02:34.634421,KXBTCD-25MAY2117-T108499.99,DELTA,56,250,61,4,1111,no,39,-25
2025-05-21T13:02:34.634513,KXBTCD-25MAY2117-T108499.99,DELTA,56,250,57,25,1112,no,43,25
2025-05-21T13:02:34.675013,KXBTCD-25MAY2117-T108499.99,DELTA,56,250,61,4,1113,no,43,-25
2025-05-21T13:02:34.675156,KXBTCD-25MAY2117-T108499.99,DELTA,56,250,61,29,1114,no,39,25
2025-05-21T13:02:34.693720,KXBTCD-25MAY2117-T108499.99,DELTA,56,250,61,29,1115,no,38,-1000
