timestamp,market_ticker,type,yes_bid_price_cents,yes_bid_qty,yes_ask_price_cents,yes_ask_qty_on_no_side,sequence_num,delta_side,delta_price_cents,delta_quantity
2025-05-21T15:00:56.327549,KXBTCD-25MAY2119-T108249.99,SNAPSHOT,67,9,79,9,1,,,
2025-05-21T15:00:56.434918,KXBTCD-25MAY2119-T108249.99,DELTA,67,9,79,9,2,yes,15,-2160
2025-05-21T15:00:56.436090,KXBTCD-25MAY2119-T108249.99,DELTA,67,9,79,9,3,yes,16,2025
2025-05-21T15:00:56.554549,KXBTCD-25MAY2119-T108249.99,DELTA,66,24,79,9,4,yes,67,-9
2025-05-21T15:00:56.555279,KXBTCD-25MAY2119-T108249.99,DELTA,66,24,79,9,5,no,9,9
2025-05-21T15:00:56.555969,KXBTCD-25MAY2119-T108249.99,DELTA,66,24,79,9,6,yes,52,9
2025-05-21T15:00:56.556493,KXBTCD-25MAY2119-T108249.99,DELTA,66,24,84,24,7,no,21,-9
2025-05-21T15:00:56.556973,KXBTCD-25MAY2119-T108249.99,DELTA,66,24,84,24,8,no,9,9
2025-05-21T15:00:56.875484,KXBTCD-25MAY2119-T108249.99,DELTA,52,18,84,24,9,yes,66,-24
2025-05-21T15:00:56.875796,KXBTCD-25MAY2119-T108249.99,DELTA,68,24,84,24,10,yes,68,24
2025-05-21T15:00:56.893193,KXBTCD-25MAY2119-T108249.99,DELTA,68,24,84,24,11,no,14,24
2025-05-21T15:00:56.893410,KXBTCD-25MAY2119-T108249.99,DELTA,68,24,86,24,12,no,16,-24
2025-05-21T15:00:57.036418,KXBTCD-25MAY2119-T108249.99,DELTA,68,24,83,100,13,no,17,100
2025-05-21T15:00:57.053249,KXBTCD-25MAY2119-T108249.99,DELTA,75,100,83,100,14,yes,75,100
2025-05-21T15:00:57.093801,KXBTCD-25MAY2119-T108249.99,DELTA,75,100,83,100,15,no,8,-1000
2025-05-21T15:00:57.154333,KXBTCD-25MAY2119-T108249.99,DELTA,75,100,82,1000,16,no,18,1000
2025-05-21T15:00:57.294417,KXBTCD-25MAY2119-T108249.99,DELTA,68,24,82,1000,17,yes,75,-100
2025-05-21T15:00:57.414789,KXBTCD-25MAY2119-T108249.99,DELTA,68,24,82,1000,18,no,9,-9
2025-05-21T15:00:57.415122,KXBTCD-25MAY2119-T108249.99,DELTA,68,24,82,1000,19,no,9,-9
2025-05-21T15:00:57.415299,KXBTCD-25MAY2119-T108249.99,DELTA,68,24,81,9,20,no,19,9
2025-05-21T15:00:57.715278,KXBTCD-25MAY2119-T108249.99,DELTA,68,24,81,9,21,no,7,-4628
2025-05-21T15:00:57.715739,KXBTCD-25MAY2119-T108249.99,DELTA,68,24,81,9,22,no,6,5400
2025-05-21T15:00:57.773782,KXBTCD-25MAY2119-T108249.99,DELTA,68,24,81,9,23,no,8,-20000
2025-05-21T15:00:57.774350,KXBTCD-25MAY2119-T108249.99,DELTA,68,24,81,9,24,no,8,-2000
2025-05-21T15:00:57.793808,KXBTCD-25MAY2119-T108249.99,DELTA,68,24,81,9,25,no,8,-1250
2025-05-21T15:00:57.839328,KXBTCD-25MAY2119-T108249.99,DELTA,68,24,81,9,26,no,7,2000
2025-05-21T15:00:57.840159,KXBTCD-25MAY2119-T108249.99,DELTA,68,24,81,9,27,no,7,20000
2025-05-21T15:00:57.840761,KXBTCD-25MAY2119-T108249.99,DELTA,68,24,81,9,28,no,7,1250
2025-05-21T15:00:58.194875,KXBTCD-25MAY2119-T108249.99,DELTA,52,18,81,9,29,yes,68,-24
2025-05-21T15:00:58.196196,KXBTCD-25MAY2119-T108249.99,DELTA,52,9,81,9,30,yes,52,-9
2025-05-21T15:00:58.197112,KXBTCD-25MAY2119-T108249.99,DELTA,51,3000,81,9,31,yes,52,-9
2025-05-21T15:00:58.197710,KXBTCD-25MAY2119-T108249.99,DELTA,51,2935,81,9,32,yes,51,-65
2025-05-21T15:00:58.254900,KXBTCD-25MAY2119-T108249.99,DELTA,62,24,81,9,33,yes,62,24
2025-05-21T15:00:58.255331,KXBTCD-25MAY2119-T108249.99,DELTA,62,24,81,9,34,no,14,-24
2025-05-21T15:00:58.272670,KXBTCD-25MAY2119-T108249.99,DELTA,62,24,81,33,35,no,19,24
2025-05-21T15:00:58.334404,KXBTCD-25MAY2119-T108249.99,DELTA,62,24,81,33,36,no,18,-1000
2025-05-21T15:00:58.376241,KXBTCD-25MAY2119-T108249.99,DELTA,62,24,80,1000,37,no,20,1000
2025-05-21T15:00:58.553947,KXBTCD-25MAY2119-T108249.99,DELTA,62,24,80,1000,38,yes,15,-8000
2025-05-21T15:00:58.573714,KXBTCD-25MAY2119-T108249.99,DELTA,75,100,80,1000,39,yes,75,100
2025-05-21T15:00:58.596137,KXBTCD-25MAY2119-T108249.99,DELTA,75,100,80,1000,40,yes,16,8000
2025-05-21T15:00:58.692427,KXBTCD-25MAY2119-T108249.99,DELTA,75,100,80,1000,41,no,19,-9
2025-05-21T15:00:58.692573,KXBTCD-25MAY2119-T108249.99,DELTA,75,100,79,9,42,no,21,9
2025-05-21T15:00:58.773091,KXBTCD-25MAY2119-T108249.99,DELTA,75,100,79,9,43,no,20,-1000
2025-05-21T15:00:58.813485,KXBTCD-25MAY2119-T108249.99,DELTA,75,100,79,9,44,no,18,1000
2025-05-21T15:00:58.974904,KXBTCD-25MAY2119-T108249.99,DELTA,75,100,79,9,45,yes,16,-2025
2025-05-21T15:00:58.975145,KXBTCD-25MAY2119-T108249.99,DELTA,75,100,79,9,46,yes,17,1905
2025-05-21T15:00:59.074146,KXBTCD-25MAY2119-T108249.99,DELTA,75,100,79,9,47,no,19,9
2025-05-21T15:00:59.154561,KXBTCD-25MAY2119-T108249.99,DELTA,75,100,79,9,48,no,18,-1000
2025-05-21T15:00:59.193537,KXBTCD-25MAY2119-T108249.99,DELTA,75,100,81,33,49,no,21,-9
2025-05-21T15:00:59.193810,KXBTCD-25MAY2119-T108249.99,DELTA,75,100,81,42,50,no,19,9
2025-05-21T15:00:59.193961,KXBTCD-25MAY2119-T108249.99,DELTA,75,100,80,1000,51,no,20,1000
2025-05-21T15:01:00.997706,KXBTCD-25MAY2119-T108249.99,DELTA,75,100,80,1000,52,yes,16,-8000
2025-05-21T15:01:00.997956,KXBTCD-25MAY2119-T108249.99,DELTA,75,100,80,1000,53,yes,18,8000
2025-05-21T15:01:01.075077,KXBTCD-25MAY2119-T108249.99,DELTA,75,100,80,1000,54,no,19,-9
2025-05-21T15:01:01.075362,KXBTCD-25MAY2119-T108249.99,DELTA,75,100,79,9,55,no,21,9
2025-05-21T15:01:01.075684,KXBTCD-25MAY2119-T108249.99,DELTA,75,100,79,9,56,no,19,-9
2025-05-21T15:01:01.075793,KXBTCD-25MAY2119-T108249.99,DELTA,75,100,79,18,57,no,21,9
2025-05-21T15:01:01.134270,KXBTCD-25MAY2119-T108249.99,DELTA,75,100,79,18,58,no,20,-1000
2025-05-21T15:01:01.173201,KXBTCD-25MAY2119-T108249.99,DELTA,75,100,79,18,59,no,18,1000
2025-05-21T15:01:01.514547,KXBTCD-25MAY2119-T108249.99,DELTA,75,100,79,18,60,yes,17,-1905
2025-05-21T15:01:01.514996,KXBTCD-25MAY2119-T108249.99,DELTA,75,100,79,18,61,yes,19,1705
2025-05-21T15:01:01.573451,KXBTCD-25MAY2119-T108249.99,DELTA,75,100,79,18,62,no,6,-5400
2025-05-21T15:01:01.573753,KXBTCD-25MAY2119-T108249.99,DELTA,75,100,79,18,63,no,7,4628
2025-05-21T15:01:01.614293,KXBTCD-25MAY2119-T108249.99,DELTA,75,100,79,9,64,no,21,-9
2025-05-21T15:01:01.614496,KXBTCD-25MAY2119-T108249.99,DELTA,75,100,79,9,65,no,19,9
2025-05-21T15:01:01.634286,KXBTCD-25MAY2119-T108249.99,DELTA,75,100,79,9,66,no,7,-20000
2025-05-21T15:01:01.634810,KXBTCD-25MAY2119-T108249.99,DELTA,75,100,79,9,67,no,7,-2000
2025-05-21T15:01:01.654467,KXBTCD-25MAY2119-T108249.99,DELTA,75,100,79,9,68,no,7,-1250
2025-05-21T15:01:01.694942,KXBTCD-25MAY2119-T108249.99,DELTA,75,100,79,9,69,no,18,-1000
2025-05-21T15:01:01.695715,KXBTCD-25MAY2119-T108249.99,DELTA,75,100,79,9,70,no,8,20000
2025-05-21T15:01:01.696299,KXBTCD-25MAY2119-T108249.99,DELTA,75,100,79,9,71,no,8,1250
2025-05-21T15:01:01.696821,KXBTCD-25MAY2119-T108249.99,DELTA,75,100,79,9,72,no,8,2000
2025-05-21T15:01:01.734616,KXBTCD-25MAY2119-T108249.99,DELTA,75,100,79,9,73,no,20,1000
2025-05-21T15:01:02.554286,KXBTCD-25MAY2119-T108249.99,DELTA,75,100,79,9,74,yes,41,-1000
2025-05-21T15:01:02.613861,KXBTCD-25MAY2119-T108249.99,DELTA,75,1100,79,9,75,yes,75,1000
2025-05-21T15:01:02.674898,KXBTCD-25MAY2119-T108249.99,DELTA,75,1100,79,9,76,no,19,-9
2025-05-21T15:01:02.675936,KXBTCD-25MAY2119-T108249.99,DELTA,75,1100,79,18,77,no,21,9
2025-05-21T15:01:02.734959,KXBTCD-25MAY2119-T108249.99,DELTA,75,1100,79,18,78,no,20,-1000
2025-05-21T15:01:02.775095,KXBTCD-25MAY2119-T108249.99,DELTA,75,1100,79,18,79,no,18,1000
2025-05-21T15:01:03.114924,KXBTCD-25MAY2119-T108249.99,DELTA,75,100,79,18,80,yes,75,-1000
2025-05-21T15:01:03.194623,KXBTCD-25MAY2119-T108249.99,DELTA,75,100,79,18,81,yes,41,1000
2025-05-21T15:01:03.233023,KXBTCD-25MAY2119-T108249.99,DELTA,75,100,79,9,82,no,21,-9
2025-05-21T15:01:03.233887,KXBTCD-25MAY2119-T108249.99,DELTA,75,100,79,9,83,no,19,9
2025-05-21T15:01:03.294379,KXBTCD-25MAY2119-T108249.99,DELTA,75,100,79,9,84,no,18,-1000
2025-05-21T15:01:03.334142,KXBTCD-25MAY2119-T108249.99,DELTA,75,100,79,9,85,no,20,1000
2025-05-21T15:01:03.634514,KXBTCD-25MAY2119-T108249.99,DELTA,75,100,79,9,86,yes,41,-1000
2025-05-21T15:01:03.673616,KXBTCD-25MAY2119-T108249.99,DELTA,75,1100,79,9,87,yes,75,1000
2025-05-21T15:01:03.754135,KXBTCD-25MAY2119-T108249.99,DELTA,75,1100,79,9,88,no,19,-9
2025-05-21T15:01:03.754369,KXBTCD-25MAY2119-T108249.99,DELTA,75,1100,79,18,89,no,21,9
2025-05-21T15:01:03.813546,KXBTCD-25MAY2119-T108249.99,DELTA,75,1100,79,18,90,no,20,-1000
2025-05-21T15:01:03.855013,KXBTCD-25MAY2119-T108249.99,DELTA,75,1100,79,18,91,no,18,1000
2025-05-21T15:01:04.815000,KXBTCD-25MAY2119-T108249.99,DELTA,75,100,79,18,92,yes,75,-1000
2025-05-21T15:01:04.854723,KXBTCD-25MAY2119-T108249.99,DELTA,75,100,79,18,93,yes,41,1000
2025-05-21T15:01:04.934801,KXBTCD-25MAY2119-T108249.99,DELTA,75,100,79,9,94,no,21,-9
2025-05-21T15:01:04.935379,KXBTCD-25MAY2119-T108249.99,DELTA,75,100,79,9,95,no,19,9
2025-05-21T15:01:04.935726,KXBTCD-25MAY2119-T108249.99,DELTA,75,100,81,33,96,no,21,-9
2025-05-21T15:01:04.936009,KXBTCD-25MAY2119-T108249.99,DELTA,75,100,81,42,97,no,19,9
2025-05-21T15:01:04.995682,KXBTCD-25MAY2119-T108249.99,DELTA,75,100,81,42,98,no,18,-1000
2025-05-21T15:01:05.056603,KXBTCD-25MAY2119-T108249.99,DELTA,75,100,80,1000,99,no,20,1000
2025-05-21T15:01:09.014931,KXBTCD-25MAY2119-T108249.99,DELTA,62,24,80,1000,100,yes,75,-100
2025-05-21T15:01:09.134489,KXBTCD-25MAY2119-T108249.99,DELTA,62,24,80,1000,101,yes,52,9
2025-05-21T15:01:09.134648,KXBTCD-25MAY2119-T108249.99,DELTA,62,24,80,1000,102,no,19,-9
2025-05-21T15:01:09.134755,KXBTCD-25MAY2119-T108249.99,DELTA,62,24,79,9,103,no,21,9
2025-05-21T15:01:09.154427,KXBTCD-25MAY2119-T108249.99,DELTA,62,24,79,9,104,no,19,-9
2025-05-21T15:01:09.154590,KXBTCD-25MAY2119-T108249.99,DELTA,62,24,79,18,105,no,21,9
2025-05-21T15:01:09.214118,KXBTCD-25MAY2119-T108249.99,DELTA,62,24,79,18,106,no,20,-1000
2025-05-21T15:01:09.272569,KXBTCD-25MAY2119-T108249.99,DELTA,62,24,79,18,107,no,18,1000
2025-05-21T15:01:10.455320,KXBTCD-25MAY2119-T108249.99,DELTA,76,100,79,18,108,yes,76,100
2025-05-21T15:01:10.473997,KXBTCD-25MAY2119-T108249.99,DELTA,76,100,79,18,109,no,7,-4628
2025-05-21T15:01:10.474427,KXBTCD-25MAY2119-T108249.99,DELTA,76,100,79,18,110,no,6,5400
2025-05-21T15:01:10.533354,KXBTCD-25MAY2119-T108249.99,DELTA,76,100,79,18,111,no,8,-20000
2025-05-21T15:01:10.553564,KXBTCD-25MAY2119-T108249.99,DELTA,76,100,79,18,112,no,8,-2000
2025-05-21T15:01:10.553791,KXBTCD-25MAY2119-T108249.99,DELTA,76,100,79,18,113,no,8,-1250
2025-05-21T15:01:10.573196,KXBTCD-25MAY2119-T108249.99,DELTA,76,100,79,9,114,no,21,-9
2025-05-21T15:01:10.573421,KXBTCD-25MAY2119-T108249.99,DELTA,76,100,79,9,115,no,19,9
2025-05-21T15:01:10.593278,KXBTCD-25MAY2119-T108249.99,DELTA,76,100,79,9,116,yes,52,-9
2025-05-21T15:01:10.593652,KXBTCD-25MAY2119-T108249.99,DELTA,76,100,81,33,117,no,21,-9
2025-05-21T15:01:10.593816,KXBTCD-25MAY2119-T108249.99,DELTA,76,100,81,42,118,no,19,9
2025-05-21T15:01:10.593967,KXBTCD-25MAY2119-T108249.99,DELTA,76,100,81,42,119,no,7,1250
2025-05-21T15:01:10.594178,KXBTCD-25MAY2119-T108249.99,DELTA,76,100,81,42,120,no,7,2000
2025-05-21T15:01:10.613131,KXBTCD-25MAY2119-T108249.99,DELTA,76,100,81,42,121,no,7,20000
2025-05-21T15:01:10.653404,KXBTCD-25MAY2119-T108249.99,DELTA,76,100,81,42,122,no,18,-1000
2025-05-21T15:01:10.694268,KXBTCD-25MAY2119-T108249.99,DELTA,76,100,80,1000,123,no,20,1000
2025-05-21T15:01:19.473207,KXBTCD-25MAY2119-T108249.99,DELTA,76,100,80,1000,124,no,17,-100
2025-05-21T15:01:19.473751,KXBTCD-25MAY2119-T108249.99,DELTA,62,24,80,1000,125,yes,76,-100
2025-05-21T15:01:19.594902,KXBTCD-25MAY2119-T108249.99,DELTA,62,24,80,1000,126,no,19,-9
2025-05-21T15:01:19.595933,KXBTCD-25MAY2119-T108249.99,DELTA,62,24,79,9,127,no,21,9
2025-05-21T15:01:19.596331,KXBTCD-25MAY2119-T108249.99,DELTA,62,24,79,9,128,no,19,-9
2025-05-21T15:01:19.596610,KXBTCD-25MAY2119-T108249.99,DELTA,62,24,79,18,129,no,21,9
2025-05-21T15:01:19.596842,KXBTCD-25MAY2119-T108249.99,DELTA,62,24,79,18,130,yes,52,9
2025-05-21T15:01:19.653741,KXBTCD-25MAY2119-T108249.99,DELTA,62,24,79,18,131,no,20,-1000
2025-05-21T15:01:19.714262,KXBTCD-25MAY2119-T108249.99,DELTA,62,24,79,18,132,no,7,1000
2025-05-21T15:01:20.555128,KXBTCD-25MAY2119-T108249.99,DELTA,63,24,79,18,133,yes,63,24
2025-05-21T15:01:20.555693,KXBTCD-25MAY2119-T108249.99,DELTA,63,24,79,18,134,yes,62,-24
2025-05-21T15:01:20.556208,KXBTCD-25MAY2119-T108249.99,DELTA,63,24,79,18,135,no,19,-24
2025-05-21T15:01:20.556421,KXBTCD-25MAY2119-T108249.99,DELTA,63,24,79,18,136,no,18,24
2025-05-21T15:01:20.674063,KXBTCD-25MAY2119-T108249.99,DELTA,63,24,79,18,137,yes,52,-9
2025-05-21T15:01:20.674186,KXBTCD-25MAY2119-T108249.99,DELTA,63,24,79,9,138,no,21,-9
2025-05-21T15:01:20.674294,KXBTCD-25MAY2119-T108249.99,DELTA,63,24,79,9,139,no,8,9
2025-05-21T15:01:20.674358,KXBTCD-25MAY2119-T108249.99,DELTA,63,24,82,24,140,no,21,-9
2025-05-21T15:01:20.674415,KXBTCD-25MAY2119-T108249.99,DELTA,63,24,82,24,141,no,8,9
2025-05-21T15:01:20.794146,KXBTCD-25MAY2119-T108249.99,DELTA,77,100,82,24,142,yes,77,100
2025-05-21T15:01:20.813310,KXBTCD-25MAY2119-T108249.99,DELTA,77,100,82,24,143,no,15,100
2025-05-21T15:01:20.874157,KXBTCD-25MAY2119-T108249.99,DELTA,77,100,82,24,144,no,7,-1000
2025-05-21T15:01:20.913630,KXBTCD-25MAY2119-T108249.99,DELTA,77,100,82,24,145,no,16,1000
2025-05-21T15:01:21.474622,KXBTCD-25MAY2119-T108249.99,DELTA,77,100,82,24,146,no,15,-100
2025-05-21T15:01:21.553767,KXBTCD-25MAY2119-T108249.99,DELTA,77,100,82,24,147,yes,18,-8000
2025-05-21T15:01:21.574249,KXBTCD-25MAY2119-T108249.99,DELTA,77,100,82,24,148,no,16,-1000
2025-05-21T15:01:21.592947,KXBTCD-25MAY2119-T108249.99,DELTA,77,100,82,24,149,no,8,-9
2025-05-21T15:01:21.593717,KXBTCD-25MAY2119-T108249.99,DELTA,77,100,82,24,150,no,17,9
2025-05-21T15:01:21.594480,KXBTCD-25MAY2119-T108249.99,DELTA,77,100,82,24,151,no,8,-9
2025-05-21T15:01:21.595051,KXBTCD-25MAY2119-T108249.99,DELTA,77,100,82,24,152,no,17,9
2025-05-21T15:01:21.634644,KXBTCD-25MAY2119-T108249.99,DELTA,77,100,82,24,153,no,7,1000
2025-05-21T15:01:21.653388,KXBTCD-25MAY2119-T108249.99,DELTA,77,100,82,24,154,yes,23,8000
2025-05-21T15:01:21.935552,KXBTCD-25MAY2119-T108249.99,DELTA,77,100,82,24,155,yes,41,-1000
2025-05-21T15:01:21.952602,KXBTCD-25MAY2119-T108249.99,DELTA,77,100,82,24,156,no,6,-3000
2025-05-21T15:01:22.066831,KXBTCD-25MAY2119-T108249.99,DELTA,77,100,82,24,157,no,2,3000
2025-05-21T15:01:22.067005,KXBTCD-25MAY2119-T108249.99,DELTA,77,1100,82,24,158,yes,77,1000
2025-05-21T15:01:22.067632,KXBTCD-25MAY2119-T108249.99,DELTA,77,1100,82,24,159,no,17,-9
2025-05-21T15:01:22.067725,KXBTCD-25MAY2119-T108249.99,DELTA,77,1100,82,24,160,no,8,9
2025-05-21T15:01:22.068002,KXBTCD-25MAY2119-T108249.99,DELTA,77,1100,82,24,161,yes,65,24
2025-05-21T15:01:22.078108,KXBTCD-25MAY2119-T108249.99,DELTA,77,1100,82,24,162,no,16,24
2025-05-21T15:01:22.078298,KXBTCD-25MAY2119-T108249.99,DELTA,77,1100,82,24,163,yes,63,-24
2025-05-21T15:01:22.093760,KXBTCD-25MAY2119-T108249.99,DELTA,77,1100,83,9,164,no,18,-24
2025-05-21T15:01:22.214541,KXBTCD-25MAY2119-T108249.99,DELTA,77,1000,83,9,165,yes,77,-100
2025-05-21T15:01:22.254090,KXBTCD-25MAY2119-T108249.99,DELTA,65,24,83,9,166,yes,77,-1000
2025-05-21T15:01:22.314801,KXBTCD-25MAY2119-T108249.99,DELTA,65,24,83,9,167,yes,41,1000
2025-05-21T15:01:22.315622,KXBTCD-25MAY2119-T108249.99,DELTA,65,24,83,9,168,no,14,100
2025-05-21T15:01:22.374378,KXBTCD-25MAY2119-T108249.99,DELTA,65,24,83,9,169,no,7,-1000
2025-05-21T15:01:22.375490,KXBTCD-25MAY2119-T108249.99,DELTA,65,24,84,24,170,no,17,-9
2025-05-21T15:01:22.376203,KXBTCD-25MAY2119-T108249.99,DELTA,65,24,84,24,171,no,8,9
2025-05-21T15:01:22.376780,KXBTCD-25MAY2119-T108249.99,DELTA,65,24,84,24,172,no,8,9
2025-05-21T15:01:22.455305,KXBTCD-25MAY2119-T108249.99,DELTA,65,24,84,24,173,no,15,1000
2025-05-21T15:01:22.474000,KXBTCD-25MAY2119-T108249.99,DELTA,65,24,84,24,174,no,8,-9
2025-05-21T15:01:22.474946,KXBTCD-25MAY2119-T108249.99,DELTA,65,24,84,24,175,no,15,9
2025-05-21T15:01:22.493216,KXBTCD-25MAY2119-T108249.99,DELTA,65,24,84,24,176,yes,52,9
2025-05-21T15:01:22.653369,KXBTCD-25MAY2119-T108249.99,DELTA,65,24,84,24,177,yes,19,-1705
2025-05-21T15:01:22.653637,KXBTCD-25MAY2119-T108249.99,DELTA,65,24,84,24,178,yes,24,1350
2025-05-21T15:01:22.713243,KXBTCD-25MAY2119-T108249.99,DELTA,65,24,84,24,179,no,6,-5400
2025-05-21T15:01:22.713464,KXBTCD-25MAY2119-T108249.99,DELTA,65,24,84,24,180,no,3,10800
2025-05-21T15:01:22.773450,KXBTCD-25MAY2119-T108249.99,DELTA,65,24,84,24,181,no,7,-20000
2025-05-21T15:01:22.773904,KXBTCD-25MAY2119-T108249.99,DELTA,65,24,84,24,182,no,7,-2000
2025-05-21T15:01:22.793154,KXBTCD-25MAY2119-T108249.99,DELTA,65,24,84,24,183,no,7,-1250
2025-05-21T15:01:22.833377,KXBTCD-25MAY2119-T108249.99,DELTA,65,24,84,24,184,no,4,2000
2025-05-21T15:01:22.833949,KXBTCD-25MAY2119-T108249.99,DELTA,65,24,84,24,185,no,4,20000
2025-05-21T15:01:22.834125,KXBTCD-25MAY2119-T108249.99,DELTA,65,24,84,24,186,no,4,1250
2025-05-21T15:01:22.894415,KXBTCD-25MAY2119-T108249.99,DELTA,65,24,84,24,187,no,15,-9
2025-05-21T15:01:22.894585,KXBTCD-25MAY2119-T108249.99,DELTA,65,24,84,33,188,no,16,9
2025-05-21T15:01:22.994439,KXBTCD-25MAY2119-T108249.99,DELTA,65,24,84,33,189,no,15,-1000
2025-05-21T15:01:23.034491,KXBTCD-25MAY2119-T108249.99,DELTA,65,24,83,1000,190,no,17,1000
2025-05-21T15:01:23.153863,KXBTCD-25MAY2119-T108249.99,DELTA,65,24,83,1000,191,no,8,-9
2025-05-21T15:01:23.154086,KXBTCD-25MAY2119-T108249.99,DELTA,65,24,82,9,192,no,18,9
2025-05-21T15:01:23.154179,KXBTCD-25MAY2119-T108249.99,DELTA,65,24,82,9,193,no,8,-9
2025-05-21T15:01:23.435866,KXBTCD-25MAY2119-T108249.99,DELTA,78,100,82,9,194,yes,78,100
2025-05-21T15:01:23.494759,KXBTCD-25MAY2119-T108249.99,DELTA,78,100,82,9,195,yes,41,-1000
2025-05-21T15:01:23.553761,KXBTCD-25MAY2119-T108249.99,DELTA,78,1100,82,9,196,yes,78,1000
2025-05-21T15:01:23.554649,KXBTCD-25MAY2119-T108249.99,DELTA,78,1100,82,9,197,no,16,-9
2025-05-21T15:01:23.555025,KXBTCD-25MAY2119-T108249.99,DELTA,78,1100,82,18,198,no,18,9
2025-05-21T15:01:23.555213,KXBTCD-25MAY2119-T108249.99,DELTA,78,1100,82,18,199,yes,52,-9
2025-05-21T15:01:23.614850,KXBTCD-25MAY2119-T108249.99,DELTA,78,1100,82,18,200,no,17,-1000
2025-05-21T15:01:23.655304,KXBTCD-25MAY2119-T108249.99,DELTA,78,1100,82,18,201,no,15,1000
2025-05-21T15:01:23.954600,KXBTCD-25MAY2119-T108249.99,DELTA,78,100,82,18,202,yes,78,-1000
2025-05-21T15:01:23.973492,KXBTCD-25MAY2119-T108249.99,DELTA,65,24,82,18,203,yes,78,-100
2025-05-21T15:01:24.014468,KXBTCD-25MAY2119-T108249.99,DELTA,65,24,82,18,204,yes,41,1000
2025-05-21T15:01:24.093711,KXBTCD-25MAY2119-T108249.99,DELTA,65,24,82,9,205,no,18,-9
2025-05-21T15:01:24.094251,KXBTCD-25MAY2119-T108249.99,DELTA,65,24,82,9,206,no,16,9
2025-05-21T15:01:24.094600,KXBTCD-25MAY2119-T108249.99,DELTA,65,24,84,33,207,no,18,-9
2025-05-21T15:01:24.094885,KXBTCD-25MAY2119-T108249.99,DELTA,65,24,84,42,208,no,16,9
2025-05-21T15:01:24.155391,KXBTCD-25MAY2119-T108249.99,DELTA,65,24,84,42,209,no,15,-1000
2025-05-21T15:01:24.213792,KXBTCD-25MAY2119-T108249.99,DELTA,65,24,83,1000,210,no,17,1000
2025-05-21T15:01:24.873698,KXBTCD-25MAY2119-T108249.99,DELTA,79,100,83,1000,211,yes,79,100
2025-05-21T15:01:24.994324,KXBTCD-25MAY2119-T108249.99,DELTA,79,100,83,1000,212,no,16,-9
2025-05-21T15:01:24.994483,KXBTCD-25MAY2119-T108249.99,DELTA,79,100,82,9,213,no,18,9
2025-05-21T15:01:25.013576,KXBTCD-25MAY2119-T108249.99,DELTA,79,100,82,9,214,no,16,-9
2025-05-21T15:01:25.013704,KXBTCD-25MAY2119-T108249.99,DELTA,79,100,82,18,215,no,18,9
2025-05-21T15:01:25.073549,KXBTCD-25MAY2119-T108249.99,DELTA,79,100,82,18,216,no,17,-1000
2025-05-21T15:01:25.135084,KXBTCD-25MAY2119-T108249.99,DELTA,79,100,82,18,217,no,15,1000
2025-05-21T15:01:26.313724,KXBTCD-25MAY2119-T108249.99,DELTA,65,24,82,18,218,yes,79,-100
2025-05-21T15:01:26.314022,KXBTCD-25MAY2119-T108249.99,DELTA,51,2935,82,18,219,yes,65,-24
2025-05-21T15:01:26.314306,KXBTCD-25MAY2119-T108249.99,DELTA,51,2903,82,18,220,yes,51,-32
2025-05-21T15:01:26.373823,KXBTCD-25MAY2119-T108249.99,DELTA,51,2903,82,18,221,no,16,-24
2025-05-21T15:01:26.374041,KXBTCD-25MAY2119-T108249.99,DELTA,57,24,82,18,222,yes,57,24
2025-05-21T15:01:26.393136,KXBTCD-25MAY2119-T108249.99,DELTA,57,24,81,24,223,no,19,24
2025-05-21T15:01:26.433796,KXBTCD-25MAY2119-T108249.99,DELTA,57,24,81,24,224,no,18,-9
2025-05-21T15:01:26.433948,KXBTCD-25MAY2119-T108249.99,DELTA,57,24,81,24,225,no,16,9
2025-05-21T15:01:26.434034,KXBTCD-25MAY2119-T108249.99,DELTA,57,24,81,24,226,no,18,-9
2025-05-21T15:01:26.434103,KXBTCD-25MAY2119-T108249.99,DELTA,57,24,81,24,227,no,16,9
2025-05-21T15:01:26.452478,KXBTCD-25MAY2119-T108249.99,DELTA,57,24,81,24,228,yes,52,9
2025-05-21T15:01:27.013671,KXBTCD-25MAY2119-T108249.99,DELTA,76,100,81,24,229,yes,76,100
2025-05-21T15:01:27.053629,KXBTCD-25MAY2119-T108249.99,DELTA,76,100,81,24,230,no,14,-100
2025-05-21T15:01:27.093049,KXBTCD-25MAY2119-T108249.99,DELTA,76,100,81,24,231,yes,41,-1000
2025-05-21T15:01:27.113522,KXBTCD-25MAY2119-T108249.99,DELTA,76,100,81,24,232,no,16,50
2025-05-21T15:01:27.113676,KXBTCD-25MAY2119-T108249.99,DELTA,76,100,81,24,233,yes,52,-9
2025-05-21T15:01:27.133752,KXBTCD-25MAY2119-T108249.99,DELTA,76,100,81,24,234,no,15,-1000
2025-05-21T15:01:27.134024,KXBTCD-25MAY2119-T108249.99,DELTA,76,100,81,24,235,yes,75,50
2025-05-21T15:01:27.154744,KXBTCD-25MAY2119-T108249.99,DELTA,77,1000,81,24,236,yes,77,1000
2025-05-21T15:01:27.172768,KXBTCD-25MAY2119-T108249.99,DELTA,77,1000,81,24,237,no,17,1000
2025-05-21T15:01:27.672716,KXBTCD-25MAY2119-T108249.99,DELTA,77,1000,81,24,238,no,3,-10800
2025-05-21T15:01:27.672886,KXBTCD-25MAY2119-T108249.99,DELTA,77,1000,81,24,239,no,2,16200
2025-05-21T15:01:27.814606,KXBTCD-25MAY2119-T108249.99,DELTA,77,1000,81,24,240,no,4,-20000
2025-05-21T15:01:27.814890,KXBTCD-25MAY2119-T108249.99,DELTA,77,1000,81,24,241,no,16,-9
2025-05-21T15:01:27.815059,KXBTCD-25MAY2119-T108249.99,DELTA,77,1000,81,24,242,no,18,9
2025-05-21T15:01:27.815191,KXBTCD-25MAY2119-T108249.99,DELTA,77,1000,81,24,243,no,16,-50
2025-05-21T15:01:27.815310,KXBTCD-25MAY2119-T108249.99,DELTA,77,1000,81,24,244,no,18,50
2025-05-21T15:01:27.815627,KXBTCD-25MAY2119-T108249.99,DELTA,77,1000,81,24,245,no,4,-2000
2025-05-21T15:01:27.833731,KXBTCD-25MAY2119-T108249.99,DELTA,77,1000,81,24,246,no,4,-1250
2025-05-21T15:01:27.892944,KXBTCD-25MAY2119-T108249.99,DELTA,77,1000,81,24,247,no,3,2000
2025-05-21T15:01:27.893131,KXBTCD-25MAY2119-T108249.99,DELTA,77,1000,81,24,248,no,3,20000
2025-05-21T15:01:27.893434,KXBTCD-25MAY2119-T108249.99,DELTA,77,1000,81,24,249,no,17,-1000
2025-05-21T15:01:27.893648,KXBTCD-25MAY2119-T108249.99,DELTA,77,1000,81,24,250,no,3,1250
2025-05-21T15:01:27.934447,KXBTCD-25MAY2119-T108249.99,DELTA,77,1000,81,24,251,no,18,1000
2025-05-21T15:01:27.954459,KXBTCD-25MAY2119-T108249.99,DELTA,77,1000,81,24,252,no,18,-50
2025-05-21T15:01:27.955089,KXBTCD-25MAY2119-T108249.99,DELTA,77,1000,81,24,253,no,4,50
2025-05-21T15:01:27.992996,KXBTCD-25MAY2119-T108249.99,DELTA,77,1000,81,24,254,no,4,-50
2025-05-21T15:01:27.993707,KXBTCD-25MAY2119-T108249.99,DELTA,77,1000,81,74,255,no,19,50
2025-05-21T15:01:28.014418,KXBTCD-25MAY2119-T108249.99,DELTA,77,1000,81,74,256,no,16,-9
2025-05-21T15:01:28.015107,KXBTCD-25MAY2119-T108249.99,DELTA,77,1000,81,83,257,no,19,9
2025-05-21T15:01:28.034056,KXBTCD-25MAY2119-T108249.99,DELTA,77,1000,81,83,258,no,18,-1000
2025-05-21T15:01:28.073797,KXBTCD-25MAY2119-T108249.99,DELTA,77,1000,81,83,259,no,3,1000
2025-05-21T15:01:28.094337,KXBTCD-25MAY2119-T108249.99,DELTA,77,1000,81,33,260,no,19,-50
2025-05-21T15:01:28.094975,KXBTCD-25MAY2119-T108249.99,DELTA,77,1000,81,33,261,no,4,50
2025-05-21T15:01:28.134998,KXBTCD-25MAY2119-T108249.99,DELTA,77,1000,81,33,262,no,4,-50
2025-05-21T15:01:28.135542,KXBTCD-25MAY2119-T108249.99,DELTA,77,1000,80,50,263,no,20,50
2025-05-21T15:01:28.173699,KXBTCD-25MAY2119-T108249.99,DELTA,77,1000,80,50,264,no,3,-1000
2025-05-21T15:01:28.193472,KXBTCD-25MAY2119-T108249.99,DELTA,77,1000,80,50,265,no,18,-9
2025-05-21T15:01:28.193937,KXBTCD-25MAY2119-T108249.99,DELTA,77,1000,80,50,266,no,5,9
2025-05-21T15:01:28.214066,KXBTCD-25MAY2119-T108249.99,DELTA,77,1000,81,33,267,no,20,-50
2025-05-21T15:01:28.214454,KXBTCD-25MAY2119-T108249.99,DELTA,77,1000,81,33,268,no,4,50
2025-05-21T15:01:28.214738,KXBTCD-25MAY2119-T108249.99,DELTA,77,1000,81,33,269,no,3,1000
2025-05-21T15:01:28.253064,KXBTCD-25MAY2119-T108249.99,DELTA,77,1000,81,33,270,no,4,-50
2025-05-21T15:01:28.253434,KXBTCD-25MAY2119-T108249.99,DELTA,77,1000,79,50,271,no,21,50
2025-05-21T15:01:28.293916,KXBTCD-25MAY2119-T108249.99,DELTA,77,1000,79,50,272,no,3,-1000
2025-05-21T15:01:28.313443,KXBTCD-25MAY2119-T108249.99,DELTA,77,1000,81,33,273,no,21,-50
2025-05-21T15:01:28.313871,KXBTCD-25MAY2119-T108249.99,DELTA,77,1000,81,33,274,no,4,50
2025-05-21T15:01:28.333158,KXBTCD-25MAY2119-T108249.99,DELTA,77,1000,81,33,275,no,3,1000
2025-05-21T15:01:28.354497,KXBTCD-25MAY2119-T108249.99,DELTA,77,1000,81,33,276,no,4,-50
2025-05-21T15:01:28.355060,KXBTCD-25MAY2119-T108249.99,DELTA,77,1000,78,50,277,no,22,50
2025-05-21T15:01:28.374134,KXBTCD-25MAY2119-T108249.99,DELTA,77,1000,78,50,278,no,3,-1000
2025-05-21T15:01:28.394444,KXBTCD-25MAY2119-T108249.99,DELTA,77,1000,81,33,279,no,22,-50
2025-05-21T15:01:28.394950,KXBTCD-25MAY2119-T108249.99,DELTA,77,1000,81,33,280,no,4,50
2025-05-21T15:01:28.434995,KXBTCD-25MAY2119-T108249.99,DELTA,77,1000,81,33,281,no,16,100
2025-05-21T15:01:28.435720,KXBTCD-25MAY2119-T108249.99,DELTA,77,1000,81,33,282,no,3,1000
2025-05-21T15:01:28.436286,KXBTCD-25MAY2119-T108249.99,DELTA,77,1000,81,33,283,no,4,-50
2025-05-21T15:01:28.436712,KXBTCD-25MAY2119-T108249.99,DELTA,77,1000,78,50,284,no,22,50
2025-05-21T15:01:28.474517,KXBTCD-25MAY2119-T108249.99,DELTA,77,1000,78,50,285,no,3,-1000
2025-05-21T15:01:28.514579,KXBTCD-25MAY2119-T108249.99,DELTA,77,1000,78,50,286,no,17,1000
2025-05-21T15:01:28.634200,KXBTCD-25MAY2119-T108249.99,DELTA,77,1000,78,50,287,no,5,-9
2025-05-21T15:01:28.634530,KXBTCD-25MAY2119-T108249.99,DELTA,77,1000,78,59,288,no,22,9
2025-05-21T15:01:28.773169,KXBTCD-25MAY2119-T108249.99,DELTA,77,1000,78,59,289,no,16,-100
2025-05-21T15:01:28.856330,KXBTCD-25MAY2119-T108249.99,DELTA,77,1000,78,59,290,no,17,-1000
2025-05-21T15:01:28.895819,KXBTCD-25MAY2119-T108249.99,DELTA,77,1000,78,59,291,no,18,9
2025-05-21T15:01:28.896935,KXBTCD-25MAY2119-T108249.99,DELTA,77,1000,78,59,292,no,19,-9
2025-05-21T15:01:28.897761,KXBTCD-25MAY2119-T108249.99,DELTA,77,1000,78,68,293,no,22,9
2025-05-21T15:01:28.898388,KXBTCD-25MAY2119-T108249.99,DELTA,77,1000,78,68,294,no,3,1000
2025-05-21T15:01:29.602830,KXBTCD-25MAY2119-T108249.99,DELTA,77,1000,78,68,295,no,17,100
2025-05-21T15:01:29.613707,KXBTCD-25MAY2119-T108249.99,DELTA,77,1000,78,68,296,no,3,-1000
2025-05-21T15:01:29.673493,KXBTCD-25MAY2119-T108249.99,DELTA,77,1000,78,68,297,no,4,9
2025-05-21T15:01:29.674109,KXBTCD-25MAY2119-T108249.99,DELTA,77,1000,78,68,298,no,18,1000
2025-05-21T15:01:30.275169,KXBTCD-25MAY2119-T108249.99,DELTA,77,1000,78,68,299,yes,76,-100
2025-05-21T15:01:30.333966,KXBTCD-25MAY2119-T108249.99,DELTA,75,50,78,68,300,yes,77,-1000
2025-05-21T15:01:30.373370,KXBTCD-25MAY2119-T108249.99,DELTA,76,1000,78,68,301,yes,76,1000
2025-05-21T15:01:30.393085,KXBTCD-25MAY2119-T108249.99,DELTA,76,1000,78,18,302,no,22,-50
2025-05-21T15:01:30.393695,KXBTCD-25MAY2119-T108249.99,DELTA,76,1000,77,50,303,no,23,50
2025-05-21T15:01:30.434260,KXBTCD-25MAY2119-T108249.99,DELTA,76,1000,78,18,304,no,23,-50
2025-05-21T15:01:30.435266,KXBTCD-25MAY2119-T108249.99,DELTA,76,1000,78,18,305,no,19,50
2025-05-21T15:01:30.453581,KXBTCD-25MAY2119-T108249.99,DELTA,76,1000,78,9,306,no,22,-9
2025-05-21T15:01:30.454354,KXBTCD-25MAY2119-T108249.99,DELTA,76,1000,77,9,307,no,23,9
2025-05-21T15:01:30.473745,KXBTCD-25MAY2119-T108249.99,DELTA,76,1000,77,9,308,no,4,-9
2025-05-21T15:01:30.474627,KXBTCD-25MAY2119-T108249.99,DELTA,76,1000,77,9,309,no,18,-9
2025-05-21T15:01:30.539391,KXBTCD-25MAY2119-T108249.99,DELTA,76,999,77,9,310,yes,76,-1
2025-05-21T15:01:31.922683,KXBTCD-25MAY2119-T108249.99,DELTA,76,999,77,9,311,yes,75,100
2025-05-21T15:01:32.035807,KXBTCD-25MAY2119-T108249.99,DELTA,76,999,77,9,312,no,22,-9
2025-05-21T15:01:32.036220,KXBTCD-25MAY2119-T108249.99,DELTA,76,999,77,9,313,no,20,9
2025-05-21T15:01:32.036469,KXBTCD-25MAY2119-T108249.99,DELTA,76,999,80,9,314,no,23,-9
2025-05-21T15:01:32.036604,KXBTCD-25MAY2119-T108249.99,DELTA,76,999,80,18,315,no,20,9
2025-05-21T15:01:36.333055,KXBTCD-25MAY2119-T108249.99,DELTA,76,999,80,18,316,yes,75,-100
2025-05-21T15:01:37.193853,KXBTCD-25MAY2119-T108249.99,DELTA,76,1099,80,18,317,yes,76,100
2025-05-21T15:01:37.253530,KXBTCD-25MAY2119-T108249.99,DELTA,76,100,80,18,318,yes,76,-999
2025-05-21T15:01:37.293554,KXBTCD-25MAY2119-T108249.99,DELTA,77,1000,80,18,319,yes,77,1000
2025-05-21T15:01:40.034549,KXBTCD-25MAY2119-T108249.99,DELTA,77,1000,80,18,320,no,18,-1000
2025-05-21T15:01:40.074000,KXBTCD-25MAY2119-T108249.99,DELTA,77,1000,80,18,321,no,17,1000
2025-05-21T15:01:40.093652,KXBTCD-25MAY2119-T108249.99,DELTA,77,1000,80,18,322,no,19,-50
2025-05-21T15:01:40.093853,KXBTCD-25MAY2119-T108249.99,DELTA,77,1000,80,18,323,no,18,50
2025-05-21T15:01:40.155546,KXBTCD-25MAY2119-T108249.99,DELTA,77,1000,80,18,324,no,18,-50
2025-05-21T15:01:40.155699,KXBTCD-25MAY2119-T108249.99,DELTA,77,1000,80,68,325,no,20,50
2025-05-21T15:01:40.159308,KXBTCD-25MAY2119-T108249.99,DELTA,77,1000,80,68,326,no,4,9
2025-05-21T15:01:40.213256,KXBTCD-25MAY2119-T108249.99,DELTA,77,1000,80,18,327,no,20,-50
2025-05-21T15:01:40.214209,KXBTCD-25MAY2119-T108249.99,DELTA,77,1000,80,18,328,no,18,50
2025-05-21T15:01:40.815059,KXBTCD-25MAY2119-T108249.99,DELTA,77,1000,80,18,329,no,17,-1000
2025-05-21T15:01:40.893993,KXBTCD-25MAY2119-T108249.99,DELTA,77,1000,80,18,330,no,18,1000
2025-05-21T15:01:40.938437,KXBTCD-25MAY2119-T108249.99,DELTA,77,1000,80,9,331,no,20,-9
2025-05-21T15:01:40.939400,KXBTCD-25MAY2119-T108249.99,DELTA,77,1000,80,9,332,no,19,9
2025-05-21T15:01:40.939827,KXBTCD-25MAY2119-T108249.99,DELTA,77,1000,81,33,333,no,20,-9
2025-05-21T15:01:40.940200,KXBTCD-25MAY2119-T108249.99,DELTA,77,1000,81,42,334,no,19,9
2025-05-21T15:01:40.956652,KXBTCD-25MAY2119-T108249.99,DELTA,77,1000,81,42,335,no,18,-50
2025-05-21T15:01:40.957412,KXBTCD-25MAY2119-T108249.99,DELTA,77,1000,81,92,336,no,19,50
2025-05-21T15:01:42.474495,KXBTCD-25MAY2119-T108249.99,DELTA,77,1000,81,92,337,no,2,-16200
2025-05-21T15:01:42.475437,KXBTCD-25MAY2119-T108249.99,DELTA,77,1000,81,92,338,no,3,10800
2025-05-21T15:01:42.535041,KXBTCD-25MAY2119-T108249.99,DELTA,77,1000,81,92,339,no,3,-20000
2025-05-21T15:01:42.535805,KXBTCD-25MAY2119-T108249.99,DELTA,77,1000,81,92,340,no,3,-2000
2025-05-21T15:01:42.553161,KXBTCD-25MAY2119-T108249.99,DELTA,77,1000,81,92,341,no,3,-1250
2025-05-21T15:01:42.593529,KXBTCD-25MAY2119-T108249.99,DELTA,77,1000,81,92,342,no,4,2000
2025-05-21T15:01:42.593787,KXBTCD-25MAY2119-T108249.99,DELTA,77,1000,81,92,343,no,4,-9
2025-05-21T15:01:42.594283,KXBTCD-25MAY2119-T108249.99,DELTA,77,1000,81,92,344,no,4,20000
2025-05-21T15:01:42.594718,KXBTCD-25MAY2119-T108249.99,DELTA,77,1000,81,83,345,no,19,-9
2025-05-21T15:01:42.594977,KXBTCD-25MAY2119-T108249.99,DELTA,77,1000,80,9,346,no,20,9
2025-05-21T15:01:42.595219,KXBTCD-25MAY2119-T108249.99,DELTA,77,1000,80,9,347,no,19,-9
2025-05-21T15:01:42.595452,KXBTCD-25MAY2119-T108249.99,DELTA,77,1000,80,18,348,no,20,9
2025-05-21T15:01:42.595683,KXBTCD-25MAY2119-T108249.99,DELTA,77,1000,80,18,349,no,4,1250
2025-05-21T15:01:44.608407,KXBTCD-25MAY2119-T108249.99,DELTA,77,1000,80,18,350,no,17,-100
2025-05-21T15:01:44.609297,KXBTCD-25MAY2119-T108249.99,DELTA,77,1000,80,18,351,yes,76,-100
2025-05-21T15:01:44.609849,KXBTCD-25MAY2119-T108249.99,DELTA,75,50,80,18,352,yes,77,-1000
2025-05-21T15:01:44.614064,KXBTCD-25MAY2119-T108249.99,DELTA,75,50,80,18,353,no,18,-1000
2025-05-21T15:01:44.674945,KXBTCD-25MAY2119-T108249.99,DELTA,75,50,80,18,354,no,4,1000
2025-05-21T15:01:44.675755,KXBTCD-25MAY2119-T108249.99,DELTA,76,1000,80,18,355,yes,76,1000
2025-05-21T15:01:44.676419,KXBTCD-25MAY2119-T108249.99,DELTA,76,1000,80,18,356,no,19,-50
2025-05-21T15:01:44.676929,KXBTCD-25MAY2119-T108249.99,DELTA,76,1000,80,18,357,no,5,50
2025-05-21T15:01:44.734532,KXBTCD-25MAY2119-T108249.99,DELTA,76,1000,80,18,358,no,4,-1000
2025-05-21T15:01:44.793933,KXBTCD-25MAY2119-T108249.99,DELTA,76,1000,80,18,359,no,6,1000
2025-05-21T15:01:44.853462,KXBTCD-25MAY2119-T108249.99,DELTA,76,1000,80,18,360,no,5,-50
2025-05-21T15:01:44.854292,KXBTCD-25MAY2119-T108249.99,DELTA,76,1000,80,18,361,no,7,50
2025-05-21T15:01:44.915563,KXBTCD-25MAY2119-T108249.99,DELTA,76,1000,80,18,362,no,6,-1000
2025-05-21T15:01:44.954249,KXBTCD-25MAY2119-T108249.99,DELTA,76,1000,80,18,363,no,8,1000
2025-05-21T15:01:44.973310,KXBTCD-25MAY2119-T108249.99,DELTA,76,1000,80,18,364,no,7,-50
2025-05-21T15:01:44.973629,KXBTCD-25MAY2119-T108249.99,DELTA,76,1000,80,18,365,no,5,50
2025-05-21T15:01:45.034444,KXBTCD-25MAY2119-T108249.99,DELTA,76,1000,80,18,366,no,8,-1000
2025-05-21T15:01:45.034624,KXBTCD-25MAY2119-T108249.99,DELTA,76,1000,80,18,367,no,5,-50
2025-05-21T15:01:45.034736,KXBTCD-25MAY2119-T108249.99,DELTA,76,1000,80,18,368,no,9,50
2025-05-21T15:01:45.073118,KXBTCD-25MAY2119-T108249.99,DELTA,76,1000,80,9,369,no,20,-9
2025-05-21T15:01:45.073310,KXBTCD-25MAY2119-T108249.99,DELTA,76,1000,80,9,370,no,9,9
2025-05-21T15:01:45.073395,KXBTCD-25MAY2119-T108249.99,DELTA,76,1000,80,9,371,no,6,1000
2025-05-21T15:01:45.094771,KXBTCD-25MAY2119-T108249.99,DELTA,76,1000,80,9,372,no,9,-50
2025-05-21T15:01:45.094867,KXBTCD-25MAY2119-T108249.99,DELTA,76,1000,80,9,373,no,5,50
2025-05-21T15:01:45.133627,KXBTCD-25MAY2119-T108249.99,DELTA,76,1000,80,9,374,no,6,-1000
2025-05-21T15:01:45.155741,KXBTCD-25MAY2119-T108249.99,DELTA,76,1000,80,9,375,no,5,-50
2025-05-21T15:01:45.155960,KXBTCD-25MAY2119-T108249.99,DELTA,76,1000,80,9,376,no,7,50
2025-05-21T15:01:45.194411,KXBTCD-25MAY2119-T108249.99,DELTA,76,1000,80,9,377,no,7,-50
2025-05-21T15:01:45.194791,KXBTCD-25MAY2119-T108249.99,DELTA,76,1000,80,9,378,no,5,50
2025-05-21T15:01:45.233291,KXBTCD-25MAY2119-T108249.99,DELTA,76,1000,80,9,379,no,6,1000
2025-05-21T15:01:45.294482,KXBTCD-25MAY2119-T108249.99,DELTA,76,1000,80,9,380,no,5,-50
2025-05-21T15:01:45.295140,KXBTCD-25MAY2119-T108249.99,DELTA,76,1000,80,9,381,no,7,50
2025-05-21T15:01:45.374478,KXBTCD-25MAY2119-T108249.99,DELTA,76,1000,80,9,382,no,6,-1000
2025-05-21T15:01:45.413643,KXBTCD-25MAY2119-T108249.99,DELTA,76,1000,81,24,383,no,20,-9
2025-05-21T15:01:45.413798,KXBTCD-25MAY2119-T108249.99,DELTA,76,1000,81,24,384,no,8,9
2025-05-21T15:01:45.413903,KXBTCD-25MAY2119-T108249.99,DELTA,76,1000,81,24,385,no,7,9
2025-05-21T15:01:45.413994,KXBTCD-25MAY2119-T108249.99,DELTA,76,1000,81,24,386,no,8,9
2025-05-21T15:01:45.433044,KXBTCD-25MAY2119-T108249.99,DELTA,76,1000,81,24,387,no,8,1000
2025-05-21T15:01:45.433197,KXBTCD-25MAY2119-T108249.99,DELTA,76,1000,81,24,388,no,15,100
2025-05-21T15:01:45.433305,KXBTCD-25MAY2119-T108249.99,DELTA,76,1000,81,24,389,no,7,-50
2025-05-21T15:01:45.433407,KXBTCD-25MAY2119-T108249.99,DELTA,76,1000,81,24,390,no,5,50
2025-05-21T15:01:45.433513,KXBTCD-25MAY2119-T108249.99,DELTA,77,100,81,24,391,yes,77,100
2025-05-21T15:01:45.473607,KXBTCD-25MAY2119-T108249.99,DELTA,77,100,81,24,392,no,5,-50
2025-05-21T15:01:45.474045,KXBTCD-25MAY2119-T108249.99,DELTA,77,100,81,24,393,no,9,50
2025-05-21T15:01:45.512146,KXBTCD-25MAY2119-T108249.99,DELTA,77,100,81,24,394,yes,76,-1000
2025-05-21T15:01:45.512345,KXBTCD-25MAY2119-T108249.99,DELTA,77,100,81,24,395,no,8,-1000
2025-05-21T15:01:45.533037,KXBTCD-25MAY2119-T108249.99,DELTA,77,100,81,24,396,no,9,-50
2025-05-21T15:01:45.533136,KXBTCD-25MAY2119-T108249.99,DELTA,77,100,81,24,397,no,16,50
2025-05-21T15:01:45.553361,KXBTCD-25MAY2119-T108249.99,DELTA,77,1100,81,24,398,yes,77,1000
2025-05-21T15:01:45.553448,KXBTCD-25MAY2119-T108249.99,DELTA,77,1100,81,24,399,no,16,1000
2025-05-21T15:01:45.592778,KXBTCD-25MAY2119-T108249.99,DELTA,77,1100,81,24,400,no,16,-1000
2025-05-21T15:01:45.612589,KXBTCD-25MAY2119-T108249.99,DELTA,77,1100,81,24,401,no,16,-50
2025-05-21T15:01:45.612703,KXBTCD-25MAY2119-T108249.99,DELTA,77,1100,81,24,402,no,17,50
2025-05-21T15:01:45.633450,KXBTCD-25MAY2119-T108249.99,DELTA,77,1100,81,24,403,no,17,1000
2025-05-21T15:01:45.673626,KXBTCD-25MAY2119-T108249.99,DELTA,77,1100,81,24,404,no,17,-50
2025-05-21T15:01:45.673780,KXBTCD-25MAY2119-T108249.99,DELTA,77,1100,81,24,405,no,16,50
2025-05-21T15:01:45.673888,KXBTCD-25MAY2119-T108249.99,DELTA,77,1100,81,24,406,no,17,-1000
2025-05-21T15:01:45.713495,KXBTCD-25MAY2119-T108249.99,DELTA,77,1100,81,24,407,no,18,1000
2025-05-21T15:01:45.759324,KXBTCD-25MAY2119-T108249.99,DELTA,77,1100,81,24,408,no,18,-1000
2025-05-21T15:01:45.773443,KXBTCD-25MAY2119-T108249.99,DELTA,77,1100,81,24,409,no,16,-50
2025-05-21T15:01:45.773586,KXBTCD-25MAY2119-T108249.99,DELTA,77,1100,81,74,410,no,19,50
2025-05-21T15:01:45.793836,KXBTCD-25MAY2119-T108249.99,DELTA,77,1100,81,74,411,no,17,1000
2025-05-21T15:01:45.812814,KXBTCD-25MAY2119-T108249.99,DELTA,77,1100,81,24,412,no,19,-50
2025-05-21T15:01:45.813014,KXBTCD-25MAY2119-T108249.99,DELTA,77,1100,81,24,413,no,16,50
2025-05-21T15:01:45.855891,KXBTCD-25MAY2119-T108249.99,DELTA,77,1100,81,24,414,no,17,-1000
2025-05-21T15:01:45.856122,KXBTCD-25MAY2119-T108249.99,DELTA,77,1100,81,24,415,no,16,-50
2025-05-21T15:01:45.856205,KXBTCD-25MAY2119-T108249.99,DELTA,77,1100,80,50,416,no,20,50
2025-05-21T15:01:45.893919,KXBTCD-25MAY2119-T108249.99,DELTA,77,1100,80,50,417,no,17,1000
2025-05-21T15:01:45.912265,KXBTCD-25MAY2119-T108249.99,DELTA,77,1100,81,24,418,no,20,-50
2025-05-21T15:01:45.912373,KXBTCD-25MAY2119-T108249.99,DELTA,77,1100,81,24,419,no,16,50
2025-05-21T15:01:45.933798,KXBTCD-25MAY2119-T108249.99,DELTA,77,1100,81,24,420,no,9,-9
2025-05-21T15:01:45.933896,KXBTCD-25MAY2119-T108249.99,DELTA,77,1100,81,24,421,no,18,9
2025-05-21T15:01:45.933970,KXBTCD-25MAY2119-T108249.99,DELTA,77,1100,81,24,422,no,17,-1000
2025-05-21T15:01:45.955782,KXBTCD-25MAY2119-T108249.99,DELTA,77,1100,81,24,423,no,16,-50
2025-05-21T15:01:45.955906,KXBTCD-25MAY2119-T108249.99,DELTA,77,1100,79,50,424,no,21,50
2025-05-21T15:01:45.973124,KXBTCD-25MAY2119-T108249.99,DELTA,77,1100,79,50,425,no,17,1000
2025-05-21T15:01:45.993749,KXBTCD-25MAY2119-T108249.99,DELTA,77,1100,81,24,426,no,21,-50
2025-05-21T15:01:45.993890,KXBTCD-25MAY2119-T108249.99,DELTA,77,1100,81,24,427,no,16,50
2025-05-21T15:01:46.033240,KXBTCD-25MAY2119-T108249.99,DELTA,77,1100,81,24,428,no,17,-1000
2025-05-21T15:01:46.033341,KXBTCD-25MAY2119-T108249.99,DELTA,77,1100,81,24,429,no,16,-50
2025-05-21T15:01:46.033415,KXBTCD-25MAY2119-T108249.99,DELTA,77,1100,78,50,430,no,22,50
2025-05-21T15:01:46.072671,KXBTCD-25MAY2119-T108249.99,DELTA,77,1100,78,50,431,no,17,1000
2025-05-21T15:01:46.093407,KXBTCD-25MAY2119-T108249.99,DELTA,77,1100,81,24,432,no,22,-50
2025-05-21T15:01:46.093563,KXBTCD-25MAY2119-T108249.99,DELTA,77,1100,81,24,433,no,16,50
2025-05-21T15:01:46.113912,KXBTCD-25MAY2119-T108249.99,DELTA,77,1100,81,24,434,no,17,-1000
2025-05-21T15:01:46.133829,KXBTCD-25MAY2119-T108249.99,DELTA,77,1100,81,24,435,no,16,-50
2025-05-21T15:01:46.134074,KXBTCD-25MAY2119-T108249.99,DELTA,77,1100,78,50,436,no,22,50
2025-05-21T15:01:46.173555,KXBTCD-25MAY2119-T108249.99,DELTA,77,1100,81,24,437,no,22,-50
2025-05-21T15:01:46.173821,KXBTCD-25MAY2119-T108249.99,DELTA,77,1100,81,24,438,no,16,50
2025-05-21T15:01:46.194639,KXBTCD-25MAY2119-T108249.99,DELTA,77,1100,81,24,439,no,17,1000
2025-05-21T15:01:46.213433,KXBTCD-25MAY2119-T108249.99,DELTA,77,1100,81,24,440,no,8,-9
2025-05-21T15:01:46.213560,KXBTCD-25MAY2119-T108249.99,DELTA,77,1100,78,9,441,no,22,9
2025-05-21T15:01:46.213643,KXBTCD-25MAY2119-T108249.99,DELTA,77,1100,78,9,442,no,8,-9
2025-05-21T15:01:46.213703,KXBTCD-25MAY2119-T108249.99,DELTA,77,1100,78,9,443,no,7,-9
2025-05-21T15:01:46.213767,KXBTCD-25MAY2119-T108249.99,DELTA,77,1100,78,9,444,no,18,9
2025-05-21T15:01:46.253233,KXBTCD-25MAY2119-T108249.99,DELTA,77,1100,78,9,445,no,16,-50
2025-05-21T15:01:46.253343,KXBTCD-25MAY2119-T108249.99,DELTA,77,1100,78,9,446,no,18,50
2025-05-21T15:01:46.313521,KXBTCD-25MAY2119-T108249.99,DELTA,77,1100,78,9,447,no,17,-1000
2025-05-21T15:01:46.313679,KXBTCD-25MAY2119-T108249.99,DELTA,77,1100,78,9,448,no,18,-50
2025-05-21T15:01:46.314133,KXBTCD-25MAY2119-T108249.99,DELTA,77,1100,78,9,449,no,19,50
2025-05-21T15:01:46.372906,KXBTCD-25MAY2119-T108249.99,DELTA,77,1100,78,9,450,no,18,1000
2025-05-21T15:01:46.413057,KXBTCD-25MAY2119-T108249.99,DELTA,77,1100,78,9,451,no,18,-1000
2025-05-21T15:01:46.452329,KXBTCD-25MAY2119-T108249.99,DELTA,77,1100,78,9,452,no,16,1000
2025-05-21T15:01:47.298751,KXBTCD-25MAY2119-T108249.99,DELTA,77,100,78,9,453,yes,77,-1000
2025-05-21T15:01:47.322855,KXBTCD-25MAY2119-T108249.99,DELTA,77,100,78,9,454,no,16,-1000
2025-05-21T15:01:47.355157,KXBTCD-25MAY2119-T108249.99,DELTA,77,100,78,9,455,yes,76,1000
2025-05-21T15:01:47.355466,KXBTCD-25MAY2119-T108249.99,DELTA,77,100,78,9,456,no,19,1000
2025-05-21T15:01:47.419372,KXBTCD-25MAY2119-T108249.99,DELTA,77,100,78,9,457,no,18,-9
2025-05-21T15:01:47.419644,KXBTCD-25MAY2119-T108249.99,DELTA,77,100,78,9,458,no,20,9
2025-05-21T15:01:47.419749,KXBTCD-25MAY2119-T108249.99,DELTA,77,100,78,9,459,no,19,-50
2025-05-21T15:01:47.419888,KXBTCD-25MAY2119-T108249.99,DELTA,77,100,78,9,460,no,20,50
2025-05-21T15:01:47.435815,KXBTCD-25MAY2119-T108249.99,DELTA,77,100,78,9,461,no,18,-9
2025-05-21T15:01:47.454324,KXBTCD-25MAY2119-T108249.99,DELTA,77,100,80,59,462,no,22,-9
2025-05-21T15:01:47.454479,KXBTCD-25MAY2119-T108249.99,DELTA,77,100,80,68,463,no,20,9
2025-05-21T15:01:47.533626,KXBTCD-25MAY2119-T108249.99,DELTA,77,100,80,68,464,no,19,-1000
2025-05-21T15:01:47.573666,KXBTCD-25MAY2119-T108249.99,DELTA,77,100,80,68,465,no,16,1000
2025-05-21T15:01:47.613593,KXBTCD-25MAY2119-T108249.99,DELTA,77,100,80,18,466,no,20,-50
2025-05-21T15:01:47.613917,KXBTCD-25MAY2119-T108249.99,DELTA,77,100,80,18,467,no,16,50
2025-05-21T15:01:47.680919,KXBTCD-25MAY2119-T108249.99,DELTA,77,100,80,18,468,no,16,-1000
2025-05-21T15:01:47.682189,KXBTCD-25MAY2119-T108249.99,DELTA,77,100,80,18,469,no,16,-50
2025-05-21T15:01:47.682905,KXBTCD-25MAY2119-T108249.99,DELTA,77,100,80,18,470,no,17,50
2025-05-21T15:01:47.716245,KXBTCD-25MAY2119-T108249.99,DELTA,77,100,80,18,471,no,17,1000
2025-05-21T15:01:47.733817,KXBTCD-25MAY2119-T108249.99,DELTA,77,100,80,18,472,no,17,-50
2025-05-21T15:01:47.734629,KXBTCD-25MAY2119-T108249.99,DELTA,77,100,80,18,473,no,16,50
2025-05-21T15:01:47.753702,KXBTCD-25MAY2119-T108249.99,DELTA,77,100,80,18,474,no,17,-1000
2025-05-21T15:01:47.773728,KXBTCD-25MAY2119-T108249.99,DELTA,77,100,80,18,475,no,16,-50
2025-05-21T15:01:47.774559,KXBTCD-25MAY2119-T108249.99,DELTA,77,100,80,18,476,no,18,50
2025-05-21T15:01:47.815698,KXBTCD-25MAY2119-T108249.99,DELTA,77,100,80,18,477,no,17,1000
2025-05-21T15:01:47.816807,KXBTCD-25MAY2119-T108249.99,DELTA,77,100,80,18,478,no,18,-50
2025-05-21T15:01:47.817706,KXBTCD-25MAY2119-T108249.99,DELTA,77,100,80,18,479,no,16,50
2025-05-21T15:01:47.834717,KXBTCD-25MAY2119-T108249.99,DELTA,77,100,80,9,480,no,20,-9
2025-05-21T15:01:47.835663,KXBTCD-25MAY2119-T108249.99,DELTA,77,100,80,9,481,no,18,9
2025-05-21T15:01:47.856393,KXBTCD-25MAY2119-T108249.99,DELTA,77,100,80,9,482,no,17,-1000
2025-05-21T15:01:47.894522,KXBTCD-25MAY2119-T108249.99,DELTA,77,100,80,9,483,no,17,1000
2025-05-21T15:01:47.895227,KXBTCD-25MAY2119-T108249.99,DELTA,77,100,80,9,484,no,16,-50
2025-05-21T15:01:47.895886,KXBTCD-25MAY2119-T108249.99,DELTA,77,100,80,9,485,no,18,50
2025-05-21T15:01:47.958769,KXBTCD-25MAY2119-T108249.99,DELTA,77,100,80,9,486,no,17,-1000
2025-05-21T15:01:47.994732,KXBTCD-25MAY2119-T108249.99,DELTA,77,100,80,9,487,no,19,1000
2025-05-21T15:01:48.014006,KXBTCD-25MAY2119-T108249.99,DELTA,77,100,80,9,488,no,18,-50
2025-05-21T15:01:48.014296,KXBTCD-25MAY2119-T108249.99,DELTA,77,100,80,9,489,no,16,50
2025-05-21T15:01:48.054765,KXBTCD-25MAY2119-T108249.99,DELTA,77,100,80,9,490,no,16,-50
2025-05-21T15:01:48.054999,KXBTCD-25MAY2119-T108249.99,DELTA,77,100,80,59,491,no,20,50
2025-05-21T15:01:48.074983,KXBTCD-25MAY2119-T108249.99,DELTA,77,100,80,59,492,no,19,-1000
2025-05-21T15:01:48.115315,KXBTCD-25MAY2119-T108249.99,DELTA,77,100,80,59,493,no,16,1000
2025-05-21T15:01:48.154561,KXBTCD-25MAY2119-T108249.99,DELTA,77,100,80,9,494,no,20,-50
2025-05-21T15:01:48.155347,KXBTCD-25MAY2119-T108249.99,DELTA,77,100,80,9,495,no,16,50
2025-05-21T15:01:48.155925,KXBTCD-25MAY2119-T108249.99,DELTA,77,100,81,24,496,no,20,-9
2025-05-21T15:01:48.156444,KXBTCD-25MAY2119-T108249.99,DELTA,77,100,79,9,497,no,21,9
2025-05-21T15:01:48.215340,KXBTCD-25MAY2119-T108249.99,DELTA,77,100,79,9,498,no,16,-50
2025-05-21T15:01:48.216039,KXBTCD-25MAY2119-T108249.99,DELTA,77,100,79,9,499,no,17,50
2025-05-21T15:01:48.253890,KXBTCD-25MAY2119-T108249.99,DELTA,77,100,79,9,500,no,16,-1000
2025-05-21T15:01:48.254100,KXBTCD-25MAY2119-T108249.99,DELTA,77,100,79,9,501,no,18,-9
2025-05-21T15:01:48.254229,KXBTCD-25MAY2119-T108249.99,DELTA,77,100,79,9,502,no,17,9
2025-05-21T15:01:48.294759,KXBTCD-25MAY2119-T108249.99,DELTA,77,100,79,9,503,no,18,1000
2025-05-21T15:01:48.313966,KXBTCD-25MAY2119-T108249.99,DELTA,77,100,79,9,504,no,17,-50
2025-05-21T15:01:48.314098,KXBTCD-25MAY2119-T108249.99,DELTA,77,100,79,9,505,no,16,50
2025-05-21T15:01:48.355061,KXBTCD-25MAY2119-T108249.99,DELTA,77,100,79,9,506,no,16,-50
2025-05-21T15:01:48.355274,KXBTCD-25MAY2119-T108249.99,DELTA,77,100,79,9,507,no,19,50
2025-05-21T15:01:48.374183,KXBTCD-25MAY2119-T108249.99,DELTA,77,100,79,9,508,no,18,-1000
2025-05-21T15:01:48.416727,KXBTCD-25MAY2119-T108249.99,DELTA,77,100,79,9,509,no,19,1000
2025-05-21T15:01:48.433675,KXBTCD-25MAY2119-T108249.99,DELTA,77,100,79,9,510,no,19,-50
2025-05-21T15:01:48.433786,KXBTCD-25MAY2119-T108249.99,DELTA,77,100,79,9,511,no,16,50
2025-05-21T15:01:48.492566,KXBTCD-25MAY2119-T108249.99,DELTA,77,100,79,9,512,no,19,-1000
2025-05-21T15:01:48.514035,KXBTCD-25MAY2119-T108249.99,DELTA,77,100,79,9,513,no,16,-50
2025-05-21T15:01:48.514148,KXBTCD-25MAY2119-T108249.99,DELTA,77,100,79,9,514,no,20,50
2025-05-21T15:01:48.532365,KXBTCD-25MAY2119-T108249.99,DELTA,77,100,79,9,515,no,17,1000
2025-05-21T15:01:48.554854,KXBTCD-25MAY2119-T108249.99,DELTA,77,100,79,9,516,no,20,-50
2025-05-21T15:01:48.555013,KXBTCD-25MAY2119-T108249.99,DELTA,77,100,79,9,517,no,16,50
2025-05-21T15:01:48.573069,KXBTCD-25MAY2119-T108249.99,DELTA,77,100,79,9,518,no,17,-1000
2025-05-21T15:01:48.592700,KXBTCD-25MAY2119-T108249.99,DELTA,77,100,79,9,519,no,16,-50
2025-05-21T15:01:48.592874,KXBTCD-25MAY2119-T108249.99,DELTA,77,100,79,59,520,no,21,50
2025-05-21T15:01:48.613241,KXBTCD-25MAY2119-T108249.99,DELTA,77,100,79,59,521,no,17,1000
2025-05-21T15:01:48.653818,KXBTCD-25MAY2119-T108249.99,DELTA,77,100,79,59,522,no,17,-1000
2025-05-21T15:01:48.653967,KXBTCD-25MAY2119-T108249.99,DELTA,77,100,79,59,523,no,17,-9
2025-05-21T15:01:48.654048,KXBTCD-25MAY2119-T108249.99,DELTA,77,100,79,59,524,no,18,9
2025-05-21T15:01:48.654117,KXBTCD-25MAY2119-T108249.99,DELTA,77,100,79,9,525,no,21,-50
2025-05-21T15:01:48.654188,KXBTCD-25MAY2119-T108249.99,DELTA,77,100,79,9,526,no,16,50
2025-05-21T15:01:48.695996,KXBTCD-25MAY2119-T108249.99,DELTA,77,100,79,9,527,no,16,1000
2025-05-21T15:01:48.733342,KXBTCD-25MAY2119-T108249.99,DELTA,77,100,79,9,528,no,16,-1000
2025-05-21T15:01:48.774889,KXBTCD-25MAY2119-T108249.99,DELTA,77,100,79,9,529,no,17,1000
2025-05-21T15:01:48.775192,KXBTCD-25MAY2119-T108249.99,DELTA,77,100,79,9,530,no,16,-50
2025-05-21T15:01:48.775340,KXBTCD-25MAY2119-T108249.99,DELTA,77,100,79,9,531,no,17,50
2025-05-21T15:01:48.833857,KXBTCD-25MAY2119-T108249.99,DELTA,77,100,79,9,532,no,17,-1000
2025-05-21T15:01:48.920561,KXBTCD-25MAY2119-T108249.99,DELTA,77,100,79,9,533,no,18,1000
2025-05-21T15:01:48.921492,KXBTCD-25MAY2119-T108249.99,DELTA,77,100,79,9,534,no,17,-50
2025-05-21T15:01:48.922237,KXBTCD-25MAY2119-T108249.99,DELTA,77,100,79,9,535,no,16,50
2025-05-21T15:01:48.956708,KXBTCD-25MAY2119-T108249.99,DELTA,77,100,81,24,536,no,21,-9
2025-05-21T15:01:48.957803,KXBTCD-25MAY2119-T108249.99,DELTA,77,100,81,24,537,no,18,9
2025-05-21T15:01:48.958563,KXBTCD-25MAY2119-T108249.99,DELTA,77,100,81,24,538,no,5,9
2025-05-21T15:01:48.974404,KXBTCD-25MAY2119-T108249.99,DELTA,77,100,81,24,539,no,16,-50
2025-05-21T15:01:48.975238,KXBTCD-25MAY2119-T108249.99,DELTA,77,100,81,74,540,no,19,50
2025-05-21T15:01:48.975890,KXBTCD-25MAY2119-T108249.99,DELTA,77,100,81,74,541,no,18,-1000
2025-05-21T15:01:49.035584,KXBTCD-25MAY2119-T108249.99,DELTA,77,100,81,74,542,no,17,1000
2025-05-21T15:01:49.036885,KXBTCD-25MAY2119-T108249.99,DELTA,77,100,81,24,543,no,19,-50
2025-05-21T15:01:49.037626,KXBTCD-25MAY2119-T108249.99,DELTA,77,100,81,24,544,no,16,50
2025-05-21T15:01:49.075433,KXBTCD-25MAY2119-T108249.99,DELTA,77,100,81,24,545,no,18,-9
2025-05-21T15:01:49.076538,KXBTCD-25MAY2119-T108249.99,DELTA,77,100,81,33,546,no,19,9
2025-05-21T15:01:49.077436,KXBTCD-25MAY2119-T108249.99,DELTA,77,100,81,33,547,no,17,-1000
2025-05-21T15:01:49.093780,KXBTCD-25MAY2119-T108249.99,DELTA,77,100,81,33,548,no,16,-50
2025-05-21T15:01:49.094173,KXBTCD-25MAY2119-T108249.99,DELTA,77,100,81,33,549,no,18,50
2025-05-21T15:01:49.133744,KXBTCD-25MAY2119-T108249.99,DELTA,77,100,81,33,550,no,17,1000
2025-05-21T15:01:49.153052,KXBTCD-25MAY2119-T108249.99,DELTA,77,100,81,33,551,no,18,-50
2025-05-21T15:01:49.153298,KXBTCD-25MAY2119-T108249.99,DELTA,77,100,81,33,552,no,16,50
2025-05-21T15:01:49.173560,KXBTCD-25MAY2119-T108249.99,DELTA,77,100,81,33,553,no,17,-1000
2025-05-21T15:01:49.194912,KXBTCD-25MAY2119-T108249.99,DELTA,77,100,81,33,554,yes,58,24
2025-05-21T15:01:49.195041,KXBTCD-25MAY2119-T108249.99,DELTA,77,100,81,33,555,yes,57,-24
2025-05-21T15:01:49.216419,KXBTCD-25MAY2119-T108249.99,DELTA,77,100,81,33,556,no,18,24
2025-05-21T15:01:49.216637,KXBTCD-25MAY2119-T108249.99,DELTA,77,100,81,9,557,no,19,-24
2025-05-21T15:01:49.235515,KXBTCD-25MAY2119-T108249.99,DELTA,77,100,81,9,558,no,16,-50
2025-05-21T15:01:49.235654,KXBTCD-25MAY2119-T108249.99,DELTA,77,100,81,9,559,no,18,50
2025-05-21T15:01:49.272698,KXBTCD-25MAY2119-T108249.99,DELTA,77,100,81,9,560,no,18,-50
2025-05-21T15:01:49.273004,KXBTCD-25MAY2119-T108249.99,DELTA,77,100,81,9,561,no,16,50
2025-05-21T15:01:49.293796,KXBTCD-25MAY2119-T108249.99,DELTA,77,100,81,1009,562,no,19,1000
2025-05-21T15:01:49.353272,KXBTCD-25MAY2119-T108249.99,DELTA,77,100,81,1009,563,no,16,-50
2025-05-21T15:01:49.353487,KXBTCD-25MAY2119-T108249.99,DELTA,77,100,80,50,564,no,20,50
2025-05-21T15:01:49.453153,KXBTCD-25MAY2119-T108249.99,DELTA,77,100,80,50,565,no,19,-9
2025-05-21T15:01:49.453491,KXBTCD-25MAY2119-T108249.99,DELTA,77,100,79,9,566,no,21,9
2025-05-21T15:01:53.520081,KXBTCD-25MAY2119-T108249.99,DELTA,77,100,79,9,567,no,3,-10800
2025-05-21T15:01:53.520922,KXBTCD-25MAY2119-T108249.99,DELTA,77,100,79,9,568,no,2,16200
2025-05-21T15:01:53.594107,KXBTCD-25MAY2119-T108249.99,DELTA,77,100,79,9,569,no,4,-20000
2025-05-21T15:01:53.595081,KXBTCD-25MAY2119-T108249.99,DELTA,77,100,79,9,570,no,4,-2000
2025-05-21T15:01:53.613598,KXBTCD-25MAY2119-T108249.99,DELTA,77,100,79,9,571,no,4,-1250
2025-05-21T15:01:53.633496,KXBTCD-25MAY2119-T108249.99,DELTA,77,100,79,9,572,no,5,-9
2025-05-21T15:01:53.634164,KXBTCD-25MAY2119-T108249.99,DELTA,77,100,79,9,573,no,18,-9
2025-05-21T15:01:53.634312,KXBTCD-25MAY2119-T108249.99,DELTA,77,100,79,18,574,no,21,9
2025-05-21T15:01:53.655143,KXBTCD-25MAY2119-T108249.99,DELTA,77,100,79,18,575,no,3,20000
2025-05-21T15:01:53.655368,KXBTCD-25MAY2119-T108249.99,DELTA,77,100,79,18,576,no,3,2000
2025-05-21T15:01:53.655469,KXBTCD-25MAY2119-T108249.99,DELTA,77,100,79,18,577,no,3,1250
2025-05-21T15:01:53.693350,KXBTCD-25MAY2119-T108249.99,DELTA,77,100,79,18,578,no,19,-1000
2025-05-21T15:01:53.734062,KXBTCD-25MAY2119-T108249.99,DELTA,77,100,79,18,579,no,16,1000
2025-05-21T15:01:53.752578,KXBTCD-25MAY2119-T108249.99,DELTA,77,100,79,18,580,no,20,-50
2025-05-21T15:01:53.752691,KXBTCD-25MAY2119-T108249.99,DELTA,77,100,79,18,581,no,16,50
2025-05-21T15:01:53.814752,KXBTCD-25MAY2119-T108249.99,DELTA,77,100,79,18,582,no,16,-1000
2025-05-21T15:01:53.814961,KXBTCD-25MAY2119-T108249.99,DELTA,77,100,79,18,583,no,16,-50
2025-05-21T15:01:53.815098,KXBTCD-25MAY2119-T108249.99,DELTA,77,100,79,18,584,no,17,50
2025-05-21T15:01:53.856864,KXBTCD-25MAY2119-T108249.99,DELTA,77,100,79,18,585,no,17,1000
2025-05-21T15:01:53.895446,KXBTCD-25MAY2119-T108249.99,DELTA,77,100,79,18,586,no,17,-50
2025-05-21T15:01:53.896224,KXBTCD-25MAY2119-T108249.99,DELTA,77,100,79,18,587,no,16,50
2025-05-21T15:01:53.914517,KXBTCD-25MAY2119-T108249.99,DELTA,77,100,79,18,588,no,17,-1000
2025-05-21T15:01:53.934943,KXBTCD-25MAY2119-T108249.99,DELTA,77,100,79,18,589,no,16,-50
2025-05-21T15:01:53.935890,KXBTCD-25MAY2119-T108249.99,DELTA,77,100,79,18,590,no,18,50
2025-05-21T15:01:53.954178,KXBTCD-25MAY2119-T108249.99,DELTA,77,100,79,18,591,no,17,1000
2025-05-21T15:01:53.993402,KXBTCD-25MAY2119-T108249.99,DELTA,77,100,79,18,592,no,18,-50
2025-05-21T15:01:53.995399,KXBTCD-25MAY2119-T108249.99,DELTA,77,100,79,18,593,no,16,50
2025-05-21T15:01:53.996055,KXBTCD-25MAY2119-T108249.99,DELTA,77,100,79,18,594,no,17,-1000
2025-05-21T15:01:54.032816,KXBTCD-25MAY2119-T108249.99,DELTA,77,100,79,18,595,no,19,1000
2025-05-21T15:01:54.053983,KXBTCD-25MAY2119-T108249.99,DELTA,77,100,79,9,596,no,21,-9
2025-05-21T15:01:54.054097,KXBTCD-25MAY2119-T108249.99,DELTA,77,100,79,9,597,no,19,9
2025-05-21T15:01:54.093922,KXBTCD-25MAY2119-T108249.99,DELTA,77,100,79,9,598,no,19,-1000
2025-05-21T15:01:54.094046,KXBTCD-25MAY2119-T108249.99,DELTA,77,100,79,9,599,no,16,-50
2025-05-21T15:01:54.094111,KXBTCD-25MAY2119-T108249.99,DELTA,77,100,79,9,600,no,20,50
2025-05-21T15:01:54.133456,KXBTCD-25MAY2119-T108249.99,DELTA,77,100,79,9,601,no,17,1000
2025-05-21T15:01:54.152776,KXBTCD-25MAY2119-T108249.99,DELTA,77,100,79,9,602,no,20,-50
2025-05-21T15:01:54.152866,KXBTCD-25MAY2119-T108249.99,DELTA,77,100,79,9,603,no,16,50
2025-05-21T15:01:54.174010,KXBTCD-25MAY2119-T108249.99,DELTA,77,100,79,9,604,no,17,-1000
2025-05-21T15:01:54.193548,KXBTCD-25MAY2119-T108249.99,DELTA,77,100,79,9,605,no,16,-50
2025-05-21T15:01:54.193779,KXBTCD-25MAY2119-T108249.99,DELTA,77,100,79,59,606,no,21,50
2025-05-21T15:01:54.214662,KXBTCD-25MAY2119-T108249.99,DELTA,77,100,79,59,607,no,17,1000
2025-05-21T15:01:54.292584,KXBTCD-25MAY2119-T108249.99,DELTA,77,100,79,9,608,no,21,-50
2025-05-21T15:01:54.292847,KXBTCD-25MAY2119-T108249.99,DELTA,77,100,79,9,609,no,16,50
2025-05-21T15:01:54.293203,KXBTCD-25MAY2119-T108249.99,DELTA,77,100,79,9,610,no,17,-1000
2025-05-21T15:01:54.331874,KXBTCD-25MAY2119-T108249.99,DELTA,77,100,79,9,611,no,16,1000
2025-05-21T15:01:54.373823,KXBTCD-25MAY2119-T108249.99,DELTA,77,100,79,9,612,no,16,-1000
2025-05-21T15:01:54.393835,KXBTCD-25MAY2119-T108249.99,DELTA,77,100,79,9,613,no,16,-50
2025-05-21T15:01:54.393958,KXBTCD-25MAY2119-T108249.99,DELTA,77,100,79,9,614,no,17,50
2025-05-21T15:01:54.413418,KXBTCD-25MAY2119-T108249.99,DELTA,77,100,81,9,615,no,21,-9
2025-05-21T15:01:54.413650,KXBTCD-25MAY2119-T108249.99,DELTA,77,100,81,9,616,no,17,9
2025-05-21T15:01:54.413808,KXBTCD-25MAY2119-T108249.99,DELTA,77,100,81,9,617,no,4,9
2025-05-21T15:01:54.413934,KXBTCD-25MAY2119-T108249.99,DELTA,77,100,81,9,618,no,17,1000
2025-05-21T15:01:54.433414,KXBTCD-25MAY2119-T108249.99,DELTA,77,100,81,9,619,no,17,-50
2025-05-21T15:01:54.433593,KXBTCD-25MAY2119-T108249.99,DELTA,77,100,81,9,620,no,16,50
2025-05-21T15:01:54.473540,KXBTCD-25MAY2119-T108249.99,DELTA,77,100,81,9,621,no,17,-1000
2025-05-21T15:01:54.474193,KXBTCD-25MAY2119-T108249.99,DELTA,77,100,81,9,622,no,16,-50
2025-05-21T15:01:54.474610,KXBTCD-25MAY2119-T108249.99,DELTA,77,100,81,9,623,no,18,50
2025-05-21T15:01:54.514021,KXBTCD-25MAY2119-T108249.99,DELTA,77,100,81,9,624,no,17,1000
2025-05-21T15:01:54.533599,KXBTCD-25MAY2119-T108249.99,DELTA,77,100,81,9,625,no,18,-50
2025-05-21T15:01:54.534300,KXBTCD-25MAY2119-T108249.99,DELTA,77,100,81,9,626,no,16,50
2025-05-21T15:01:54.554613,KXBTCD-25MAY2119-T108249.99,DELTA,77,100,81,9,627,no,17,-1000
2025-05-21T15:01:54.573575,KXBTCD-25MAY2119-T108249.99,DELTA,77,100,81,9,628,no,16,-50
2025-05-21T15:01:54.574390,KXBTCD-25MAY2119-T108249.99,DELTA,77,100,81,59,629,no,19,50
2025-05-21T15:01:54.594214,KXBTCD-25MAY2119-T108249.99,DELTA,77,100,81,59,630,no,17,1000
2025-05-21T15:01:54.613674,KXBTCD-25MAY2119-T108249.99,DELTA,77,100,81,9,631,no,19,-50
2025-05-21T15:01:54.614481,KXBTCD-25MAY2119-T108249.99,DELTA,77,100,81,9,632,no,16,50
2025-05-21T15:01:54.633583,KXBTCD-25MAY2119-T108249.99,DELTA,77,100,81,9,633,no,17,-1000
2025-05-21T15:01:54.654664,KXBTCD-25MAY2119-T108249.99,DELTA,77,100,81,9,634,no,16,-50
2025-05-21T15:01:54.654918,KXBTCD-25MAY2119-T108249.99,DELTA,77,100,80,50,635,no,20,50
2025-05-21T15:01:54.673214,KXBTCD-25MAY2119-T108249.99,DELTA,77,100,80,50,636,no,17,1000
2025-05-21T15:01:54.694443,KXBTCD-25MAY2119-T108249.99,DELTA,77,100,81,9,637,no,20,-50
2025-05-21T15:01:54.695135,KXBTCD-25MAY2119-T108249.99,DELTA,77,100,81,9,638,no,16,50
2025-05-21T15:01:54.713807,KXBTCD-25MAY2119-T108249.99,DELTA,77,100,81,9,639,no,17,-1000
2025-05-21T15:01:54.733536,KXBTCD-25MAY2119-T108249.99,DELTA,77,100,81,9,640,no,16,-50
2025-05-21T15:01:54.734262,KXBTCD-25MAY2119-T108249.99,DELTA,77,100,79,50,641,no,21,50
2025-05-21T15:01:54.753682,KXBTCD-25MAY2119-T108249.99,DELTA,77,100,79,50,642,no,16,1000
2025-05-21T15:01:54.772632,KXBTCD-25MAY2119-T108249.99,DELTA,77,100,81,9,643,no,21,-50
2025-05-21T15:01:54.773365,KXBTCD-25MAY2119-T108249.99,DELTA,77,100,81,9,644,no,16,50
2025-05-21T15:01:54.834160,KXBTCD-25MAY2119-T108249.99,DELTA,77,100,81,9,645,no,16,-50
2025-05-21T15:01:54.835186,KXBTCD-25MAY2119-T108249.99,DELTA,77,100,78,50,646,no,22,50
2025-05-21T15:01:54.835829,KXBTCD-25MAY2119-T108249.99,DELTA,77,100,78,50,647,no,16,-1000
2025-05-21T15:01:54.875481,KXBTCD-25MAY2119-T108249.99,DELTA,77,100,78,50,648,no,17,1000
2025-05-21T15:01:54.915171,KXBTCD-25MAY2119-T108249.99,DELTA,77,100,78,50,649,no,17,-1000
2025-05-21T15:01:54.932577,KXBTCD-25MAY2119-T108249.99,DELTA,77,100,81,9,650,no,22,-50
2025-05-21T15:01:54.932749,KXBTCD-25MAY2119-T108249.99,DELTA,77,100,81,9,651,no,16,50
2025-05-21T15:01:54.932873,KXBTCD-25MAY2119-T108249.99,DELTA,77,100,82,24,652,no,19,-9
2025-05-21T15:01:54.932988,KXBTCD-25MAY2119-T108249.99,DELTA,77,100,78,9,653,no,22,9
2025-05-21T15:01:54.954766,KXBTCD-25MAY2119-T108249.99,DELTA,77,100,78,9,654,no,16,1000
2025-05-21T15:01:54.973280,KXBTCD-25MAY2119-T108249.99,DELTA,77,100,78,9,655,no,16,-50
2025-05-21T15:01:54.973472,KXBTCD-25MAY2119-T108249.99,DELTA,77,100,78,59,656,no,22,50
2025-05-21T15:01:54.994664,KXBTCD-25MAY2119-T108249.99,DELTA,77,100,78,59,657,no,16,-1000
2025-05-21T15:01:55.013576,KXBTCD-25MAY2119-T108249.99,DELTA,77,100,78,9,658,no,22,-50
2025-05-21T15:01:55.013685,KXBTCD-25MAY2119-T108249.99,DELTA,77,100,78,9,659,no,17,50
2025-05-21T15:01:55.056670,KXBTCD-25MAY2119-T108249.99,DELTA,77,100,78,9,660,no,16,1000
2025-05-21T15:01:55.083863,KXBTCD-25MAY2119-T108249.99,DELTA,77,100,78,9,661,no,17,-50
2025-05-21T15:01:55.084023,KXBTCD-25MAY2119-T108249.99,DELTA,77,100,78,59,662,no,22,50
2025-05-21T15:01:55.093900,KXBTCD-25MAY2119-T108249.99,DELTA,77,100,78,59,663,no,16,-1000
2025-05-21T15:01:55.113540,KXBTCD-25MAY2119-T108249.99,DELTA,77,100,78,9,664,no,22,-50
2025-05-21T15:01:55.113693,KXBTCD-25MAY2119-T108249.99,DELTA,77,100,78,9,665,no,17,50
2025-05-21T15:01:55.154010,KXBTCD-25MAY2119-T108249.99,DELTA,77,100,78,9,666,no,16,1000
2025-05-21T15:01:55.154162,KXBTCD-25MAY2119-T108249.99,DELTA,77,100,78,9,667,no,17,-50
2025-05-21T15:01:55.154266,KXBTCD-25MAY2119-T108249.99,DELTA,77,100,78,59,668,no,22,50
2025-05-21T15:01:55.173670,KXBTCD-25MAY2119-T108249.99,DELTA,77,100,78,59,669,no,17,-9
2025-05-21T15:01:55.173807,KXBTCD-25MAY2119-T108249.99,DELTA,77,100,78,59,670,no,18,9
2025-05-21T15:01:55.174055,KXBTCD-25MAY2119-T108249.99,DELTA,77,100,78,59,671,no,4,-9
2025-05-21T15:01:55.194053,KXBTCD-25MAY2119-T108249.99,DELTA,77,100,78,59,672,no,16,-1000
2025-05-21T15:01:55.194605,KXBTCD-25MAY2119-T108249.99,DELTA,77,100,78,9,673,no,22,-50
2025-05-21T15:01:55.194726,KXBTCD-25MAY2119-T108249.99,DELTA,77,100,78,9,674,no,16,50
2025-05-21T15:01:55.232811,KXBTCD-25MAY2119-T108249.99,DELTA,77,100,78,9,675,no,16,1000
2025-05-21T15:01:55.273795,KXBTCD-25MAY2119-T108249.99,DELTA,77,100,78,9,676,no,16,-1000
2025-05-21T15:01:55.293624,KXBTCD-25MAY2119-T108249.99,DELTA,77,100,78,9,677,no,16,-50
2025-05-21T15:01:55.294184,KXBTCD-25MAY2119-T108249.99,DELTA,77,100,78,9,678,no,17,50
2025-05-21T15:01:55.334693,KXBTCD-25MAY2119-T108249.99,DELTA,77,100,78,9,679,no,19,1000
2025-05-21T15:01:55.335357,KXBTCD-25MAY2119-T108249.99,DELTA,77,100,78,9,680,no,17,-50
2025-05-21T15:01:55.335815,KXBTCD-25MAY2119-T108249.99,DELTA,77,100,78,9,681,no,16,50
2025-05-21T15:01:55.336308,KXBTCD-25MAY2119-T108249.99,DELTA,77,100,81,1000,682,no,22,-9
2025-05-21T15:01:55.336492,KXBTCD-25MAY2119-T108249.99,DELTA,77,100,81,1000,683,no,17,9
2025-05-21T15:01:55.394097,KXBTCD-25MAY2119-T108249.99,DELTA,77,100,81,1000,684,no,16,-50
2025-05-21T15:01:55.394817,KXBTCD-25MAY2119-T108249.99,DELTA,77,100,80,50,685,no,20,50
2025-05-21T15:01:58.019583,KXBTCD-25MAY2119-T108249.99,DELTA,77,100,80,50,686,no,2,-16200
2025-05-21T15:01:58.020758,KXBTCD-25MAY2119-T108249.99,DELTA,77,100,80,50,687,no,3,10800
2025-05-21T15:01:58.199930,KXBTCD-25MAY2119-T108249.99,DELTA,77,100,80,50,688,no,3,-20000
2025-05-21T15:01:58.200175,KXBTCD-25MAY2119-T108249.99,DELTA,77,100,80,50,689,no,17,-9
2025-05-21T15:01:58.200516,KXBTCD-25MAY2119-T108249.99,DELTA,77,100,79,9,690,no,21,9
2025-05-21T15:01:58.200603,KXBTCD-25MAY2119-T108249.99,DELTA,77,100,79,9,691,no,18,-9
2025-05-21T15:01:58.200723,KXBTCD-25MAY2119-T108249.99,DELTA,77,100,79,18,692,no,21,9
2025-05-21T15:01:58.200796,KXBTCD-25MAY2119-T108249.99,DELTA,77,100,79,18,693,no,3,-2000
2025-05-21T15:01:58.292726,KXBTCD-25MAY2119-T108249.99,DELTA,77,100,79,18,694,no,19,-1000
2025-05-21T15:01:58.392856,KXBTCD-25MAY2119-T108249.99,DELTA,77,100,79,18,695,no,3,-1250
2025-05-21T15:01:58.393456,KXBTCD-25MAY2119-T108249.99,DELTA,77,100,79,18,696,no,20,-50
2025-05-21T15:01:58.393641,KXBTCD-25MAY2119-T108249.99,DELTA,77,100,79,18,697,no,16,50
2025-05-21T15:01:58.573475,KXBTCD-25MAY2119-T108249.99,DELTA,77,100,79,18,698,no,4,2000
2025-05-21T15:01:58.573640,KXBTCD-25MAY2119-T108249.99,DELTA,77,100,79,18,699,no,16,1000
2025-05-21T15:01:58.573758,KXBTCD-25MAY2119-T108249.99,DELTA,77,100,79,18,700,no,4,1250
2025-05-21T15:01:58.573969,KXBTCD-25MAY2119-T108249.99,DELTA,77,100,79,18,701,no,4,20000
2025-05-21T15:01:58.693819,KXBTCD-25MAY2119-T108249.99,DELTA,77,100,79,9,702,no,21,-9
2025-05-21T15:01:58.694020,KXBTCD-25MAY2119-T108249.99,DELTA,77,100,79,9,703,no,17,9
2025-05-21T15:01:58.694354,KXBTCD-25MAY2119-T108249.99,DELTA,77,100,79,9,704,no,16,-1000
2025-05-21T15:01:58.772792,KXBTCD-25MAY2119-T108249.99,DELTA,77,100,79,9,705,no,16,-50
2025-05-21T15:01:58.773162,KXBTCD-25MAY2119-T108249.99,DELTA,77,100,79,9,706,no,17,50
2025-05-21T15:01:58.894775,KXBTCD-25MAY2119-T108249.99,DELTA,77,100,79,9,707,no,17,1000
2025-05-21T15:01:58.994876,KXBTCD-25MAY2119-T108249.99,DELTA,77,100,79,9,708,no,17,-50
2025-05-21T15:01:58.996035,KXBTCD-25MAY2119-T108249.99,DELTA,77,100,79,9,709,no,16,50
2025-05-21T15:01:58.996687,KXBTCD-25MAY2119-T108249.99,DELTA,77,100,79,9,710,no,5,9
2025-05-21T15:01:58.996962,KXBTCD-25MAY2119-T108249.99,DELTA,77,100,82,24,711,no,21,-9
2025-05-21T15:01:58.997145,KXBTCD-25MAY2119-T108249.99,DELTA,77,100,82,33,712,no,18,9
2025-05-21T15:01:59.194307,KXBTCD-25MAY2119-T108249.99,DELTA,77,100,82,33,713,no,17,-1000
2025-05-21T15:01:59.194691,KXBTCD-25MAY2119-T108249.99,DELTA,77,100,82,33,714,no,16,-50
2025-05-21T15:01:59.194806,KXBTCD-25MAY2119-T108249.99,DELTA,77,100,82,83,715,no,18,50
2025-05-21T15:01:59.292969,KXBTCD-25MAY2119-T108249.99,DELTA,77,100,81,1000,716,no,19,1000
2025-05-21T15:01:59.475464,KXBTCD-25MAY2119-T108249.99,DELTA,77,100,81,1000,717,no,18,-50
2025-05-21T15:01:59.476493,KXBTCD-25MAY2119-T108249.99,DELTA,77,100,80,50,718,no,20,50
2025-05-21T15:01:59.674633,KXBTCD-25MAY2119-T108249.99,DELTA,77,100,80,50,719,no,17,-9
2025-05-21T15:01:59.674894,KXBTCD-25MAY2119-T108249.99,DELTA,77,100,79,9,720,no,21,9
2025-05-21T15:01:59.794373,KXBTCD-25MAY2119-T108249.99,DELTA,77,100,79,9,721,no,5,-9
2025-05-21T15:01:59.794729,KXBTCD-25MAY2119-T108249.99,DELTA,77,100,79,9,722,no,18,-9
2025-05-21T15:01:59.795070,KXBTCD-25MAY2119-T108249.99,DELTA,77,100,79,18,723,no,21,9
2025-05-21T15:01:59.874150,KXBTCD-25MAY2119-T108249.99,DELTA,77,100,79,18,724,no,19,-1000
2025-05-21T15:01:59.914047,KXBTCD-25MAY2119-T108249.99,DELTA,77,100,79,18,725,no,16,1000
2025-05-21T15:01:59.935442,KXBTCD-25MAY2119-T108249.99,DELTA,77,100,79,18,726,no,20,-50
2025-05-21T15:01:59.935792,KXBTCD-25MAY2119-T108249.99,DELTA,77,100,79,18,727,no,16,50
2025-05-21T15:01:59.972401,KXBTCD-25MAY2119-T108249.99,DELTA,77,100,79,18,728,no,16,-50
2025-05-21T15:01:59.972619,KXBTCD-25MAY2119-T108249.99,DELTA,77,100,79,68,729,no,21,50
2025-05-21T15:01:59.993854,KXBTCD-25MAY2119-T108249.99,DELTA,77,100,79,68,730,no,16,-1000
2025-05-21T15:02:00.035476,KXBTCD-25MAY2119-T108249.99,DELTA,77,100,79,68,731,no,16,1000
2025-05-21T15:02:00.035762,KXBTCD-25MAY2119-T108249.99,DELTA,77,100,79,18,732,no,21,-50
2025-05-21T15:02:00.035877,KXBTCD-25MAY2119-T108249.99,DELTA,77,100,79,18,733,no,17,50
2025-05-21T15:02:00.121677,KXBTCD-25MAY2119-T108249.99,DELTA,77,100,79,18,734,no,16,-1000
2025-05-21T15:02:00.159300,KXBTCD-25MAY2119-T108249.99,DELTA,77,100,79,18,735,no,18,1000
2025-05-21T15:02:00.159428,KXBTCD-25MAY2119-T108249.99,DELTA,77,100,79,18,736,no,17,-50
2025-05-21T15:02:00.159514,KXBTCD-25MAY2119-T108249.99,DELTA,77,100,79,18,737,no,16,50
2025-05-21T15:02:00.214351,KXBTCD-25MAY2119-T108249.99,DELTA,77,100,79,18,738,no,18,-1000
2025-05-21T15:02:00.214473,KXBTCD-25MAY2119-T108249.99,DELTA,77,100,79,18,739,no,16,-50
2025-05-21T15:02:00.214559,KXBTCD-25MAY2119-T108249.99,DELTA,77,100,79,18,740,no,19,50
2025-05-21T15:02:00.273918,KXBTCD-25MAY2119-T108249.99,DELTA,77,100,79,18,741,no,17,1000
2025-05-21T15:02:00.274073,KXBTCD-25MAY2119-T108249.99,DELTA,77,100,79,18,742,no,19,-50
2025-05-21T15:02:00.274166,KXBTCD-25MAY2119-T108249.99,DELTA,77,100,79,18,743,no,16,50
2025-05-21T15:02:00.312794,KXBTCD-25MAY2119-T108249.99,DELTA,77,100,79,18,744,no,17,-1000
2025-05-21T15:02:00.353809,KXBTCD-25MAY2119-T108249.99,DELTA,77,100,79,18,745,no,16,-50
2025-05-21T15:02:00.353997,KXBTCD-25MAY2119-T108249.99,DELTA,77,100,79,18,746,no,18,50
2025-05-21T15:02:00.374143,KXBTCD-25MAY2119-T108249.99,DELTA,77,100,79,18,747,no,17,1000
2025-05-21T15:02:00.414177,KXBTCD-25MAY2119-T108249.99,DELTA,77,100,79,18,748,no,18,-50
2025-05-21T15:02:00.414357,KXBTCD-25MAY2119-T108249.99,DELTA,77,100,79,18,749,no,16,50
2025-05-21T15:02:00.414501,KXBTCD-25MAY2119-T108249.99,DELTA,77,100,79,9,750,no,21,-9
2025-05-21T15:02:00.414638,KXBTCD-25MAY2119-T108249.99,DELTA,77,100,79,9,751,no,17,9
2025-05-21T15:02:00.472885,KXBTCD-25MAY2119-T108249.99,DELTA,77,100,79,9,752,no,16,-50
2025-05-21T15:02:00.473088,KXBTCD-25MAY2119-T108249.99,DELTA,77,100,79,9,753,no,19,50
2025-05-21T15:02:00.494150,KXBTCD-25MAY2119-T108249.99,DELTA,77,100,79,9,754,no,17,-1000
2025-05-21T15:02:00.555283,KXBTCD-25MAY2119-T108249.99,DELTA,77,100,79,9,755,no,19,1000
2025-05-21T15:02:00.593409,KXBTCD-25MAY2119-T108249.99,DELTA,77,100,81,1050,756,no,21,-9
2025-05-21T15:02:00.593610,KXBTCD-25MAY2119-T108249.99,DELTA,77,100,80,9,757,no,20,9
2025-05-21T15:02:00.593724,KXBTCD-25MAY2119-T108249.99,DELTA,77,100,80,9,758,no,19,-50
2025-05-21T15:02:00.593817,KXBTCD-25MAY2119-T108249.99,DELTA,77,100,80,9,759,no,18,50
2025-05-21T15:02:00.653373,KXBTCD-25MAY2119-T108249.99,DELTA,77,100,80,9,760,no,18,-50
2025-05-21T15:02:00.653576,KXBTCD-25MAY2119-T108249.99,DELTA,77,100,80,59,761,no,20,50
2025-05-21T15:02:00.717498,KXBTCD-25MAY2119-T108249.99,DELTA,77,100,80,59,762,no,19,-1000
2025-05-21T15:02:00.753025,KXBTCD-25MAY2119-T108249.99,DELTA,77,100,80,59,763,no,16,1000
2025-05-21T15:02:00.772536,KXBTCD-25MAY2119-T108249.99,DELTA,77,100,80,9,764,no,20,-50
2025-05-21T15:02:00.772728,KXBTCD-25MAY2119-T108249.99,DELTA,77,100,80,9,765,no,16,50
2025-05-21T15:02:00.833554,KXBTCD-25MAY2119-T108249.99,DELTA,77,100,80,9,766,no,17,-9
2025-05-21T15:02:00.834129,KXBTCD-25MAY2119-T108249.99,DELTA,77,100,79,9,767,no,21,9
2025-05-21T15:02:00.834453,KXBTCD-25MAY2119-T108249.99,DELTA,77,100,79,9,768,no,16,-1000
2025-05-21T15:02:00.834716,KXBTCD-25MAY2119-T108249.99,DELTA,77,100,79,9,769,no,16,-50
2025-05-21T15:02:00.834956,KXBTCD-25MAY2119-T108249.99,DELTA,77,100,79,9,770,no,17,50
2025-05-21T15:02:00.873973,KXBTCD-25MAY2119-T108249.99,DELTA,77,100,79,9,771,no,17,1000
2025-05-21T15:02:00.892640,KXBTCD-25MAY2119-T108249.99,DELTA,77,100,79,9,772,no,17,-50
2025-05-21T15:02:00.892827,KXBTCD-25MAY2119-T108249.99,DELTA,77,100,79,9,773,no,16,50
2025-05-21T15:02:00.912690,KXBTCD-25MAY2119-T108249.99,DELTA,77,100,79,9,774,no,17,-1000
2025-05-21T15:02:00.953496,KXBTCD-25MAY2119-T108249.99,DELTA,77,100,79,9,775,no,16,-50
2025-05-21T15:02:00.953683,KXBTCD-25MAY2119-T108249.99,DELTA,77,100,79,9,776,no,18,50
2025-05-21T15:02:00.953760,KXBTCD-25MAY2119-T108249.99,DELTA,77,100,79,9,777,no,17,1000
2025-05-21T15:02:01.033665,KXBTCD-25MAY2119-T108249.99,DELTA,77,100,79,9,778,no,17,-1000
2025-05-21T15:02:01.073527,KXBTCD-25MAY2119-T108249.99,DELTA,77,100,79,9,779,no,19,1000
2025-05-21T15:02:01.093583,KXBTCD-25MAY2119-T108249.99,DELTA,77,100,79,9,780,no,18,-50
2025-05-21T15:02:01.093765,KXBTCD-25MAY2119-T108249.99,DELTA,77,100,79,9,781,no,16,50
2025-05-21T15:02:01.133353,KXBTCD-25MAY2119-T108249.99,DELTA,77,100,79,9,782,no,16,-50
2025-05-21T15:02:01.133523,KXBTCD-25MAY2119-T108249.99,DELTA,77,100,79,9,783,no,20,50
2025-05-21T15:02:01.153936,KXBTCD-25MAY2119-T108249.99,DELTA,77,100,79,9,784,no,19,-1000
2025-05-21T15:02:01.213484,KXBTCD-25MAY2119-T108249.99,DELTA,77,100,79,9,785,no,16,1000
2025-05-21T15:02:01.213714,KXBTCD-25MAY2119-T108249.99,DELTA,77,100,79,9,786,no,20,-50
2025-05-21T15:02:01.213992,KXBTCD-25MAY2119-T108249.99,DELTA,77,100,79,9,787,no,16,50
2025-05-21T15:02:01.272604,KXBTCD-25MAY2119-T108249.99,DELTA,77,100,79,9,788,no,16,-50
2025-05-21T15:02:01.272767,KXBTCD-25MAY2119-T108249.99,DELTA,77,100,79,9,789,no,17,50
2025-05-21T15:02:01.292815,KXBTCD-25MAY2119-T108249.99,DELTA,77,100,79,9,790,no,16,-1000
2025-05-21T15:02:01.333370,KXBTCD-25MAY2119-T108249.99,DELTA,77,100,79,9,791,no,18,1000
2025-05-21T15:02:01.353135,KXBTCD-25MAY2119-T108249.99,DELTA,77,100,79,9,792,no,17,-50
2025-05-21T15:02:01.353260,KXBTCD-25MAY2119-T108249.99,DELTA,77,100,79,9,793,no,16,50
2025-05-21T15:02:01.373675,KXBTCD-25MAY2119-T108249.99,DELTA,77,100,79,9,794,no,20,-9
2025-05-21T15:02:01.373807,KXBTCD-25MAY2119-T108249.99,DELTA,77,100,79,9,795,no,18,9
2025-05-21T15:02:01.413786,KXBTCD-25MAY2119-T108249.99,DELTA,77,100,79,9,796,no,18,-1000
2025-05-21T15:02:01.413924,KXBTCD-25MAY2119-T108249.99,DELTA,77,100,79,9,797,no,16,-50
2025-05-21T15:02:01.414028,KXBTCD-25MAY2119-T108249.99,DELTA,77,100,79,9,798,no,19,50
2025-05-21T15:02:01.472068,KXBTCD-25MAY2119-T108249.99,DELTA,77,100,79,9,799,no,19,1000
2025-05-21T15:02:01.492510,KXBTCD-25MAY2119-T108249.99,DELTA,77,100,79,9,800,no,19,-50
2025-05-21T15:02:01.492768,KXBTCD-25MAY2119-T108249.99,DELTA,77,100,79,9,801,no,16,50
2025-05-21T15:02:01.552244,KXBTCD-25MAY2119-T108249.99,DELTA,77,100,79,9,802,no,16,-50
2025-05-21T15:02:01.552518,KXBTCD-25MAY2119-T108249.99,DELTA,77,100,79,9,803,no,20,50
2025-05-21T15:02:05.234874,KXBTCD-25MAY2119-T108249.99,DELTA,77,99,79,9,804,yes,77,-1
2025-05-21T15:02:05.350195,KXBTCD-25MAY2119-T108249.99,DELTA,77,99,79,9,805,no,18,-9
2025-05-21T15:02:05.350490,KXBTCD-25MAY2119-T108249.99,DELTA,77,99,79,18,806,no,21,9
2025-05-21T15:02:05.393126,KXBTCD-25MAY2119-T108249.99,DELTA,77,99,79,18,807,no,19,-1000
2025-05-21T15:02:05.432690,KXBTCD-25MAY2119-T108249.99,DELTA,77,99,79,18,808,no,16,1000
2025-05-21T15:02:05.453149,KXBTCD-25MAY2119-T108249.99,DELTA,77,99,79,18,809,no,20,-50
2025-05-21T15:02:05.453447,KXBTCD-25MAY2119-T108249.99,DELTA,77,99,79,18,810,no,16,50
2025-05-21T15:02:05.494749,KXBTCD-25MAY2119-T108249.99,DELTA,77,99,79,18,811,no,16,-50
2025-05-21T15:02:05.495650,KXBTCD-25MAY2119-T108249.99,DELTA,77,99,79,68,812,no,21,50
2025-05-21T15:02:05.512203,KXBTCD-25MAY2119-T108249.99,DELTA,77,99,79,68,813,no,16,-1000
2025-05-21T15:02:05.554674,KXBTCD-25MAY2119-T108249.99,DELTA,77,99,79,68,814,no,16,1000
2025-05-21T15:02:05.573667,KXBTCD-25MAY2119-T108249.99,DELTA,77,99,79,18,815,no,21,-50
2025-05-21T15:02:05.573988,KXBTCD-25MAY2119-T108249.99,DELTA,77,99,79,18,816,no,17,50
2025-05-21T15:02:05.635330,KXBTCD-25MAY2119-T108249.99,DELTA,77,99,79,18,817,no,16,-1000
2025-05-21T15:02:05.673500,KXBTCD-25MAY2119-T108249.99,DELTA,77,99,79,18,818,no,18,1000
2025-05-21T15:02:05.693504,KXBTCD-25MAY2119-T108249.99,DELTA,77,99,79,18,819,no,17,-50
2025-05-21T15:02:05.693856,KXBTCD-25MAY2119-T108249.99,DELTA,77,99,79,18,820,no,16,50
2025-05-21T15:02:05.753062,KXBTCD-25MAY2119-T108249.99,DELTA,77,99,79,18,821,no,18,-1000
2025-05-21T15:02:05.753322,KXBTCD-25MAY2119-T108249.99,DELTA,77,99,79,18,822,no,16,-50
2025-05-21T15:02:05.753639,KXBTCD-25MAY2119-T108249.99,DELTA,77,99,79,18,823,no,19,50
2025-05-21T15:02:05.793840,KXBTCD-25MAY2119-T108249.99,DELTA,77,99,79,9,824,no,21,-9
2025-05-21T15:02:05.794161,KXBTCD-25MAY2119-T108249.99,DELTA,77,99,79,9,825,no,19,9
2025-05-21T15:02:05.794306,KXBTCD-25MAY2119-T108249.99,DELTA,77,99,79,9,826,no,17,1000
2025-05-21T15:02:05.813341,KXBTCD-25MAY2119-T108249.99,DELTA,77,99,79,9,827,no,19,-50
2025-05-21T15:02:05.813503,KXBTCD-25MAY2119-T108249.99,DELTA,77,99,79,9,828,no,16,50
2025-05-21T15:02:05.833626,KXBTCD-25MAY2119-T108249.99,DELTA,77,99,79,9,829,no,17,-1000
2025-05-21T15:02:05.853964,KXBTCD-25MAY2119-T108249.99,DELTA,77,99,79,9,830,no,16,-50
2025-05-21T15:02:05.854499,KXBTCD-25MAY2119-T108249.99,DELTA,77,99,79,9,831,no,20,50
2025-05-21T15:02:05.894817,KXBTCD-25MAY2119-T108249.99,DELTA,77,99,79,9,832,no,17,1000
2025-05-21T15:02:05.895729,KXBTCD-25MAY2119-T108249.99,DELTA,77,99,79,9,833,no,20,-50
2025-05-21T15:02:05.896334,KXBTCD-25MAY2119-T108249.99,DELTA,77,99,79,9,834,no,16,50
2025-05-21T15:02:05.974726,KXBTCD-25MAY2119-T108249.99,DELTA,77,99,79,9,835,no,17,-1000
2025-05-21T15:02:05.974984,KXBTCD-25MAY2119-T108249.99,DELTA,77,99,79,9,836,no,16,-50
2025-05-21T15:02:05.975271,KXBTCD-25MAY2119-T108249.99,DELTA,77,99,79,9,837,no,18,50
2025-05-21T15:02:06.012002,KXBTCD-25MAY2119-T108249.99,DELTA,77,99,79,9,838,no,17,1000
2025-05-21T15:02:06.033208,KXBTCD-25MAY2119-T108249.99,DELTA,77,99,79,9,839,no,18,-50
2025-05-21T15:02:06.033355,KXBTCD-25MAY2119-T108249.99,DELTA,77,99,79,9,840,no,16,50
2025-05-21T15:02:06.054407,KXBTCD-25MAY2119-T108249.99,DELTA,77,99,79,9,841,no,17,-1000
2025-05-21T15:02:06.073542,KXBTCD-25MAY2119-T108249.99,DELTA,77,99,79,9,842,no,16,-50
2025-05-21T15:02:06.073676,KXBTCD-25MAY2119-T108249.99,DELTA,77,99,79,9,843,no,19,50
2025-05-21T15:02:06.094182,KXBTCD-25MAY2119-T108249.99,DELTA,77,99,79,9,844,no,19,1000
2025-05-21T15:02:06.113752,KXBTCD-25MAY2119-T108249.99,DELTA,77,99,81,1059,845,no,21,-9
2025-05-21T15:02:06.114032,KXBTCD-25MAY2119-T108249.99,DELTA,77,99,81,1068,846,no,19,9
2025-05-21T15:02:06.134061,KXBTCD-25MAY2119-T108249.99,DELTA,77,99,81,1018,847,no,19,-50
2025-05-21T15:02:06.134623,KXBTCD-25MAY2119-T108249.99,DELTA,77,99,81,1018,848,no,16,50
2025-05-21T15:02:06.135010,KXBTCD-25MAY2119-T108249.99,DELTA,77,99,81,18,849,no,19,-1000
2025-05-21T15:02:06.176418,KXBTCD-25MAY2119-T108249.99,DELTA,77,99,81,1018,850,no,19,1000
2025-05-21T15:02:06.194710,KXBTCD-25MAY2119-T108249.99,DELTA,77,99,81,1018,851,no,16,-50
2025-05-21T15:02:06.195006,KXBTCD-25MAY2119-T108249.99,DELTA,77,99,80,50,852,no,20,50
2025-05-21T15:02:06.222012,KXBTCD-25MAY2119-T108249.99,DELTA,77,99,80,50,853,no,19,-1000
2025-05-21T15:02:06.253187,KXBTCD-25MAY2119-T108249.99,DELTA,77,99,80,50,854,no,16,1000
2025-05-21T15:02:06.273443,KXBTCD-25MAY2119-T108249.99,DELTA,77,99,81,18,855,no,20,-50
2025-05-21T15:02:06.273742,KXBTCD-25MAY2119-T108249.99,DELTA,77,99,81,18,856,no,16,50
2025-05-21T15:02:06.332780,KXBTCD-25MAY2119-T108249.99,DELTA,77,99,81,18,857,no,16,-1000
2025-05-21T15:02:06.333013,KXBTCD-25MAY2119-T108249.99,DELTA,77,99,81,18,858,no,16,-50
2025-05-21T15:02:06.333431,KXBTCD-25MAY2119-T108249.99,DELTA,77,99,81,18,859,no,17,50
2025-05-21T15:02:06.372396,KXBTCD-25MAY2119-T108249.99,DELTA,77,99,81,18,860,no,17,1000
2025-05-21T15:02:06.394135,KXBTCD-25MAY2119-T108249.99,DELTA,77,99,81,18,861,no,17,-50
2025-05-21T15:02:06.394631,KXBTCD-25MAY2119-T108249.99,DELTA,77,99,81,18,862,no,16,50
2025-05-21T15:02:06.417053,KXBTCD-25MAY2119-T108249.99,DELTA,77,99,81,18,863,no,17,-1000
2025-05-21T15:02:06.434528,KXBTCD-25MAY2119-T108249.99,DELTA,77,99,81,18,864,no,16,-50
2025-05-21T15:02:06.435075,KXBTCD-25MAY2119-T108249.99,DELTA,77,99,81,18,865,no,18,50
2025-05-21T15:02:06.454937,KXBTCD-25MAY2119-T108249.99,DELTA,77,99,81,18,866,no,17,1000
2025-05-21T15:02:06.493141,KXBTCD-25MAY2119-T108249.99,DELTA,77,99,81,18,867,no,18,-50
2025-05-21T15:02:06.493886,KXBTCD-25MAY2119-T108249.99,DELTA,77,99,81,18,868,no,16,50
2025-05-21T15:02:06.521402,KXBTCD-25MAY2119-T108249.99,DELTA,77,99,81,18,869,no,17,-1000
2025-05-21T15:02:06.558250,KXBTCD-25MAY2119-T108249.99,DELTA,77,99,81,1018,870,no,19,1000
2025-05-21T15:02:06.558927,KXBTCD-25MAY2119-T108249.99,DELTA,77,99,81,1018,871,no,16,-50
2025-05-21T15:02:06.559229,KXBTCD-25MAY2119-T108249.99,DELTA,77,99,81,1018,872,no,18,50
2025-05-21T15:02:06.593459,KXBTCD-25MAY2119-T108249.99,DELTA,77,99,81,18,873,no,19,-1000
2025-05-21T15:02:06.622143,KXBTCD-25MAY2119-T108249.99,DELTA,77,99,81,18,874,no,18,-50
2025-05-21T15:02:06.622940,KXBTCD-25MAY2119-T108249.99,DELTA,77,99,80,50,875,no,20,50
2025-05-21T15:02:06.623507,KXBTCD-25MAY2119-T108249.99,DELTA,77,99,80,50,876,no,19,-9
2025-05-21T15:02:06.623937,KXBTCD-25MAY2119-T108249.99,DELTA,77,99,80,50,877,no,17,9
2025-05-21T15:02:06.639374,KXBTCD-25MAY2119-T108249.99,DELTA,77,99,80,50,878,no,19,1000
2025-05-21T15:02:06.679813,KXBTCD-25MAY2119-T108249.99,DELTA,77,99,81,1009,879,no,20,-50
2025-05-21T15:02:06.680846,KXBTCD-25MAY2119-T108249.99,DELTA,77,99,81,1009,880,no,16,50
2025-05-21T15:02:06.693466,KXBTCD-25MAY2119-T108249.99,DELTA,77,99,81,9,881,no,19,-1000
2025-05-21T15:02:06.733467,KXBTCD-25MAY2119-T108249.99,DELTA,77,99,81,9,882,no,16,1000
2025-05-21T15:02:06.733756,KXBTCD-25MAY2119-T108249.99,DELTA,77,99,81,9,883,no,16,-50
2025-05-21T15:02:06.733913,KXBTCD-25MAY2119-T108249.99,DELTA,77,99,80,50,884,no,20,50
2025-05-21T15:02:06.772038,KXBTCD-25MAY2119-T108249.99,DELTA,77,99,80,50,885,no,16,-1000
2025-05-21T15:02:06.793280,KXBTCD-25MAY2119-T108249.99,DELTA,77,99,81,9,886,no,20,-50
2025-05-21T15:02:06.793475,KXBTCD-25MAY2119-T108249.99,DELTA,77,99,81,9,887,no,17,50
2025-05-21T15:02:06.813568,KXBTCD-25MAY2119-T108249.99,DELTA,77,99,81,9,888,no,16,1000
2025-05-21T15:02:06.833043,KXBTCD-25MAY2119-T108249.99,DELTA,77,99,81,9,889,no,17,-50
2025-05-21T15:02:06.833683,KXBTCD-25MAY2119-T108249.99,DELTA,77,99,79,50,890,no,21,50
2025-05-21T15:02:06.852972,KXBTCD-25MAY2119-T108249.99,DELTA,77,99,79,50,891,no,16,-1000
2025-05-21T15:02:06.893418,KXBTCD-25MAY2119-T108249.99,DELTA,77,99,79,50,892,no,5,9
2025-05-21T15:02:06.894242,KXBTCD-25MAY2119-T108249.99,DELTA,77,99,79,50,893,no,19,-9
2025-05-21T15:02:06.894861,KXBTCD-25MAY2119-T108249.99,DELTA,77,99,79,59,894,no,21,9
2025-05-21T15:02:06.895422,KXBTCD-25MAY2119-T108249.99,DELTA,77,99,79,9,895,no,21,-50
2025-05-21T15:02:06.895917,KXBTCD-25MAY2119-T108249.99,DELTA,77,99,79,9,896,no,17,50
2025-05-21T15:02:06.896381,KXBTCD-25MAY2119-T108249.99,DELTA,77,99,79,9,897,no,16,1000
2025-05-21T15:02:06.912630,KXBTCD-25MAY2119-T108249.99,DELTA,77,99,79,9,898,no,16,9
2025-05-21T15:02:06.974092,KXBTCD-25MAY2119-T108249.99,DELTA,77,99,79,9,899,no,16,-1000
2025-05-21T15:02:07.013615,KXBTCD-25MAY2119-T108249.99,DELTA,77,99,79,9,900,no,18,1000
2025-05-21T15:02:07.014931,KXBTCD-25MAY2119-T108249.99,DELTA,77,99,79,9,901,no,17,-9
2025-05-21T15:02:07.015694,KXBTCD-25MAY2119-T108249.99,DELTA,77,99,79,9,902,no,18,9
2025-05-21T15:02:07.074444,KXBTCD-25MAY2119-T108249.99,DELTA,77,99,79,9,903,no,18,-1000
2025-05-21T15:02:07.075263,KXBTCD-25MAY2119-T108249.99,DELTA,77,99,79,9,904,no,17,-50
2025-05-21T15:02:07.075885,KXBTCD-25MAY2119-T108249.99,DELTA,77,99,79,9,905,no,19,50
2025-05-21T15:02:07.134860,KXBTCD-25MAY2119-T108249.99,DELTA,77,99,79,9,906,no,19,1000
2025-05-21T15:02:07.135871,KXBTCD-25MAY2119-T108249.99,DELTA,77,99,79,9,907,no,19,-50
2025-05-21T15:02:07.136606,KXBTCD-25MAY2119-T108249.99,DELTA,77,99,79,9,908,no,17,50
2025-05-21T15:02:07.194136,KXBTCD-25MAY2119-T108249.99,DELTA,77,99,79,9,909,no,17,-50
2025-05-21T15:02:07.195258,KXBTCD-25MAY2119-T108249.99,DELTA,77,99,79,9,910,no,20,50
2025-05-21T15:02:09.794606,KXBTCD-25MAY2119-T108249.99,DELTA,77,99,79,9,911,no,3,-10800
2025-05-21T15:02:09.795104,KXBTCD-25MAY2119-T108249.99,DELTA,77,99,79,9,912,no,4,8100
2025-05-21T15:02:09.812937,KXBTCD-25MAY2119-T108249.99,DELTA,77,99,79,9,913,yes,76,-1000
2025-05-21T15:02:09.834450,KXBTCD-25MAY2119-T108249.99,DELTA,77,99,79,9,914,no,4,-20000
2025-05-21T15:02:09.835118,KXBTCD-25MAY2119-T108249.99,DELTA,77,99,79,9,915,no,4,-2000
2025-05-21T15:02:09.854078,KXBTCD-25MAY2119-T108249.99,DELTA,77,99,79,9,916,no,19,-1000
2025-05-21T15:02:09.854737,KXBTCD-25MAY2119-T108249.99,DELTA,77,99,79,9,917,no,4,-1250
2025-05-21T15:02:09.875739,KXBTCD-25MAY2119-T108249.99,DELTA,77,99,79,9,918,no,16,-9
2025-05-21T15:02:09.876758,KXBTCD-25MAY2119-T108249.99,DELTA,77,99,79,9,919,no,5,-9
2025-05-21T15:02:09.877658,KXBTCD-25MAY2119-T108249.99,DELTA,77,99,79,9,920,no,18,-9
2025-05-21T15:02:09.878275,KXBTCD-25MAY2119-T108249.99,DELTA,77,99,79,18,921,no,21,9
2025-05-21T15:02:09.913708,KXBTCD-25MAY2119-T108249.99,DELTA,77,1099,79,18,922,yes,77,1000
2025-05-21T15:02:09.914563,KXBTCD-25MAY2119-T108249.99,DELTA,77,1099,79,18,923,no,5,2000
2025-05-21T15:02:09.915086,KXBTCD-25MAY2119-T108249.99,DELTA,77,1099,79,18,924,no,18,1000
2025-05-21T15:02:09.915534,KXBTCD-25MAY2119-T108249.99,DELTA,77,1099,79,18,925,no,5,1250
2025-05-21T15:02:09.915944,KXBTCD-25MAY2119-T108249.99,DELTA,77,1099,79,18,926,no,5,20000
2025-05-21T15:02:09.941013,KXBTCD-25MAY2119-T108249.99,DELTA,77,1099,79,18,927,no,20,-50
2025-05-21T15:02:09.941954,KXBTCD-25MAY2119-T108249.99,DELTA,77,1099,79,18,928,no,17,50
2025-05-21T15:02:09.953148,KXBTCD-25MAY2119-T108249.99,DELTA,77,1099,79,18,929,no,18,-1000
2025-05-21T15:02:09.975286,KXBTCD-25MAY2119-T108249.99,DELTA,77,1099,79,18,930,no,17,-50
2025-05-21T15:02:09.975568,KXBTCD-25MAY2119-T108249.99,DELTA,77,1099,79,68,931,no,21,50
2025-05-21T15:02:09.994175,KXBTCD-25MAY2119-T108249.99,DELTA,77,1099,79,68,932,no,16,1000
2025-05-21T15:02:10.013723,KXBTCD-25MAY2119-T108249.99,DELTA,77,1099,79,18,933,no,21,-50
2025-05-21T15:02:10.013920,KXBTCD-25MAY2119-T108249.99,DELTA,77,1099,79,18,934,no,16,50
2025-05-21T15:02:10.033826,KXBTCD-25MAY2119-T108249.99,DELTA,77,1099,79,18,935,no,16,-1000
2025-05-21T15:02:10.075155,KXBTCD-25MAY2119-T108249.99,DELTA,77,1099,79,18,936,no,16,-50
2025-05-21T15:02:10.075332,KXBTCD-25MAY2119-T108249.99,DELTA,77,1099,79,18,937,no,17,50
2025-05-21T15:02:10.096343,KXBTCD-25MAY2119-T108249.99,DELTA,77,1099,79,18,938,no,17,1000
2025-05-21T15:02:10.145055,KXBTCD-25MAY2119-T108249.99,DELTA,77,1099,79,18,939,no,17,-1000
2025-05-21T15:02:10.145610,KXBTCD-25MAY2119-T108249.99,DELTA,77,1099,79,18,940,no,17,-50
2025-05-21T15:02:10.145936,KXBTCD-25MAY2119-T108249.99,DELTA,77,1099,79,18,941,no,16,50
2025-05-21T15:02:10.183420,KXBTCD-25MAY2119-T108249.99,DELTA,77,1099,79,18,942,no,18,1000
2025-05-21T15:02:10.218541,KXBTCD-25MAY2119-T108249.99,DELTA,77,1099,79,18,943,no,18,-1000
2025-05-21T15:02:10.314994,KXBTCD-25MAY2119-T108249.99,DELTA,77,1099,79,18,944,no,17,1000
2025-05-21T15:02:10.316068,KXBTCD-25MAY2119-T108249.99,DELTA,77,1099,79,18,945,no,16,-50
2025-05-21T15:02:10.316816,KXBTCD-25MAY2119-T108249.99,DELTA,77,1099,79,18,946,no,19,50
2025-05-21T15:02:10.317333,KXBTCD-25MAY2119-T108249.99,DELTA,77,1099,79,9,947,no,21,-9
2025-05-21T15:02:10.317788,KXBTCD-25MAY2119-T108249.99,DELTA,77,1099,79,9,948,no,19,9
2025-05-21T15:02:10.355957,KXBTCD-25MAY2119-T108249.99,DELTA,77,1099,79,9,949,no,17,-1000
2025-05-21T15:02:10.373623,KXBTCD-25MAY2119-T108249.99,DELTA,77,1099,79,9,950,no,19,-50
2025-05-21T15:02:10.374403,KXBTCD-25MAY2119-T108249.99,DELTA,77,1099,79,9,951,no,18,50
2025-05-21T15:02:10.414882,KXBTCD-25MAY2119-T108249.99,DELTA,77,1099,79,9,952,no,16,1000
2025-05-21T15:02:10.415747,KXBTCD-25MAY2119-T108249.99,DELTA,77,1099,79,9,953,no,18,-50
2025-05-21T15:02:10.416438,KXBTCD-25MAY2119-T108249.99,DELTA,77,1099,79,9,954,no,20,50
2025-05-21T15:02:10.465072,KXBTCD-25MAY2119-T108249.99,DELTA,77,1099,79,9,955,no,16,-1000
2025-05-21T15:02:10.475471,KXBTCD-25MAY2119-T108249.99,DELTA,77,1099,79,9,956,no,20,-50
2025-05-21T15:02:10.476069,KXBTCD-25MAY2119-T108249.99,DELTA,77,1099,79,9,957,no,17,50
2025-05-21T15:02:10.493540,KXBTCD-25MAY2119-T108249.99,DELTA,77,1099,79,9,958,no,16,1000
2025-05-21T15:02:10.536271,KXBTCD-25MAY2119-T108249.99,DELTA,77,1099,79,9,959,no,17,-50
2025-05-21T15:02:10.537156,KXBTCD-25MAY2119-T108249.99,DELTA,77,1099,79,59,960,no,21,50
2025-05-21T15:02:10.537751,KXBTCD-25MAY2119-T108249.99,DELTA,77,1099,79,59,961,no,16,-1000
2025-05-21T15:02:10.573198,KXBTCD-25MAY2119-T108249.99,DELTA,77,1099,79,59,962,no,18,1000
2025-05-21T15:02:10.594321,KXBTCD-25MAY2119-T108249.99,DELTA,77,1099,79,9,963,no,21,-50
2025-05-21T15:02:10.595143,KXBTCD-25MAY2119-T108249.99,DELTA,77,1099,79,9,964,no,16,50
2025-05-21T15:02:10.612961,KXBTCD-25MAY2119-T108249.99,DELTA,77,1099,79,9,965,no,18,-1000
2025-05-21T15:02:10.633421,KXBTCD-25MAY2119-T108249.99,DELTA,77,1099,79,9,966,no,16,-50
2025-05-21T15:02:10.633574,KXBTCD-25MAY2119-T108249.99,DELTA,77,1099,78,50,967,no,22,50
2025-05-21T15:02:10.652766,KXBTCD-25MAY2119-T108249.99,DELTA,77,1099,78,50,968,no,16,1000
2025-05-21T15:02:10.652943,KXBTCD-25MAY2119-T108249.99,DELTA,77,1099,78,50,969,no,21,-9
2025-05-21T15:02:10.653076,KXBTCD-25MAY2119-T108249.99,DELTA,77,1099,78,59,970,no,22,9
2025-05-21T15:02:10.653199,KXBTCD-25MAY2119-T108249.99,DELTA,77,1099,78,59,971,no,17,9
2025-05-21T15:02:10.673730,KXBTCD-25MAY2119-T108249.99,DELTA,77,1099,78,9,972,no,22,-50
2025-05-21T15:02:10.674323,KXBTCD-25MAY2119-T108249.99,DELTA,77,1099,78,9,973,no,16,50
2025-05-21T15:02:10.693344,KXBTCD-25MAY2119-T108249.99,DELTA,77,1099,78,9,974,no,16,-1000
2025-05-21T15:02:10.712544,KXBTCD-25MAY2119-T108249.99,DELTA,77,1099,78,9,975,no,16,-50
2025-05-21T15:02:10.713205,KXBTCD-25MAY2119-T108249.99,DELTA,77,1099,78,59,976,no,22,50
2025-05-21T15:02:10.734049,KXBTCD-25MAY2119-T108249.99,DELTA,77,1099,78,59,977,no,17,1000
2025-05-21T15:02:10.754643,KXBTCD-25MAY2119-T108249.99,DELTA,77,1099,78,9,978,no,22,-50
2025-05-21T15:02:10.755303,KXBTCD-25MAY2119-T108249.99,DELTA,77,1099,78,9,979,no,17,50
2025-05-21T15:02:10.773651,KXBTCD-25MAY2119-T108249.99,DELTA,77,1099,78,9,980,no,17,-1000
2025-05-21T15:02:10.812787,KXBTCD-25MAY2119-T108249.99,DELTA,77,1099,78,9,981,no,17,-50
2025-05-21T15:02:10.813628,KXBTCD-25MAY2119-T108249.99,DELTA,77,1099,78,59,982,no,22,50
2025-05-21T15:02:10.814309,KXBTCD-25MAY2119-T108249.99,DELTA,77,1099,78,59,983,no,18,1000
2025-05-21T15:02:10.874453,KXBTCD-25MAY2119-T108249.99,DELTA,77,1099,78,59,984,no,18,-1000
2025-05-21T15:02:10.913484,KXBTCD-25MAY2119-T108249.99,DELTA,77,1099,78,59,985,no,16,1000
2025-05-21T15:02:11.134558,KXBTCD-25MAY2119-T108249.99,DELTA,77,1099,78,59,986,no,4,-8100
2025-05-21T15:02:11.135004,KXBTCD-25MAY2119-T108249.99,DELTA,77,1099,78,59,987,no,5,6480
2025-05-21T15:02:11.193744,KXBTCD-25MAY2119-T108249.99,DELTA,77,1099,78,59,988,no,5,-20000
2025-05-21T15:02:11.194456,KXBTCD-25MAY2119-T108249.99,DELTA,77,1099,78,59,989,no,5,-2000
2025-05-21T15:02:11.214280,KXBTCD-25MAY2119-T108249.99,DELTA,77,1099,78,59,990,no,5,-1250
2025-05-21T15:02:11.233118,KXBTCD-25MAY2119-T108249.99,DELTA,77,1099,78,59,991,no,19,-9
2025-05-21T15:02:11.233230,KXBTCD-25MAY2119-T108249.99,DELTA,77,1099,78,68,992,no,22,9
2025-05-21T15:02:11.252904,KXBTCD-25MAY2119-T108249.99,DELTA,77,1099,78,68,993,no,6,2000
2025-05-21T15:02:11.252999,KXBTCD-25MAY2119-T108249.99,DELTA,77,1099,78,68,994,no,6,20000
2025-05-21T15:02:11.253068,KXBTCD-25MAY2119-T108249.99,DELTA,77,1099,78,68,995,no,6,1250
2025-05-21T15:02:12.514126,KXBTCD-25MAY2119-T108249.99,DELTA,77,1099,78,68,996,no,5,-6480
2025-05-21T15:02:12.515175,KXBTCD-25MAY2119-T108249.99,DELTA,77,1099,78,68,997,no,4,8100
2025-05-21T15:02:12.574533,KXBTCD-25MAY2119-T108249.99,DELTA,77,1099,78,68,998,no,6,-20000
2025-05-21T15:02:12.575307,KXBTCD-25MAY2119-T108249.99,DELTA,77,1099,78,68,999,no,6,-2000
2025-05-21T15:02:12.594197,KXBTCD-25MAY2119-T108249.99,DELTA,77,1099,78,68,1000,no,6,-1250
2025-05-21T15:02:12.633207,KXBTCD-25MAY2119-T108249.99,DELTA,77,1099,78,68,1001,no,5,1250
2025-05-21T15:02:12.633840,KXBTCD-25MAY2119-T108249.99,DELTA,77,1099,78,68,1002,no,5,2000
2025-05-21T15:02:12.634332,KXBTCD-25MAY2119-T108249.99,DELTA,77,1099,78,68,1003,no,5,20000
2025-05-21T15:02:13.893939,KXBTCD-25MAY2119-T108249.99,DELTA,77,99,78,68,1004,yes,77,-1000
2025-05-21T15:02:13.934303,KXBTCD-25MAY2119-T108249.99,DELTA,77,99,78,68,1005,yes,76,1000
2025-05-21T15:02:14.608114,KXBTCD-25MAY2119-T108249.99,DELTA,77,99,78,68,1006,yes,76,-1000
2025-05-21T15:02:14.609158,KXBTCD-25MAY2119-T108249.99,DELTA,77,1099,78,68,1007,yes,77,1000
2025-05-21T15:02:16.313641,KXBTCD-25MAY2119-T108249.99,DELTA,77,1099,78,68,1008,no,4,-8100
2025-05-21T15:02:16.314010,KXBTCD-25MAY2119-T108249.99,DELTA,77,1099,78,68,1009,no,5,6480
2025-05-21T15:02:16.373833,KXBTCD-25MAY2119-T108249.99,DELTA,77,1099,78,68,1010,no,5,-20000
2025-05-21T15:02:16.374433,KXBTCD-25MAY2119-T108249.99,DELTA,77,1099,78,68,1011,no,5,-2000
2025-05-21T15:02:16.394130,KXBTCD-25MAY2119-T108249.99,DELTA,77,1099,78,68,1012,no,5,-1250
2025-05-21T15:02:16.435679,KXBTCD-25MAY2119-T108249.99,DELTA,77,1099,78,68,1013,no,6,1250
2025-05-21T15:02:16.436589,KXBTCD-25MAY2119-T108249.99,DELTA,77,1099,78,68,1014,no,6,20000
2025-05-21T15:02:16.437282,KXBTCD-25MAY2119-T108249.99,DELTA,77,1099,78,68,1015,no,6,2000
2025-05-21T15:02:17.873842,KXBTCD-25MAY2119-T108249.99,DELTA,77,99,78,68,1016,yes,77,-1000
2025-05-21T15:02:17.915973,KXBTCD-25MAY2119-T108249.99,DELTA,77,99,78,68,1017,yes,76,1000
2025-05-21T15:02:18.374250,KXBTCD-25MAY2119-T108249.99,DELTA,77,99,78,68,1018,yes,76,-1000
2025-05-21T15:02:18.413183,KXBTCD-25MAY2119-T108249.99,DELTA,77,1099,78,68,1019,yes,77,1000
2025-05-21T15:02:18.434132,KXBTCD-25MAY2119-T108249.99,DELTA,77,1099,78,68,1020,no,15,-100
2025-05-21T15:02:18.493312,KXBTCD-25MAY2119-T108249.99,DELTA,77,1099,78,68,1021,no,16,-1000
2025-05-21T15:02:18.556886,KXBTCD-25MAY2119-T108249.99,DELTA,77,1099,78,68,1022,no,6,1000
2025-05-21T15:02:18.753375,KXBTCD-25MAY2119-T108249.99,DELTA,77,1099,78,68,1023,no,5,-6480
2025-05-21T15:02:18.753743,KXBTCD-25MAY2119-T108249.99,DELTA,77,1099,78,68,1024,no,4,8100
2025-05-21T15:02:18.833934,KXBTCD-25MAY2119-T108249.99,DELTA,77,1099,78,68,1025,no,6,-20000
2025-05-21T15:02:18.834494,KXBTCD-25MAY2119-T108249.99,DELTA,77,1099,78,68,1026,no,6,-2000
2025-05-21T15:02:18.866102,KXBTCD-25MAY2119-T108249.99,DELTA,77,1099,78,68,1027,no,6,-1000
2025-05-21T15:02:18.866965,KXBTCD-25MAY2119-T108249.99,DELTA,77,1099,78,68,1028,no,6,-1250
2025-05-21T15:02:18.873521,KXBTCD-25MAY2119-T108249.99,DELTA,77,1099,78,68,1029,no,7,9
2025-05-21T15:02:18.874275,KXBTCD-25MAY2119-T108249.99,DELTA,77,1099,78,68,1030,no,17,-9
2025-05-21T15:02:18.914717,KXBTCD-25MAY2119-T108249.99,DELTA,77,1099,78,68,1031,no,5,20000
2025-05-21T15:02:18.915473,KXBTCD-25MAY2119-T108249.99,DELTA,77,1099,78,68,1032,no,5,2000
2025-05-21T15:02:18.916014,KXBTCD-25MAY2119-T108249.99,DELTA,77,1099,78,68,1033,no,5,1250
2025-05-21T15:02:18.916424,KXBTCD-25MAY2119-T108249.99,DELTA,77,1099,78,68,1034,no,5,1000
2025-05-21T15:02:19.889586,KXBTCD-25MAY2119-T108249.99,DELTA,77,99,78,68,1035,yes,77,-1000
2025-05-21T15:02:19.890681,KXBTCD-25MAY2119-T108249.99,DELTA,77,99,78,68,1036,no,16,100
2025-05-21T15:02:19.891407,KXBTCD-25MAY2119-T108249.99,DELTA,77,99,78,68,1037,yes,76,1000
2025-05-21T15:02:19.933667,KXBTCD-25MAY2119-T108249.99,DELTA,77,99,78,68,1038,no,5,-1000
2025-05-21T15:02:19.956256,KXBTCD-25MAY2119-T108249.99,DELTA,77,99,78,68,1039,no,7,-9
2025-05-21T15:02:19.956912,KXBTCD-25MAY2119-T108249.99,DELTA,77,99,78,68,1040,no,6,9
2025-05-21T15:02:19.993217,KXBTCD-25MAY2119-T108249.99,DELTA,77,99,78,68,1041,no,4,-8100
2025-05-21T15:02:19.993508,KXBTCD-25MAY2119-T108249.99,DELTA,77,99,78,68,1042,no,5,6480
2025-05-21T15:02:19.993806,KXBTCD-25MAY2119-T108249.99,DELTA,77,99,78,68,1043,no,17,1000
2025-05-21T15:02:20.053525,KXBTCD-25MAY2119-T108249.99,DELTA,77,99,78,68,1044,no,5,-20000
2025-05-21T15:02:20.074655,KXBTCD-25MAY2119-T108249.99,DELTA,77,99,78,68,1045,no,5,-2000
2025-05-21T15:02:20.074812,KXBTCD-25MAY2119-T108249.99,DELTA,77,99,78,68,1046,no,5,-1250
2025-05-21T15:02:20.134168,KXBTCD-25MAY2119-T108249.99,DELTA,77,99,78,68,1047,no,6,1250
2025-05-21T15:02:20.134551,KXBTCD-25MAY2119-T108249.99,DELTA,77,99,78,68,1048,no,6,2000
2025-05-21T15:02:20.134766,KXBTCD-25MAY2119-T108249.99,DELTA,77,99,78,68,1049,no,6,20000
2025-05-21T15:02:20.393910,KXBTCD-25MAY2119-T108249.99,DELTA,77,99,78,68,1050,yes,76,-1000
2025-05-21T15:02:20.432834,KXBTCD-25MAY2119-T108249.99,DELTA,77,99,78,68,1051,yes,76,1000
2025-05-21T15:02:20.513342,KXBTCD-25MAY2119-T108249.99,DELTA,77,99,78,68,1052,no,16,-100
2025-05-21T15:02:20.513993,KXBTCD-25MAY2119-T108249.99,DELTA,76,1000,78,68,1053,yes,77,-99
2025-05-21T15:02:20.573429,KXBTCD-25MAY2119-T108249.99,DELTA,76,1000,78,68,1054,no,17,-1000
2025-05-21T15:02:20.593617,KXBTCD-25MAY2119-T108249.99,DELTA,76,1000,78,18,1055,no,22,-50
2025-05-21T15:02:20.594528,KXBTCD-25MAY2119-T108249.99,DELTA,76,1000,77,50,1056,no,23,50
2025-05-21T15:02:20.614370,KXBTCD-25MAY2119-T108249.99,DELTA,76,1000,77,50,1057,no,6,1000
2025-05-21T15:02:20.634968,KXBTCD-25MAY2119-T108249.99,DELTA,76,1000,78,18,1058,no,23,-50
2025-05-21T15:02:20.635769,KXBTCD-25MAY2119-T108249.99,DELTA,76,1000,78,18,1059,no,7,50
2025-05-21T15:02:20.673325,KXBTCD-25MAY2119-T108249.99,DELTA,76,1000,78,18,1060,no,7,-50
2025-05-21T15:02:20.674161,KXBTCD-25MAY2119-T108249.99,DELTA,76,1000,77,50,1061,no,23,50
2025-05-21T15:02:20.694659,KXBTCD-25MAY2119-T108249.99,DELTA,76,1000,77,50,1062,no,6,-1000
2025-05-21T15:02:20.733376,KXBTCD-25MAY2119-T108249.99,DELTA,76,1000,77,50,1063,no,7,9
2025-05-21T15:02:20.734219,KXBTCD-25MAY2119-T108249.99,DELTA,76,1000,77,50,1064,no,6,-9
2025-05-21T15:02:20.734935,KXBTCD-25MAY2119-T108249.99,DELTA,76,1000,77,50,1065,no,22,-9
2025-05-21T15:02:20.735593,KXBTCD-25MAY2119-T108249.99,DELTA,76,1000,77,59,1066,no,23,9
2025-05-21T15:02:20.736200,KXBTCD-25MAY2119-T108249.99,DELTA,76,1000,77,59,1067,no,19,9
2025-05-21T15:02:20.736632,KXBTCD-25MAY2119-T108249.99,DELTA,76,1000,77,59,1068,no,6,1000
2025-05-21T15:02:20.903412,KXBTCD-25MAY2119-T108249.99,DELTA,75,50,77,59,1069,yes,76,-1000
2025-05-21T15:02:20.957919,KXBTCD-25MAY2119-T108249.99,DELTA,75,1050,77,59,1070,yes,75,1000
2025-05-21T15:02:21.005314,KXBTCD-25MAY2119-T108249.99,DELTA,75,1050,77,59,1071,no,22,-9
2025-05-21T15:02:21.005607,KXBTCD-25MAY2119-T108249.99,DELTA,75,1050,76,9,1072,no,24,9
2025-05-21T15:02:21.144533,KXBTCD-25MAY2119-T108249.99,DELTA,75,50,76,9,1073,yes,75,-1000
2025-05-21T15:02:21.232991,KXBTCD-25MAY2119-T108249.99,DELTA,75,50,76,9,1074,no,23,-50
2025-05-21T15:02:21.233550,KXBTCD-25MAY2119-T108249.99,DELTA,75,50,76,59,1075,no,24,50
2025-05-21T15:02:21.233984,KXBTCD-25MAY2119-T108249.99,DELTA,58,24,76,59,1076,yes,75,-50
2025-05-21T15:02:21.234360,KXBTCD-25MAY2119-T108249.99,DELTA,74,50,76,59,1077,yes,74,50
2025-05-21T15:02:21.234699,KXBTCD-25MAY2119-T108249.99,DELTA,74,50,76,59,1078,no,5,-6480
2025-05-21T15:02:21.235032,KXBTCD-25MAY2119-T108249.99,DELTA,74,50,76,59,1079,no,4,8100
2025-05-21T15:02:21.235345,KXBTCD-25MAY2119-T108249.99,DELTA,75,1000,76,59,1080,yes,75,1000
2025-05-21T15:02:21.262336,KXBTCD-25MAY2119-T108249.99,DELTA,75,1000,76,9,1081,no,24,-50
2025-05-21T15:02:21.262991,KXBTCD-25MAY2119-T108249.99,DELTA,75,1000,76,9,1082,no,19,50
2025-05-21T15:02:21.305114,KXBTCD-25MAY2119-T108249.99,DELTA,75,1000,76,9,1083,no,6,-20000
2025-05-21T15:02:21.306008,KXBTCD-25MAY2119-T108249.99,DELTA,75,1000,76,9,1084,no,6,-2000
2025-05-21T15:02:21.329457,KXBTCD-25MAY2119-T108249.99,DELTA,75,1000,76,9,1085,no,6,-1000
2025-05-21T15:02:21.330286,KXBTCD-25MAY2119-T108249.99,DELTA,75,1000,76,9,1086,no,6,-1250
2025-05-21T15:02:21.371256,KXBTCD-25MAY2119-T108249.99,DELTA,75,1000,76,9,1087,no,5,1250
2025-05-21T15:02:21.371931,KXBTCD-25MAY2119-T108249.99,DELTA,75,1000,76,9,1088,no,5,2000
2025-05-21T15:02:21.372441,KXBTCD-25MAY2119-T108249.99,DELTA,75,1000,76,9,1089,no,20,1000
2025-05-21T15:02:21.372898,KXBTCD-25MAY2119-T108249.99,DELTA,75,1000,76,9,1090,no,5,20000
2025-05-21T15:02:21.422304,KXBTCD-25MAY2119-T108249.99,DELTA,75,1000,77,9,1091,no,24,-9
2025-05-21T15:02:21.423082,KXBTCD-25MAY2119-T108249.99,DELTA,75,1000,77,9,1092,no,20,9
2025-05-21T15:02:21.423797,KXBTCD-25MAY2119-T108249.99,DELTA,75,1000,77,9,1093,no,19,-50
2025-05-21T15:02:21.424354,KXBTCD-25MAY2119-T108249.99,DELTA,75,1000,77,9,1094,no,21,50
2025-05-21T15:02:21.473642,KXBTCD-25MAY2119-T108249.99,DELTA,74,50,77,9,1095,yes,75,-1000
2025-05-21T15:02:21.496940,KXBTCD-25MAY2119-T108249.99,DELTA,74,50,77,9,1096,no,20,-1000
2025-05-21T15:02:21.497745,KXBTCD-25MAY2119-T108249.99,DELTA,74,1050,77,9,1097,yes,74,1000
2025-05-21T15:02:21.498482,KXBTCD-25MAY2119-T108249.99,DELTA,74,1050,77,9,1098,no,19,-9
2025-05-21T15:02:21.499027,KXBTCD-25MAY2119-T108249.99,DELTA,74,1050,77,9,1099,no,7,-9
2025-05-21T15:02:21.532344,KXBTCD-25MAY2119-T108249.99,DELTA,74,1050,77,9,1100,no,21,1000
2025-05-21T15:02:21.546463,KXBTCD-25MAY2119-T108249.99,DELTA,74,1050,77,9,1101,no,21,-50
2025-05-21T15:02:21.547122,KXBTCD-25MAY2119-T108249.99,DELTA,74,1050,77,9,1102,no,19,50
2025-05-21T15:02:21.557945,KXBTCD-25MAY2119-T108249.99,DELTA,74,1050,77,9,1103,no,17,100
2025-05-21T15:02:21.558523,KXBTCD-25MAY2119-T108249.99,DELTA,75,99,77,9,1104,yes,75,99
2025-05-21T15:02:21.809779,KXBTCD-25MAY2119-T108249.99,DELTA,75,99,79,1000,1105,no,23,-9
2025-05-21T15:02:21.811241,KXBTCD-25MAY2119-T108249.99,DELTA,75,99,78,9,1106,no,22,9
2025-05-21T15:02:21.811832,KXBTCD-25MAY2119-T108249.99,DELTA,75,99,78,9,1107,no,19,-50
2025-05-21T15:02:21.812356,KXBTCD-25MAY2119-T108249.99,DELTA,75,99,78,59,1108,no,22,50
2025-05-21T15:02:21.813467,KXBTCD-25MAY2119-T108249.99,DELTA,75,99,78,59,1109,no,21,-1000
2025-05-21T15:02:21.813987,KXBTCD-25MAY2119-T108249.99,DELTA,75,99,78,59,1110,no,6,9
2025-05-21T15:02:21.814514,KXBTCD-25MAY2119-T108249.99,DELTA,75,99,78,59,1111,no,20,1000
2025-05-21T15:02:21.814974,KXBTCD-25MAY2119-T108249.99,DELTA,75,99,78,59,1112,no,6,-9
2025-05-21T15:02:21.874264,KXBTCD-25MAY2119-T108249.99,DELTA,75,99,78,59,1113,no,20,-1000
2025-05-21T15:02:21.875113,KXBTCD-25MAY2119-T108249.99,DELTA,75,99,78,9,1114,no,22,-50
2025-05-21T15:02:21.875881,KXBTCD-25MAY2119-T108249.99,DELTA,75,99,78,9,1115,no,21,50
2025-05-21T15:02:21.912803,KXBTCD-25MAY2119-T108249.99,DELTA,75,99,78,9,1116,no,18,1000
2025-05-21T15:02:21.933198,KXBTCD-25MAY2119-T108249.99,DELTA,75,99,78,9,1117,no,21,-50
2025-05-21T15:02:21.933901,KXBTCD-25MAY2119-T108249.99,DELTA,75,99,78,9,1118,no,18,50
2025-05-21T15:02:21.954271,KXBTCD-25MAY2119-T108249.99,DELTA,75,99,78,9,1119,no,20,-9
2025-05-21T15:02:21.955089,KXBTCD-25MAY2119-T108249.99,DELTA,75,99,77,9,1120,no,23,9
2025-05-21T15:02:21.955735,KXBTCD-25MAY2119-T108249.99,DELTA,75,99,77,9,1121,no,18,-1000
2025-05-21T15:02:21.993839,KXBTCD-25MAY2119-T108249.99,DELTA,75,99,77,9,1122,no,19,1000
2025-05-21T15:02:21.994787,KXBTCD-25MAY2119-T108249.99,DELTA,75,99,77,9,1123,no,18,-50
