timestamp,market_ticker,type,yes_bid_price_cents,yes_bid_qty,yes_ask_price_cents,yes_ask_qty_on_no_side,sequence_num,delta_side,delta_price_cents,delta_quantity
2025-05-23T17:00:43.277548,KXBTCD-25MAY2321-T106999.99,SNAPSHOT,50,200,,0,1,,,
2025-05-23T17:00:43.691538,KXBTCD-25MAY2321-T106999.99,DELTA,63,100,,0,2,yes,63,100
2025-05-23T17:00:44.237857,KXBTCD-25MAY2321-T106999.99,DELTA,63,100,71,100,3,no,29,100
2025-05-23T17:00:45.743783,KXBTCD-25MAY2321-T106999.99,DELTA,63,100,71,100,4,no,1,32400
2025-05-23T17:00:48.437229,KXBTCD-25MAY2321-T106999.99,DELTA,63,100,71,100,5,yes,52,3000
2025-05-23T17:00:48.438057,KXBTCD-25MAY2321-T106999.99,DELTA,63,100,71,100,6,no,3,80000
2025-05-23T17:00:48.438741,KXBTCD-25MAY2321-T106999.99,DELTA,63,100,71,100,7,yes,14,8000
2025-05-23T17:00:48.456899,KXBTCD-25MAY2321-T106999.99,DELTA,63,100,71,100,8,no,6,3000
2025-05-23T17:00:48.457544,KXBTCD-25MAY2321-T106999.99,DELTA,63,100,71,100,9,yes,3,80000
2025-05-23T17:00:49.039923,KXBTCD-25MAY2321-T106999.99,DELTA,52,3000,71,100,10,yes,63,-100
2025-05-23T17:00:49.276953,KXBTCD-25MAY2321-T106999.99,DELTA,52,3000,71,100,11,yes,1,-32400
2025-05-23T17:00:49.277403,KXBTCD-25MAY2321-T106999.99,DELTA,52,3000,71,100,12,yes,15,2160
2025-05-23T17:00:49.424165,KXBTCD-25MAY2321-T106999.99,DELTA,52,3000,71,100,13,no,2,2000
2025-05-23T17:00:49.424443,KXBTCD-25MAY2321-T106999.99,DELTA,52,3000,71,100,14,yes,51,2000
2025-05-23T17:00:49.437266,KXBTCD-25MAY2321-T106999.99,DELTA,52,3000,71,100,15,yes,51,1000
2025-05-23T17:00:49.437477,KXBTCD-25MAY2321-T106999.99,DELTA,52,3000,71,100,16,no,2,1000
2025-05-23T17:00:49.437573,KXBTCD-25MAY2321-T106999.99,DELTA,52,3000,71,100,17,no,2,20000
2025-05-23T17:00:49.437807,KXBTCD-25MAY2321-T106999.99,DELTA,52,3000,71,100,18,yes,2,20000
2025-05-23T17:00:49.536666,KXBTCD-25MAY2321-T106999.99,DELTA,52,3000,71,100,19,yes,2,-20000
2025-05-23T17:00:50.348522,KXBTCD-25MAY2321-T106999.99,DELTA,64,100,71,100,20,yes,64,100
2025-05-23T17:00:50.398062,KXBTCD-25MAY2321-T106999.99,DELTA,64,100,71,100,21,yes,51,-1000
2025-05-23T17:00:50.438305,KXBTCD-25MAY2321-T106999.99,DELTA,65,1000,71,100,22,yes,65,1000
2025-05-23T17:00:52.077594,KXBTCD-25MAY2321-T106999.99,DELTA,65,1000,71,100,23,no,1,-32400
2025-05-23T17:00:52.078636,KXBTCD-25MAY2321-T106999.99,DELTA,65,1000,71,100,24,no,3,10800
2025-05-23T17:00:52.137104,KXBTCD-25MAY2321-T106999.99,DELTA,65,1000,71,100,25,no,2,-20000
2025-05-23T17:00:52.157007,KXBTCD-25MAY2321-T106999.99,DELTA,65,1000,71,100,26,no,2,-2000
2025-05-23T17:00:52.157825,KXBTCD-25MAY2321-T106999.99,DELTA,65,1000,71,100,27,no,2,-1000
2025-05-23T17:00:52.196790,KXBTCD-25MAY2321-T106999.99,DELTA,65,1000,71,100,28,no,4,20000
2025-05-23T17:00:52.197059,KXBTCD-25MAY2321-T106999.99,DELTA,65,1000,71,100,29,no,4,2000
2025-05-23T17:00:52.197209,KXBTCD-25MAY2321-T106999.99,DELTA,65,1000,71,100,30,no,4,1000
2025-05-23T17:00:53.258030,KXBTCD-25MAY2321-T106999.99,DELTA,65,1000,71,100,31,yes,64,30
2025-05-23T17:00:53.259006,KXBTCD-25MAY2321-T106999.99,DELTA,65,1000,71,100,32,no,25,30
2025-05-23T17:00:54.136972,KXBTCD-25MAY2321-T106999.99,DELTA,65,1000,71,100,33,no,4,-1000
2025-05-23T17:00:54.137765,KXBTCD-25MAY2321-T106999.99,DELTA,65,1000,71,100,34,no,25,1000
2025-05-23T17:00:54.197483,KXBTCD-25MAY2321-T106999.99,DELTA,65,1000,71,100,35,no,25,-1000
2025-05-23T17:00:54.257494,KXBTCD-25MAY2321-T106999.99,DELTA,65,1000,71,100,36,no,26,1000
2025-05-23T17:00:54.456767,KXBTCD-25MAY2321-T106999.99,DELTA,65,1000,71,100,37,yes,63,30
2025-05-23T17:00:54.476345,KXBTCD-25MAY2321-T106999.99,DELTA,65,1000,71,100,38,no,26,30
2025-05-23T17:00:54.476976,KXBTCD-25MAY2321-T106999.99,DELTA,65,1000,71,100,39,yes,64,-30
2025-05-23T17:00:54.503859,KXBTCD-25MAY2321-T106999.99,DELTA,65,1000,71,100,40,no,25,-30
2025-05-23T17:00:54.557774,KXBTCD-25MAY2321-T106999.99,DELTA,65,1000,71,100,41,no,26,-1000
2025-05-23T17:00:54.596339,KXBTCD-25MAY2321-T106999.99,DELTA,65,1000,71,100,42,no,27,1000
2025-05-23T17:00:54.759052,KXBTCD-25MAY2321-T106999.99,DELTA,65,1000,71,100,43,yes,50,-200
2025-05-23T17:00:54.759767,KXBTCD-25MAY2321-T106999.99,DELTA,65,1000,71,100,44,yes,40,200
2025-05-23T17:00:54.797481,KXBTCD-25MAY2321-T106999.99,DELTA,65,1000,71,100,45,yes,63,14
2025-05-23T17:00:54.817434,KXBTCD-25MAY2321-T106999.99,DELTA,65,1000,71,100,46,no,28,14
2025-05-23T17:00:54.835965,KXBTCD-25MAY2321-T106999.99,DELTA,65,1000,71,100,47,yes,51,-2000
2025-05-23T17:00:54.878680,KXBTCD-25MAY2321-T106999.99,DELTA,65,1000,71,100,48,yes,41,2000
2025-05-23T17:00:55.318052,KXBTCD-25MAY2321-T106999.99,DELTA,65,1000,71,100,49,yes,63,-30
2025-05-23T17:00:55.318898,KXBTCD-25MAY2321-T106999.99,DELTA,65,1000,71,100,50,yes,61,30
2025-05-23T17:00:55.339232,KXBTCD-25MAY2321-T106999.99,DELTA,65,1000,71,100,51,no,26,-30
2025-05-23T17:00:55.339397,KXBTCD-25MAY2321-T106999.99,DELTA,65,1000,71,100,52,no,28,30
2025-05-23T17:00:55.358308,KXBTCD-25MAY2321-T106999.99,DELTA,65,1000,71,100,53,yes,64,-100
2025-05-23T17:00:55.377256,KXBTCD-25MAY2321-T106999.99,DELTA,65,1000,72,44,54,no,29,-100
2025-05-23T17:00:55.417689,KXBTCD-25MAY2321-T106999.99,DELTA,65,1000,72,44,55,no,27,-1000
2025-05-23T17:00:55.417793,KXBTCD-25MAY2321-T106999.99,DELTA,63,14,72,44,56,yes,65,-1000
2025-05-23T17:00:55.476156,KXBTCD-25MAY2321-T106999.99,DELTA,63,14,72,44,57,yes,62,1000
2025-05-23T17:00:55.476298,KXBTCD-25MAY2321-T106999.99,DELTA,63,14,72,44,58,no,4,1000
2025-05-23T17:00:56.337288,KXBTCD-25MAY2321-T106999.99,DELTA,63,14,72,44,59,no,4,-1000
2025-05-23T17:00:56.375650,KXBTCD-25MAY2321-T106999.99,DELTA,63,14,72,1044,60,no,28,1000
2025-05-23T17:00:56.457329,KXBTCD-25MAY2321-T106999.99,DELTA,63,14,69,100,61,no,31,100
2025-05-23T17:00:56.457553,KXBTCD-25MAY2321-T106999.99,DELTA,63,14,69,100,62,yes,61,100
2025-05-23T17:00:58.017266,KXBTCD-25MAY2321-T106999.99,DELTA,63,14,72,1044,63,no,31,-100
2025-05-23T17:00:59.276270,KXBTCD-25MAY2321-T106999.99,DELTA,63,14,72,44,64,no,28,-1000
2025-05-23T17:00:59.337077,KXBTCD-25MAY2321-T106999.99,DELTA,63,14,71,1000,65,no,29,1000
2025-05-23T17:00:59.377427,KXBTCD-25MAY2321-T106999.99,DELTA,63,14,71,1000,66,yes,61,14
2025-05-23T17:00:59.377583,KXBTCD-25MAY2321-T106999.99,DELTA,62,1000,71,1000,67,yes,63,-14
2025-05-23T17:00:59.377675,KXBTCD-25MAY2321-T106999.99,DELTA,62,1000,71,1000,68,no,28,-14
2025-05-23T17:00:59.377750,KXBTCD-25MAY2321-T106999.99,DELTA,62,1000,70,14,69,no,30,14
2025-05-23T17:00:59.416709,KXBTCD-25MAY2321-T106999.99,DELTA,62,1000,70,14,70,yes,61,-30
2025-05-23T17:00:59.416854,KXBTCD-25MAY2321-T106999.99,DELTA,62,1000,70,14,71,yes,60,30
2025-05-23T17:00:59.417319,KXBTCD-25MAY2321-T106999.99,DELTA,62,1000,70,14,72,no,28,-30
2025-05-23T17:00:59.417398,KXBTCD-25MAY2321-T106999.99,DELTA,62,1000,70,14,73,no,29,30
2025-05-23T17:00:59.477542,KXBTCD-25MAY2321-T106999.99,DELTA,62,1000,70,14,74,yes,52,-3000
2025-05-23T17:00:59.516547,KXBTCD-25MAY2321-T106999.99,DELTA,62,1000,70,14,75,no,29,-1000
2025-05-23T17:00:59.557037,KXBTCD-25MAY2321-T106999.99,DELTA,62,1000,70,14,76,yes,44,3000
2025-05-23T17:00:59.578268,KXBTCD-25MAY2321-T106999.99,DELTA,62,1000,70,1014,77,no,30,1000
2025-05-23T17:00:59.616993,KXBTCD-25MAY2321-T106999.99,DELTA,62,1000,68,100,78,no,32,100
2025-05-23T17:01:00.117910,KXBTCD-25MAY2321-T106999.99,DELTA,62,1000,68,100,79,no,30,-1000
2025-05-23T17:01:00.156748,KXBTCD-25MAY2321-T106999.99,DELTA,62,1000,70,14,80,no,32,-100
2025-05-23T17:01:00.157503,KXBTCD-25MAY2321-T106999.99,DELTA,62,1000,70,14,81,yes,61,-100
2025-05-23T17:01:00.177596,KXBTCD-25MAY2321-T106999.99,DELTA,62,1000,70,14,82,no,29,1000
2025-05-23T17:01:00.217174,KXBTCD-25MAY2321-T106999.99,DELTA,61,14,70,14,83,yes,62,-1000
2025-05-23T17:01:00.256709,KXBTCD-25MAY2321-T106999.99,DELTA,61,1014,70,14,84,yes,61,1000
2025-05-23T17:01:01.256347,KXBTCD-25MAY2321-T106999.99,DELTA,61,1014,70,14,85,yes,59,100
2025-05-23T17:01:01.277265,KXBTCD-25MAY2321-T106999.99,DELTA,61,1014,67,100,86,no,33,100
2025-05-23T17:01:01.356685,KXBTCD-25MAY2321-T106999.99,DELTA,61,1014,67,100,87,no,29,-1000
2025-05-23T17:01:01.417932,KXBTCD-25MAY2321-T106999.99,DELTA,61,1014,67,100,88,no,30,1000
2025-05-23T17:01:01.577351,KXBTCD-25MAY2321-T106999.99,DELTA,61,1014,67,100,89,yes,60,14
2025-05-23T17:01:01.577781,KXBTCD-25MAY2321-T106999.99,DELTA,61,1014,67,100,90,no,31,14
2025-05-23T17:01:01.596349,KXBTCD-25MAY2321-T106999.99,DELTA,61,1000,67,100,91,yes,61,-14
2025-05-23T17:01:01.596497,KXBTCD-25MAY2321-T106999.99,DELTA,61,1000,67,100,92,no,30,-14
2025-05-23T17:01:02.016480,KXBTCD-25MAY2321-T106999.99,DELTA,61,1000,69,14,93,no,33,-100
2025-05-23T17:01:02.437770,KXBTCD-25MAY2321-T106999.99,DELTA,61,1000,69,14,94,no,30,-1000
2025-05-23T17:01:02.476724,KXBTCD-25MAY2321-T106999.99,DELTA,61,1000,69,14,95,no,29,1000
2025-05-23T17:01:02.817261,KXBTCD-25MAY2321-T106999.99,DELTA,61,1000,69,14,96,no,29,-1000
2025-05-23T17:01:02.876130,KXBTCD-25MAY2321-T106999.99,DELTA,61,1000,69,14,97,no,4,1000
2025-05-23T17:01:02.896747,KXBTCD-25MAY2321-T106999.99,DELTA,61,1014,69,14,98,yes,61,14
2025-05-23T17:01:02.896894,KXBTCD-25MAY2321-T106999.99,DELTA,61,1014,69,14,99,yes,60,-14
2025-05-23T17:01:02.916383,KXBTCD-25MAY2321-T106999.99,DELTA,61,1014,71,30,100,no,31,-14
2025-05-23T17:01:02.916522,KXBTCD-25MAY2321-T106999.99,DELTA,61,1014,70,14,101,no,30,14
2025-05-23T17:01:03.305944,KXBTCD-25MAY2321-T106999.99,DELTA,61,1014,67,100,102,no,33,100
2025-05-23T17:01:03.437373,KXBTCD-25MAY2321-T106999.99,DELTA,61,1014,67,100,103,yes,59,-100
2025-05-23T17:01:04.037488,KXBTCD-25MAY2321-T106999.99,DELTA,61,1014,67,100,104,no,4,-1000
2025-05-23T17:01:04.098064,KXBTCD-25MAY2321-T106999.99,DELTA,61,1014,67,100,105,no,30,1000
2025-05-23T17:01:04.296736,KXBTCD-25MAY2321-T106999.99,DELTA,61,1014,70,1014,106,no,33,-100
2025-05-23T17:01:04.476514,KXBTCD-25MAY2321-T106999.99,DELTA,61,1014,70,1014,107,yes,58,100
2025-05-23T17:01:04.896590,KXBTCD-25MAY2321-T106999.99,DELTA,61,1000,70,1014,108,yes,61,-14
2025-05-23T17:01:04.897343,KXBTCD-25MAY2321-T106999.99,DELTA,61,1000,70,1014,109,yes,59,14
2025-05-23T17:01:04.917113,KXBTCD-25MAY2321-T106999.99,DELTA,61,1000,70,1000,110,no,30,-14
2025-05-23T17:01:04.918130,KXBTCD-25MAY2321-T106999.99,DELTA,61,1000,68,14,111,no,32,14
2025-05-23T17:01:05.097139,KXBTCD-25MAY2321-T106999.99,DELTA,61,1000,66,100,112,no,34,100
2025-05-23T17:01:06.296940,KXBTCD-25MAY2321-T106999.99,DELTA,61,1000,66,100,113,yes,58,30
2025-05-23T17:01:06.297648,KXBTCD-25MAY2321-T106999.99,DELTA,61,1000,66,100,114,yes,60,-30
2025-05-23T17:01:06.297875,KXBTCD-25MAY2321-T106999.99,DELTA,61,1000,66,100,115,no,31,30
2025-05-23T17:01:06.297998,KXBTCD-25MAY2321-T106999.99,DELTA,61,1000,66,100,116,no,29,-30
2025-05-23T17:01:06.355919,KXBTCD-25MAY2321-T106999.99,DELTA,59,14,66,100,117,yes,61,-1000
2025-05-23T17:01:06.376340,KXBTCD-25MAY2321-T106999.99,DELTA,59,14,66,100,118,no,30,-1000
2025-05-23T17:01:06.417377,KXBTCD-25MAY2321-T106999.99,DELTA,59,1014,66,100,119,yes,59,1000
2025-05-23T17:01:06.417713,KXBTCD-25MAY2321-T106999.99,DELTA,59,1014,66,100,120,no,4,1000
2025-05-23T17:01:07.079552,KXBTCD-25MAY2321-T106999.99,DELTA,59,1014,68,14,121,no,34,-100
2025-05-23T17:01:08.156026,KXBTCD-25MAY2321-T106999.99,DELTA,59,1014,66,100,122,no,34,100
2025-05-23T17:01:08.196263,KXBTCD-25MAY2321-T106999.99,DELTA,59,1014,66,100,123,no,3,-10800
2025-05-23T17:01:08.196716,KXBTCD-25MAY2321-T106999.99,DELTA,59,1014,66,100,124,no,1,32400
2025-05-23T17:01:08.257142,KXBTCD-25MAY2321-T106999.99,DELTA,59,1014,66,100,125,no,4,-20000
2025-05-23T17:01:08.276076,KXBTCD-25MAY2321-T106999.99,DELTA,59,1014,66,100,126,no,4,-2000
2025-05-23T17:01:08.276203,KXBTCD-25MAY2321-T106999.99,DELTA,59,1014,66,100,127,no,4,-1000
2025-05-23T17:01:08.336164,KXBTCD-25MAY2321-T106999.99,DELTA,59,1014,66,100,128,no,2,20000
2025-05-23T17:01:08.336574,KXBTCD-25MAY2321-T106999.99,DELTA,59,1014,66,100,129,no,2,2000
2025-05-23T17:01:08.336805,KXBTCD-25MAY2321-T106999.99,DELTA,59,1014,66,100,130,no,2,1000
2025-05-23T17:01:08.736993,KXBTCD-25MAY2321-T106999.99,DELTA,59,1044,66,100,131,yes,59,30
2025-05-23T17:01:08.737776,KXBTCD-25MAY2321-T106999.99,DELTA,59,1044,66,100,132,no,30,30
2025-05-23T17:01:08.757539,KXBTCD-25MAY2321-T106999.99,DELTA,59,1044,66,100,133,yes,58,-30
2025-05-23T17:01:08.757737,KXBTCD-25MAY2321-T106999.99,DELTA,59,1044,66,100,134,no,31,-30
2025-05-23T17:01:08.815951,KXBTCD-25MAY2321-T106999.99,DELTA,59,44,66,100,135,yes,59,-1000
2025-05-23T17:01:08.856454,KXBTCD-25MAY2321-T106999.99,DELTA,60,1000,66,100,136,yes,60,1000
2025-05-23T17:01:09.116648,KXBTCD-25MAY2321-T106999.99,DELTA,60,1000,66,100,137,yes,59,-14
2025-05-23T17:01:09.116846,KXBTCD-25MAY2321-T106999.99,DELTA,61,14,66,100,138,yes,61,14
2025-05-23T17:01:09.117083,KXBTCD-25MAY2321-T106999.99,DELTA,61,14,66,100,139,no,32,-14
2025-05-23T17:01:09.117220,KXBTCD-25MAY2321-T106999.99,DELTA,61,14,66,100,140,no,30,14
2025-05-23T17:01:09.177946,KXBTCD-25MAY2321-T106999.99,DELTA,61,14,66,100,141,yes,58,-100
2025-05-23T17:01:09.436191,KXBTCD-25MAY2321-T106999.99,DELTA,61,14,70,44,142,no,34,-100
2025-05-23T17:01:09.517326,KXBTCD-25MAY2321-T106999.99,DELTA,61,14,70,44,143,no,1,-32400
2025-05-23T17:01:09.517653,KXBTCD-25MAY2321-T106999.99,DELTA,61,14,70,44,144,no,2,16200
2025-05-23T17:01:09.577635,KXBTCD-25MAY2321-T106999.99,DELTA,61,14,70,44,145,no,2,-20000
2025-05-23T17:01:09.600456,KXBTCD-25MAY2321-T106999.99,DELTA,61,14,70,44,146,no,2,-2000
2025-05-23T17:01:09.600897,KXBTCD-25MAY2321-T106999.99,DELTA,61,14,70,44,147,no,2,-1000
2025-05-23T17:01:09.657262,KXBTCD-25MAY2321-T106999.99,DELTA,61,14,70,44,148,no,3,2000
2025-05-23T17:01:09.657923,KXBTCD-25MAY2321-T106999.99,DELTA,61,14,70,44,149,no,3,1000
2025-05-23T17:01:09.658515,KXBTCD-25MAY2321-T106999.99,DELTA,61,14,70,44,150,no,3,20000
2025-05-23T17:01:10.778182,KXBTCD-25MAY2321-T106999.99,DELTA,61,14,67,100,151,no,33,100
2025-05-23T17:01:10.796547,KXBTCD-25MAY2321-T106999.99,DELTA,61,14,67,100,152,yes,59,100
2025-05-23T17:01:10.796807,KXBTCD-25MAY2321-T106999.99,DELTA,61,14,67,100,153,no,2,-16200
2025-05-23T17:01:10.796887,KXBTCD-25MAY2321-T106999.99,DELTA,61,14,67,100,154,no,1,32400
2025-05-23T17:01:10.857055,KXBTCD-25MAY2321-T106999.99,DELTA,61,14,67,100,155,no,3,-20000
2025-05-23T17:01:10.889638,KXBTCD-25MAY2321-T106999.99,DELTA,61,14,67,100,156,no,3,-2000
2025-05-23T17:01:10.889792,KXBTCD-25MAY2321-T106999.99,DELTA,61,14,67,100,157,no,3,-1000
2025-05-23T17:01:10.936547,KXBTCD-25MAY2321-T106999.99,DELTA,61,14,67,100,158,no,2,2000
2025-05-23T17:01:10.936719,KXBTCD-25MAY2321-T106999.99,DELTA,61,14,67,100,159,no,2,1000
2025-05-23T17:01:10.936815,KXBTCD-25MAY2321-T106999.99,DELTA,61,14,67,100,160,no,2,20000
2025-05-23T17:01:11.416317,KXBTCD-25MAY2321-T106999.99,DELTA,61,14,67,100,161,yes,59,-100
2025-05-23T17:01:12.036388,KXBTCD-25MAY2321-T106999.99,DELTA,61,14,67,100,162,no,1,-32400
2025-05-23T17:01:12.036697,KXBTCD-25MAY2321-T106999.99,DELTA,61,14,67,100,163,no,2,16200
2025-05-23T17:01:12.097244,KXBTCD-25MAY2321-T106999.99,DELTA,61,14,67,100,164,no,2,-20000
2025-05-23T17:01:12.097457,KXBTCD-25MAY2321-T106999.99,DELTA,61,14,67,100,165,no,2,-2000
2025-05-23T17:01:12.118717,KXBTCD-25MAY2321-T106999.99,DELTA,61,14,67,100,166,no,2,-1000
2025-05-23T17:01:12.137171,KXBTCD-25MAY2321-T106999.99,DELTA,60,1000,67,100,167,yes,61,-14
2025-05-23T17:01:12.137351,KXBTCD-25MAY2321-T106999.99,DELTA,60,1000,67,100,168,yes,59,14
2025-05-23T17:01:12.137683,KXBTCD-25MAY2321-T106999.99,DELTA,60,1000,67,100,169,no,30,-14
2025-05-23T17:01:12.137800,KXBTCD-25MAY2321-T106999.99,DELTA,60,1000,67,100,170,no,32,14
2025-05-23T17:01:12.137897,KXBTCD-25MAY2321-T106999.99,DELTA,60,1000,67,100,171,yes,58,30
2025-05-23T17:01:12.157743,KXBTCD-25MAY2321-T106999.99,DELTA,60,1000,67,100,172,no,31,30
2025-05-23T17:01:12.157935,KXBTCD-25MAY2321-T106999.99,DELTA,60,1000,67,100,173,no,3,2000
2025-05-23T17:01:12.158049,KXBTCD-25MAY2321-T106999.99,DELTA,60,1000,67,100,174,no,3,1000
2025-05-23T17:01:12.158154,KXBTCD-25MAY2321-T106999.99,DELTA,60,1000,67,100,175,yes,59,-30
2025-05-23T17:01:12.158249,KXBTCD-25MAY2321-T106999.99,DELTA,60,1000,67,100,176,no,3,20000
2025-05-23T17:01:12.176326,KXBTCD-25MAY2321-T106999.99,DELTA,60,1000,67,100,177,no,30,-30
2025-05-23T17:01:12.216523,KXBTCD-25MAY2321-T106999.99,DELTA,59,14,67,100,178,yes,60,-1000
2025-05-23T17:01:12.257053,KXBTCD-25MAY2321-T106999.99,DELTA,59,1014,67,100,179,yes,59,1000
2025-05-23T17:01:12.636831,KXBTCD-25MAY2321-T106999.99,DELTA,59,1014,67,100,180,no,3,-1000
2025-05-23T17:01:12.677025,KXBTCD-25MAY2321-T106999.99,DELTA,59,1014,67,100,181,no,31,1000
2025-05-23T17:01:12.696214,KXBTCD-25MAY2321-T106999.99,DELTA,59,1014,67,100,182,yes,58,100
2025-05-23T17:01:12.937113,KXBTCD-25MAY2321-T106999.99,DELTA,59,1014,68,14,183,no,33,-100
2025-05-23T17:01:13.276409,KXBTCD-25MAY2321-T106999.99,DELTA,59,1014,68,14,184,no,31,-1000
2025-05-23T17:01:13.297520,KXBTCD-25MAY2321-T106999.99,DELTA,59,1014,68,14,185,no,2,-16200
2025-05-23T17:01:13.297670,KXBTCD-25MAY2321-T106999.99,DELTA,59,1014,68,14,186,no,1,32400
2025-05-23T17:01:13.337477,KXBTCD-25MAY2321-T106999.99,DELTA,59,1014,68,14,187,no,3,1000
2025-05-23T17:01:13.356639,KXBTCD-25MAY2321-T106999.99,DELTA,59,1014,68,14,188,no,3,-20000
2025-05-23T17:01:13.376650,KXBTCD-25MAY2321-T106999.99,DELTA,59,1014,68,14,189,no,3,-2000
2025-05-23T17:01:13.396809,KXBTCD-25MAY2321-T106999.99,DELTA,59,1014,68,14,190,no,3,-1000
2025-05-23T17:01:13.416287,KXBTCD-25MAY2321-T106999.99,DELTA,59,1014,68,14,191,no,2,20000
2025-05-23T17:01:13.416611,KXBTCD-25MAY2321-T106999.99,DELTA,59,1014,68,14,192,no,2,2000
2025-05-23T17:01:13.456361,KXBTCD-25MAY2321-T106999.99,DELTA,59,1014,68,14,193,no,2,1000
2025-05-23T17:01:13.515954,KXBTCD-25MAY2321-T106999.99,DELTA,59,1014,68,14,194,no,2,-1000
2025-05-23T17:01:13.575875,KXBTCD-25MAY2321-T106999.99,DELTA,59,1014,68,14,195,no,31,1000
2025-05-23T17:01:14.108555,KXBTCD-25MAY2321-T106999.99,DELTA,59,1014,68,14,196,no,31,-1000
2025-05-23T17:01:14.108965,KXBTCD-25MAY2321-T106999.99,DELTA,59,1014,68,14,197,no,2,1000
2025-05-23T17:01:14.184413,KXBTCD-25MAY2321-T106999.99,DELTA,59,1014,66,100,198,no,34,100
2025-05-23T17:01:14.236667,KXBTCD-25MAY2321-T106999.99,DELTA,59,1014,66,100,199,yes,58,14
2025-05-23T17:01:14.237266,KXBTCD-25MAY2321-T106999.99,DELTA,59,1000,66,100,200,yes,59,-14
2025-05-23T17:01:14.237507,KXBTCD-25MAY2321-T106999.99,DELTA,59,1000,66,100,201,no,32,-14
2025-05-23T17:01:14.237667,KXBTCD-25MAY2321-T106999.99,DELTA,59,1000,66,100,202,no,33,14
2025-05-23T17:01:14.237985,KXBTCD-25MAY2321-T106999.99,DELTA,59,1000,66,100,203,no,2,-1000
2025-05-23T17:01:14.257833,KXBTCD-25MAY2321-T106999.99,DELTA,59,1000,66,100,204,yes,56,30
2025-05-23T17:01:14.258060,KXBTCD-25MAY2321-T106999.99,DELTA,59,1000,66,100,205,yes,58,-30
2025-05-23T17:01:14.276886,KXBTCD-25MAY2321-T106999.99,DELTA,59,1000,66,100,206,no,31,-30
2025-05-23T17:01:14.277148,KXBTCD-25MAY2321-T106999.99,DELTA,59,1000,66,100,207,no,33,30
2025-05-23T17:01:14.317912,KXBTCD-25MAY2321-T106999.99,DELTA,58,114,66,100,208,yes,59,-1000
2025-05-23T17:01:14.318109,KXBTCD-25MAY2321-T106999.99,DELTA,58,114,66,100,209,no,2,-2000
2025-05-23T17:01:14.318230,KXBTCD-25MAY2321-T106999.99,DELTA,58,114,66,100,210,yes,41,-2000
2025-05-23T17:01:14.318576,KXBTCD-25MAY2321-T106999.99,DELTA,58,114,66,100,211,no,2,-20000
2025-05-23T17:01:14.535933,KXBTCD-25MAY2321-T106999.99,DELTA,58,100,66,100,212,yes,58,-14
2025-05-23T17:01:14.536160,KXBTCD-25MAY2321-T106999.99,DELTA,58,100,66,100,213,yes,56,14
2025-05-23T17:01:14.536310,KXBTCD-25MAY2321-T106999.99,DELTA,58,100,65,14,214,no,35,14
2025-05-23T17:01:14.536427,KXBTCD-25MAY2321-T106999.99,DELTA,58,100,65,14,215,no,33,-14
2025-05-23T17:01:14.736650,KXBTCD-25MAY2321-T106999.99,DELTA,58,100,65,14,216,no,34,-100
2025-05-23T17:01:14.856871,KXBTCD-25MAY2321-T106999.99,DELTA,58,100,65,14,217,no,33,1000
2025-05-23T17:01:14.996176,KXBTCD-25MAY2321-T106999.99,DELTA,56,44,65,14,218,yes,58,-100
2025-05-23T17:01:15.077413,KXBTCD-25MAY2321-T106999.99,DELTA,56,44,65,14,219,yes,55,30
2025-05-23T17:01:15.077533,KXBTCD-25MAY2321-T106999.99,DELTA,56,14,65,14,220,yes,56,-30
2025-05-23T17:01:15.097086,KXBTCD-25MAY2321-T106999.99,DELTA,56,14,65,14,221,no,33,-30
2025-05-23T17:01:15.097289,KXBTCD-25MAY2321-T106999.99,DELTA,56,14,65,14,222,no,34,30
2025-05-23T17:01:15.180710,KXBTCD-25MAY2321-T106999.99,DELTA,56,14,65,14,223,no,33,-1000
2025-05-23T17:01:15.257619,KXBTCD-25MAY2321-T106999.99,DELTA,56,14,65,14,224,no,34,1000
2025-05-23T17:01:15.437340,KXBTCD-25MAY2321-T106999.99,DELTA,56,1014,65,14,225,yes,56,1000
2025-05-23T17:01:15.882741,KXBTCD-25MAY2321-T106999.99,DELTA,56,1014,65,14,226,yes,55,100
2025-05-23T17:01:15.896554,KXBTCD-25MAY2321-T106999.99,DELTA,56,1014,63,100,227,no,37,100
2025-05-23T17:01:16.177460,KXBTCD-25MAY2321-T106999.99,DELTA,56,1014,65,14,228,no,37,-100
2025-05-23T17:01:16.316894,KXBTCD-25MAY2321-T106999.99,DELTA,56,1014,65,14,229,no,34,-1000
2025-05-23T17:01:16.396630,KXBTCD-25MAY2321-T106999.99,DELTA,56,1014,65,14,230,no,2,1000
2025-05-23T17:01:16.676399,KXBTCD-25MAY2321-T106999.99,DELTA,56,1014,65,14,231,no,1,-32400
2025-05-23T17:01:16.676536,KXBTCD-25MAY2321-T106999.99,DELTA,56,1014,65,14,232,no,2,16200
2025-05-23T17:01:16.676624,KXBTCD-25MAY2321-T106999.99,DELTA,56,1044,65,14,233,yes,56,30
2025-05-23T17:01:16.676695,KXBTCD-25MAY2321-T106999.99,DELTA,56,1044,65,14,234,yes,55,-30
2025-05-23T17:01:16.696454,KXBTCD-25MAY2321-T106999.99,DELTA,56,1044,65,14,235,no,34,-30
2025-05-23T17:01:16.696553,KXBTCD-25MAY2321-T106999.99,DELTA,56,1044,65,14,236,no,33,30
2025-05-23T17:01:16.756709,KXBTCD-25MAY2321-T106999.99,DELTA,56,44,65,14,237,yes,56,-1000
2025-05-23T17:01:16.775520,KXBTCD-25MAY2321-T106999.99,DELTA,56,44,65,14,238,no,2,-1000
2025-05-23T17:01:16.856878,KXBTCD-25MAY2321-T106999.99,DELTA,56,44,65,14,239,no,3,1000
2025-05-23T17:01:16.857234,KXBTCD-25MAY2321-T106999.99,DELTA,57,1000,65,14,240,yes,57,1000
2025-05-23T17:01:16.956882,KXBTCD-25MAY2321-T106999.99,DELTA,58,14,65,14,241,yes,58,14
2025-05-23T17:01:16.976959,KXBTCD-25MAY2321-T106999.99,DELTA,58,14,65,14,242,yes,56,-14
2025-05-23T17:01:16.977098,KXBTCD-25MAY2321-T106999.99,DELTA,58,14,65,14,243,no,33,14
2025-05-23T17:01:16.977195,KXBTCD-25MAY2321-T106999.99,DELTA,58,14,67,44,244,no,35,-14
2025-05-23T17:01:17.096711,KXBTCD-25MAY2321-T106999.99,DELTA,58,14,67,44,245,no,3,2000
2025-05-23T17:01:17.097065,KXBTCD-25MAY2321-T106999.99,DELTA,58,14,67,44,246,no,3,20000
2025-05-23T17:01:17.337354,KXBTCD-25MAY2321-T106999.99,DELTA,58,14,67,44,247,yes,55,-100
2025-05-23T17:01:17.476826,KXBTCD-25MAY2321-T106999.99,DELTA,58,14,65,100,248,no,35,100
2025-05-23T17:01:17.836473,KXBTCD-25MAY2321-T106999.99,DELTA,58,14,65,100,249,no,3,-1000
2025-05-23T17:01:17.898623,KXBTCD-25MAY2321-T106999.99,DELTA,58,14,65,100,250,no,33,1000
2025-05-23T17:01:18.458130,KXBTCD-25MAY2321-T106999.99,DELTA,58,14,67,1044,251,no,35,-100
2025-05-23T17:01:18.616108,KXBTCD-25MAY2321-T106999.99,DELTA,58,14,67,1044,252,yes,56,-30
2025-05-23T17:01:18.616241,KXBTCD-25MAY2321-T106999.99,DELTA,58,14,67,1044,253,yes,55,30
2025-05-23T17:01:18.616304,KXBTCD-25MAY2321-T106999.99,DELTA,57,1000,67,1044,254,yes,58,-14
2025-05-23T17:01:18.616359,KXBTCD-25MAY2321-T106999.99,DELTA,57,1000,67,1044,255,yes,56,14
2025-05-23T17:01:18.696117,KXBTCD-25MAY2321-T106999.99,DELTA,56,14,67,1044,256,yes,57,-1000
2025-05-23T17:01:18.696250,KXBTCD-25MAY2321-T106999.99,DELTA,56,14,66,30,257,no,34,30
2025-05-23T17:01:18.716229,KXBTCD-25MAY2321-T106999.99,DELTA,56,14,66,30,258,no,33,-30
2025-05-23T17:01:18.716370,KXBTCD-25MAY2321-T106999.99,DELTA,56,14,65,14,259,no,35,14
2025-05-23T17:01:18.716446,KXBTCD-25MAY2321-T106999.99,DELTA,56,14,65,14,260,no,33,-14
2025-05-23T17:01:18.796016,KXBTCD-25MAY2321-T106999.99,DELTA,56,114,65,14,261,yes,56,100
2025-05-23T17:01:18.796251,KXBTCD-25MAY2321-T106999.99,DELTA,56,1114,65,14,262,yes,56,1000
2025-05-23T17:01:18.996435,KXBTCD-25MAY2321-T106999.99,DELTA,56,114,65,14,263,yes,56,-1000
2025-05-23T17:01:19.020046,KXBTCD-25MAY2321-T106999.99,DELTA,56,114,65,14,264,no,33,-1000
2025-05-23T17:01:19.118172,KXBTCD-25MAY2321-T106999.99,DELTA,57,1000,65,14,265,yes,57,1000
2025-05-23T17:01:19.118945,KXBTCD-25MAY2321-T106999.99,DELTA,57,1000,65,14,266,no,3,1000
2025-05-23T17:01:21.316630,KXBTCD-25MAY2321-T106999.99,DELTA,57,1000,64,100,267,no,36,100
2025-05-23T17:01:21.416757,KXBTCD-25MAY2321-T106999.99,DELTA,57,1000,64,100,268,no,2,-16200
2025-05-23T17:01:21.496296,KXBTCD-25MAY2321-T106999.99,DELTA,57,1000,64,100,269,no,3,-20000
2025-05-23T17:01:21.515502,KXBTCD-25MAY2321-T106999.99,DELTA,57,1000,64,100,270,no,3,-2000
2025-05-23T17:01:21.515752,KXBTCD-25MAY2321-T106999.99,DELTA,57,1000,64,100,271,no,3,-1000
2025-05-23T17:01:23.437058,KXBTCD-25MAY2321-T106999.99,DELTA,57,1000,65,14,272,no,36,-100
2025-05-23T17:01:24.960483,KXBTCD-25MAY2321-T106999.99,DELTA,57,1000,64,100,273,no,36,100
2025-05-23T17:01:25.578303,KXBTCD-25MAY2321-T106999.99,DELTA,57,1000,65,14,274,no,36,-100
2025-05-23T17:01:26.455690,KXBTCD-25MAY2321-T106999.99,DELTA,57,1000,64,100,275,no,36,100
2025-05-23T17:01:26.897175,KXBTCD-25MAY2321-T106999.99,DELTA,57,1014,64,100,276,yes,57,14
2025-05-23T17:01:26.897806,KXBTCD-25MAY2321-T106999.99,DELTA,57,1014,64,100,277,yes,56,30
2025-05-23T17:01:26.897946,KXBTCD-25MAY2321-T106999.99,DELTA,57,1014,64,100,278,yes,56,-14
2025-05-23T17:01:26.898064,KXBTCD-25MAY2321-T106999.99,DELTA,57,1014,64,100,279,yes,55,-30
2025-05-23T17:01:26.917333,KXBTCD-25MAY2321-T106999.99,DELTA,57,1014,64,100,280,no,34,14
2025-05-23T17:01:26.918027,KXBTCD-25MAY2321-T106999.99,DELTA,57,1014,64,100,281,no,34,-30
2025-05-23T17:01:26.918264,KXBTCD-25MAY2321-T106999.99,DELTA,57,1014,64,100,282,no,35,-14
2025-05-23T17:01:26.918449,KXBTCD-25MAY2321-T106999.99,DELTA,57,1014,64,100,283,no,33,30
2025-05-23T17:01:27.035919,KXBTCD-25MAY2321-T106999.99,DELTA,57,1014,64,100,284,yes,56,-100
2025-05-23T17:01:27.516272,KXBTCD-25MAY2321-T106999.99,DELTA,57,1014,66,14,285,no,36,-100
2025-05-23T17:01:27.716285,KXBTCD-25MAY2321-T106999.99,DELTA,58,100,66,14,286,yes,58,100
2025-05-23T17:01:27.796904,KXBTCD-25MAY2321-T106999.99,DELTA,58,100,66,14,287,yes,57,-1000
2025-05-23T17:01:27.857427,KXBTCD-25MAY2321-T106999.99,DELTA,59,1000,66,14,288,yes,59,1000
2025-05-23T17:01:28.256355,KXBTCD-25MAY2321-T106999.99,DELTA,59,1000,66,14,289,yes,58,-100
2025-05-23T17:01:28.336319,KXBTCD-25MAY2321-T106999.99,DELTA,59,1000,66,14,290,no,33,100
2025-05-23T17:01:28.336926,KXBTCD-25MAY2321-T106999.99,DELTA,57,14,66,14,291,yes,59,-1000
2025-05-23T17:01:28.415871,KXBTCD-25MAY2321-T106999.99,DELTA,57,1014,66,14,292,yes,57,1000
2025-05-23T17:01:29.979740,KXBTCD-25MAY2321-T106999.99,DELTA,59,100,66,14,293,yes,59,100
2025-05-23T17:01:30.057498,KXBTCD-25MAY2321-T106999.99,DELTA,59,100,66,14,294,yes,57,-1000
2025-05-23T17:01:30.116902,KXBTCD-25MAY2321-T106999.99,DELTA,60,1000,66,14,295,yes,60,1000
2025-05-23T17:01:30.537890,KXBTCD-25MAY2321-T106999.99,DELTA,60,976,66,14,296,yes,60,-24
2025-05-23T17:01:31.412353,KXBTCD-25MAY2321-T106999.99,DELTA,60,976,66,14,297,yes,59,14
2025-05-23T17:01:31.413480,KXBTCD-25MAY2321-T106999.99,DELTA,60,976,66,14,298,yes,58,30
2025-05-23T17:01:31.413980,KXBTCD-25MAY2321-T106999.99,DELTA,60,976,66,14,299,yes,56,-30
2025-05-23T17:01:31.414253,KXBTCD-25MAY2321-T106999.99,DELTA,60,976,66,14,300,yes,57,-14
2025-05-23T17:01:31.414499,KXBTCD-25MAY2321-T106999.99,DELTA,60,976,67,130,301,no,34,-14
2025-05-23T17:01:31.414770,KXBTCD-25MAY2321-T106999.99,DELTA,60,976,67,130,302,no,32,14
2025-05-23T17:01:31.415016,KXBTCD-25MAY2321-T106999.99,DELTA,60,976,67,100,303,no,33,-30
2025-05-23T17:01:31.415275,KXBTCD-25MAY2321-T106999.99,DELTA,60,976,67,100,304,no,31,30
2025-05-23T17:01:32.057779,KXBTCD-25MAY2321-T106999.99,DELTA,60,976,67,100,305,yes,59,-100
2025-05-23T17:01:32.118229,KXBTCD-25MAY2321-T106999.99,DELTA,59,14,67,100,306,yes,60,-976
2025-05-23T17:01:32.257820,KXBTCD-25MAY2321-T106999.99,DELTA,59,1014,67,100,307,yes,59,1000
2025-05-23T17:01:33.076079,KXBTCD-25MAY2321-T106999.99,DELTA,59,1114,67,100,308,yes,59,100
2025-05-23T17:01:33.136604,KXBTCD-25MAY2321-T106999.99,DELTA,59,114,67,100,309,yes,59,-1000
2025-05-23T17:01:33.216128,KXBTCD-25MAY2321-T106999.99,DELTA,60,1000,67,100,310,yes,60,1000
2025-05-23T17:01:34.396348,KXBTCD-25MAY2321-T106999.99,DELTA,60,1000,68,14,311,no,33,-100
2025-05-23T17:01:34.990414,KXBTCD-25MAY2321-T106999.99,DELTA,60,995,68,14,312,yes,60,-5
2025-05-23T17:01:35.406518,KXBTCD-25MAY2321-T106999.99,DELTA,60,995,68,14,313,no,31,1000
2025-05-23T17:01:35.617302,KXBTCD-25MAY2321-T106999.99,DELTA,60,995,67,100,314,no,33,100
2025-05-23T17:01:35.816048,KXBTCD-25MAY2321-T106999.99,DELTA,60,995,68,14,315,no,33,-100
2025-05-23T17:01:36.157353,KXBTCD-25MAY2321-T106999.99,DELTA,60,995,68,14,316,no,31,-1000
2025-05-23T17:01:36.596442,KXBTCD-25MAY2321-T106999.99,DELTA,60,995,66,100,317,no,34,100
2025-05-23T17:01:38.356737,KXBTCD-25MAY2321-T106999.99,DELTA,60,995,66,100,318,no,31,1000
2025-05-23T17:01:38.596235,KXBTCD-25MAY2321-T106999.99,DELTA,60,995,66,100,319,no,31,-1000
2025-05-23T17:01:38.636756,KXBTCD-25MAY2321-T106999.99,DELTA,60,995,66,100,320,no,32,1000
2025-05-23T17:01:38.957976,KXBTCD-25MAY2321-T106999.99,DELTA,60,995,66,100,321,no,32,-1000
2025-05-23T17:01:39.018144,KXBTCD-25MAY2321-T106999.99,DELTA,60,995,66,100,322,no,31,1000
2025-05-23T17:01:39.519926,KXBTCD-25MAY2321-T106999.99,DELTA,60,995,68,14,323,no,34,-100
2025-05-23T17:01:39.535191,KXBTCD-25MAY2321-T106999.99,DELTA,60,995,68,14,324,yes,59,-100
2025-05-23T17:01:39.609309,KXBTCD-25MAY2321-T106999.99,DELTA,59,14,68,14,325,yes,60,-995
2025-05-23T17:01:39.656196,KXBTCD-25MAY2321-T106999.99,DELTA,59,1014,68,14,326,yes,59,1000
2025-05-23T17:01:40.119040,KXBTCD-25MAY2321-T106999.99,DELTA,59,1014,68,14,327,yes,56,30
2025-05-23T17:01:40.119666,KXBTCD-25MAY2321-T106999.99,DELTA,59,1014,68,14,328,yes,57,14
2025-05-23T17:01:40.120169,KXBTCD-25MAY2321-T106999.99,DELTA,59,1014,68,14,329,yes,58,-30
2025-05-23T17:01:40.120666,KXBTCD-25MAY2321-T106999.99,DELTA,59,1014,68,14,330,no,31,-30
2025-05-23T17:01:40.121098,KXBTCD-25MAY2321-T106999.99,DELTA,59,1014,66,14,331,no,34,14
2025-05-23T17:01:40.121514,KXBTCD-25MAY2321-T106999.99,DELTA,59,1014,66,14,332,no,33,30
2025-05-23T17:01:40.121988,KXBTCD-25MAY2321-T106999.99,DELTA,59,1000,66,14,333,yes,59,-14
2025-05-23T17:01:40.122490,KXBTCD-25MAY2321-T106999.99,DELTA,59,1000,66,14,334,no,31,-1000
2025-05-23T17:01:40.122925,KXBTCD-25MAY2321-T106999.99,DELTA,59,1000,66,14,335,no,32,-14
2025-05-23T17:01:40.123774,KXBTCD-25MAY2321-T106999.99,DELTA,57,14,66,14,336,yes,59,-1000
2025-05-23T17:01:40.198733,KXBTCD-25MAY2321-T106999.99,DELTA,57,1014,66,14,337,yes,57,1000
2025-05-23T17:01:40.817252,KXBTCD-25MAY2321-T106999.99,DELTA,57,1114,66,14,338,yes,57,100
2025-05-23T17:01:40.837665,KXBTCD-25MAY2321-T106999.99,DELTA,57,1114,65,100,339,no,35,100
2025-05-23T17:01:40.895673,KXBTCD-25MAY2321-T106999.99,DELTA,57,114,65,100,340,yes,57,-1000
2025-05-23T17:01:40.958769,KXBTCD-25MAY2321-T106999.99,DELTA,58,1000,65,100,341,yes,58,1000
2025-05-23T17:01:44.497418,KXBTCD-25MAY2321-T106999.99,DELTA,58,1000,65,100,342,yes,57,-100
2025-05-23T17:01:44.555593,KXBTCD-25MAY2321-T106999.99,DELTA,57,14,65,100,343,yes,58,-1000
2025-05-23T17:01:44.616289,KXBTCD-25MAY2321-T106999.99,DELTA,57,1014,65,100,344,yes,57,1000
2025-05-23T17:01:45.597471,KXBTCD-25MAY2321-T106999.99,DELTA,57,1114,65,100,345,yes,57,100
2025-05-23T17:01:45.677209,KXBTCD-25MAY2321-T106999.99,DELTA,57,1114,65,100,346,yes,41,2000
2025-05-23T17:01:45.678225,KXBTCD-25MAY2321-T106999.99,DELTA,57,114,65,100,347,yes,57,-1000
2025-05-23T17:01:45.717909,KXBTCD-25MAY2321-T106999.99,DELTA,58,1000,65,100,348,yes,58,1000
2025-05-23T17:01:46.498044,KXBTCD-25MAY2321-T106999.99,DELTA,58,1000,65,100,349,yes,57,-100
2025-05-23T17:01:46.557015,KXBTCD-25MAY2321-T106999.99,DELTA,57,14,65,100,350,yes,58,-1000
2025-05-23T17:01:46.616406,KXBTCD-25MAY2321-T106999.99,DELTA,57,1014,65,100,351,yes,57,1000
2025-05-23T17:01:47.656226,KXBTCD-25MAY2321-T106999.99,DELTA,58,100,65,100,352,yes,58,100
2025-05-23T17:01:47.716096,KXBTCD-25MAY2321-T106999.99,DELTA,58,100,65,100,353,yes,57,-1000
2025-05-23T17:01:47.777288,KXBTCD-25MAY2321-T106999.99,DELTA,59,1000,65,100,354,yes,59,1000
2025-05-23T17:01:47.996685,KXBTCD-25MAY2321-T106999.99,DELTA,59,1000,65,100,355,yes,57,-14
2025-05-23T17:01:47.997006,KXBTCD-25MAY2321-T106999.99,DELTA,59,1014,65,100,356,yes,59,14
2025-05-23T17:01:47.997170,KXBTCD-25MAY2321-T106999.99,DELTA,59,1014,65,100,357,no,32,14
2025-05-23T17:01:47.997328,KXBTCD-25MAY2321-T106999.99,DELTA,59,1014,65,100,358,no,34,-14
2025-05-23T17:01:48.057747,KXBTCD-25MAY2321-T106999.99,DELTA,59,1014,65,100,359,yes,56,-30
2025-05-23T17:01:48.058187,KXBTCD-25MAY2321-T106999.99,DELTA,59,1014,65,100,360,yes,58,30
2025-05-23T17:01:48.058532,KXBTCD-25MAY2321-T106999.99,DELTA,59,1014,65,100,361,no,33,-30
2025-05-23T17:01:48.058699,KXBTCD-25MAY2321-T106999.99,DELTA,59,1014,65,100,362,no,31,30
2025-05-23T17:01:48.457856,KXBTCD-25MAY2321-T106999.99,DELTA,59,1014,65,100,363,yes,58,-100
2025-05-23T17:01:48.458433,KXBTCD-25MAY2321-T106999.99,DELTA,59,1014,68,14,364,no,35,-100
2025-05-23T17:01:48.477842,KXBTCD-25MAY2321-T106999.99,DELTA,59,1014,68,14,365,no,6,5400
2025-05-23T17:01:48.556701,KXBTCD-25MAY2321-T106999.99,DELTA,59,1014,68,14,366,no,7,2000
2025-05-23T17:01:48.557268,KXBTCD-25MAY2321-T106999.99,DELTA,59,1014,68,14,367,no,7,20000
2025-05-23T17:01:48.557779,KXBTCD-25MAY2321-T106999.99,DELTA,59,1014,68,14,368,no,7,1000
2025-05-23T17:01:49.317648,KXBTCD-25MAY2321-T106999.99,DELTA,59,1114,68,14,369,yes,59,100
2025-05-23T17:01:49.317866,KXBTCD-25MAY2321-T106999.99,DELTA,59,1114,67,100,370,no,33,100
2025-05-23T17:01:49.376184,KXBTCD-25MAY2321-T106999.99,DELTA,59,114,67,100,371,yes,59,-1000
2025-05-23T17:01:49.437160,KXBTCD-25MAY2321-T106999.99,DELTA,60,1000,67,100,372,yes,60,1000
2025-05-23T17:01:50.758108,KXBTCD-25MAY2321-T106999.99,DELTA,60,1000,67,100,373,yes,58,5
2025-05-23T17:01:53.538920,KXBTCD-25MAY2321-T106999.99,DELTA,60,1000,68,14,374,no,33,-100
2025-05-23T17:01:54.451501,KXBTCD-25MAY2321-T106999.99,DELTA,60,1000,67,100,375,no,33,100
2025-05-23T17:01:54.576266,KXBTCD-25MAY2321-T106999.99,DELTA,60,1000,68,14,376,no,33,-100
2025-05-23T17:01:55.755568,KXBTCD-25MAY2321-T106999.99,DELTA,60,1000,66,100,377,no,34,100
2025-05-23T17:01:56.456419,KXBTCD-25MAY2321-T106999.99,DELTA,60,1000,66,100,378,yes,59,-100
2025-05-23T17:01:56.456664,KXBTCD-25MAY2321-T106999.99,DELTA,60,1000,68,14,379,no,34,-100
2025-05-23T17:01:56.516443,KXBTCD-25MAY2321-T106999.99,DELTA,59,14,68,14,380,yes,60,-1000
2025-05-23T17:01:56.576516,KXBTCD-25MAY2321-T106999.99,DELTA,59,1014,68,14,381,yes,59,1000
2025-05-23T17:01:57.636608,KXBTCD-25MAY2321-T106999.99,DELTA,59,1014,66,100,382,no,34,100
2025-05-23T17:01:57.696196,KXBTCD-25MAY2321-T106999.99,DELTA,59,1014,66,100,383,yes,58,100
2025-05-23T17:01:57.897070,KXBTCD-25MAY2321-T106999.99,DELTA,59,1014,66,100,384,no,7,-1000
2025-05-23T17:01:57.976475,KXBTCD-25MAY2321-T106999.99,DELTA,59,1014,66,100,385,no,31,1000
2025-05-23T17:01:59.097166,KXBTCD-25MAY2321-T106999.99,DELTA,59,1014,68,14,386,no,34,-100
2025-05-23T17:01:59.337870,KXBTCD-25MAY2321-T106999.99,DELTA,59,1014,68,14,387,no,31,-1000
2025-05-23T17:01:59.395169,KXBTCD-25MAY2321-T106999.99,DELTA,59,1014,68,1014,388,no,32,1000
2025-05-23T17:02:00.084930,KXBTCD-25MAY2321-T106999.99,DELTA,59,1014,68,1014,389,yes,57,14
2025-05-23T17:02:00.085963,KXBTCD-25MAY2321-T106999.99,DELTA,59,1014,68,1014,390,yes,56,30
2025-05-23T17:02:00.086495,KXBTCD-25MAY2321-T106999.99,DELTA,59,1014,68,1014,391,yes,58,-30
2025-05-23T17:02:00.086915,KXBTCD-25MAY2321-T106999.99,DELTA,59,1000,68,1014,392,yes,59,-14
2025-05-23T17:02:00.087292,KXBTCD-25MAY2321-T106999.99,DELTA,59,1000,68,1014,393,no,31,-30
2025-05-23T17:02:00.087695,KXBTCD-25MAY2321-T106999.99,DELTA,59,1000,66,14,394,no,34,14
2025-05-23T17:02:00.088077,KXBTCD-25MAY2321-T106999.99,DELTA,59,1000,66,14,395,no,33,30
2025-05-23T17:02:00.088419,KXBTCD-25MAY2321-T106999.99,DELTA,59,1000,66,14,396,no,32,-14
2025-05-23T17:02:00.088770,KXBTCD-25MAY2321-T106999.99,DELTA,59,1000,66,14,397,no,32,-1000
2025-05-23T17:02:00.117397,KXBTCD-25MAY2321-T106999.99,DELTA,59,1000,66,14,398,no,7,1000
2025-05-23T17:02:00.297690,KXBTCD-25MAY2321-T106999.99,DELTA,59,1000,65,100,399,no,35,100
2025-05-23T17:02:00.517603,KXBTCD-25MAY2321-T106999.99,DELTA,59,1000,65,100,400,no,7,-1000
2025-05-23T17:02:00.557462,KXBTCD-25MAY2321-T106999.99,DELTA,59,1000,65,100,401,no,33,1000
2025-05-23T17:02:01.056133,KXBTCD-25MAY2321-T106999.99,DELTA,59,1000,65,100,402,yes,56,14
2025-05-23T17:02:01.056655,KXBTCD-25MAY2321-T106999.99,DELTA,59,1000,65,100,403,yes,57,-14
2025-05-23T17:02:01.081529,KXBTCD-25MAY2321-T106999.99,DELTA,59,1000,65,114,404,no,35,14
2025-05-23T17:02:01.081924,KXBTCD-25MAY2321-T106999.99,DELTA,59,1000,65,114,405,no,34,-14
2025-05-23T17:02:01.116330,KXBTCD-25MAY2321-T106999.99,DELTA,59,1000,65,114,406,no,6,-5400
2025-05-23T17:02:01.116884,KXBTCD-25MAY2321-T106999.99,DELTA,59,1000,65,114,407,no,7,4628
2025-05-23T17:02:01.176410,KXBTCD-25MAY2321-T106999.99,DELTA,59,1000,65,114,408,no,7,-20000
2025-05-23T17:02:01.177251,KXBTCD-25MAY2321-T106999.99,DELTA,59,1000,65,114,409,no,7,-2000
2025-05-23T17:02:01.238944,KXBTCD-25MAY2321-T106999.99,DELTA,59,1000,65,114,410,no,8,20000
2025-05-23T17:02:01.239670,KXBTCD-25MAY2321-T106999.99,DELTA,59,1000,65,114,411,no,8,2000
2025-05-23T17:02:01.277574,KXBTCD-25MAY2321-T106999.99,DELTA,59,1000,65,114,412,yes,56,-30
2025-05-23T17:02:01.278188,KXBTCD-25MAY2321-T106999.99,DELTA,59,1000,65,114,413,yes,55,30
2025-05-23T17:02:01.278406,KXBTCD-25MAY2321-T106999.99,DELTA,59,1000,65,114,414,no,33,-30
2025-05-23T17:02:01.278551,KXBTCD-25MAY2321-T106999.99,DELTA,59,1000,65,114,415,no,34,30
2025-05-23T17:02:01.336791,KXBTCD-25MAY2321-T106999.99,DELTA,59,1000,65,114,416,no,33,-1000
2025-05-23T17:02:01.415430,KXBTCD-25MAY2321-T106999.99,DELTA,59,1000,65,114,417,no,8,1000
2025-05-23T17:02:01.456089,KXBTCD-25MAY2321-T106999.99,DELTA,59,1000,65,14,418,no,35,-100
2025-05-23T17:02:01.476486,KXBTCD-25MAY2321-T106999.99,DELTA,59,1000,65,14,419,yes,58,-100
2025-05-23T17:02:01.537234,KXBTCD-25MAY2321-T106999.99,DELTA,58,5,65,14,420,yes,59,-1000
2025-05-23T17:02:01.577380,KXBTCD-25MAY2321-T106999.99,DELTA,58,5,65,14,421,yes,56,1000
2025-05-23T17:02:01.756908,KXBTCD-25MAY2321-T106999.99,DELTA,58,5,65,14,422,no,8,-1000
2025-05-23T17:02:01.817255,KXBTCD-25MAY2321-T106999.99,DELTA,58,5,65,14,423,no,34,1000
2025-05-23T17:02:02.717695,KXBTCD-25MAY2321-T106999.99,DELTA,58,5,62,100,424,no,38,100
2025-05-23T17:02:02.718336,KXBTCD-25MAY2321-T106999.99,DELTA,58,5,62,100,425,yes,54,100
2025-05-23T17:02:02.881643,KXBTCD-25MAY2321-T106999.99,DELTA,58,5,62,100,426,yes,53,30
2025-05-23T17:02:02.882310,KXBTCD-25MAY2321-T106999.99,DELTA,58,5,62,100,427,yes,55,-30
2025-05-23T17:02:02.882900,KXBTCD-25MAY2321-T106999.99,DELTA,58,5,62,100,428,yes,56,-14
2025-05-23T17:02:02.883571,KXBTCD-25MAY2321-T106999.99,DELTA,58,5,62,100,429,yes,54,14
2025-05-23T17:02:02.883866,KXBTCD-25MAY2321-T106999.99,DELTA,58,5,62,100,430,no,34,-30
2025-05-23T17:02:02.884034,KXBTCD-25MAY2321-T106999.99,DELTA,58,5,62,100,431,no,37,14
2025-05-23T17:02:02.884191,KXBTCD-25MAY2321-T106999.99,DELTA,58,5,62,100,432,no,36,30
2025-05-23T17:02:02.884336,KXBTCD-25MAY2321-T106999.99,DELTA,58,5,62,100,433,no,35,-14
2025-05-23T17:02:02.936345,KXBTCD-25MAY2321-T106999.99,DELTA,58,5,62,100,434,yes,14,-8000
2025-05-23T17:02:02.936459,KXBTCD-25MAY2321-T106999.99,DELTA,58,5,62,100,435,no,34,-1000
2025-05-23T17:02:02.975944,KXBTCD-25MAY2321-T106999.99,DELTA,58,5,62,100,436,yes,56,-1000
2025-05-23T17:02:03.016676,KXBTCD-25MAY2321-T106999.99,DELTA,58,5,62,100,437,no,8,1000
2025-05-23T17:02:03.016872,KXBTCD-25MAY2321-T106999.99,DELTA,58,5,62,100,438,yes,2,8000
2025-05-23T17:02:03.036583,KXBTCD-25MAY2321-T106999.99,DELTA,58,5,62,100,439,yes,55,1000
2025-05-23T17:02:03.076829,KXBTCD-25MAY2321-T106999.99,DELTA,58,5,62,100,440,no,6,-3000
2025-05-23T17:02:03.098733,KXBTCD-25MAY2321-T106999.99,DELTA,58,5,62,100,441,yes,15,-2160
2025-05-23T17:02:03.099310,KXBTCD-25MAY2321-T106999.99,DELTA,58,5,62,100,442,yes,4,8100
2025-05-23T17:02:03.117651,KXBTCD-25MAY2321-T106999.99,DELTA,58,5,62,100,443,no,13,3000
2025-05-23T17:02:03.396660,KXBTCD-25MAY2321-T106999.99,DELTA,58,5,62,100,444,yes,5,20000
2025-05-23T17:02:03.656706,KXBTCD-25MAY2321-T106999.99,DELTA,58,5,63,14,445,no,38,-100
2025-05-23T17:02:04.178607,KXBTCD-25MAY2321-T106999.99,DELTA,58,5,63,14,446,yes,4,-8100
2025-05-23T17:02:04.179009,KXBTCD-25MAY2321-T106999.99,DELTA,58,5,63,14,447,yes,6,5400
2025-05-23T17:02:04.237486,KXBTCD-25MAY2321-T106999.99,DELTA,58,5,63,14,448,no,7,-4628
2025-05-23T17:02:04.238079,KXBTCD-25MAY2321-T106999.99,DELTA,58,5,63,14,449,no,4,8100
2025-05-23T17:02:04.257385,KXBTCD-25MAY2321-T106999.99,DELTA,58,5,63,14,450,yes,5,-20000
2025-05-23T17:02:04.317611,KXBTCD-25MAY2321-T106999.99,DELTA,58,5,63,14,451,yes,7,20000
2025-05-23T17:02:04.336991,KXBTCD-25MAY2321-T106999.99,DELTA,58,5,63,14,452,no,8,-20000
2025-05-23T17:02:04.337353,KXBTCD-25MAY2321-T106999.99,DELTA,58,5,63,14,453,no,8,-2000
2025-05-23T17:02:04.356304,KXBTCD-25MAY2321-T106999.99,DELTA,58,5,63,14,454,no,8,-1000
2025-05-23T17:02:04.396135,KXBTCD-25MAY2321-T106999.99,DELTA,58,5,63,14,455,no,5,20000
2025-05-23T17:02:04.396320,KXBTCD-25MAY2321-T106999.99,DELTA,58,5,63,14,456,no,5,2000
2025-05-23T17:02:04.396410,KXBTCD-25MAY2321-T106999.99,DELTA,58,5,63,14,457,no,5,1000
2025-05-23T17:02:04.796815,KXBTCD-25MAY2321-T106999.99,DELTA,58,5,63,14,458,yes,2,-8000
2025-05-23T17:02:04.855705,KXBTCD-25MAY2321-T106999.99,DELTA,58,5,63,14,459,yes,4,8000
2025-05-23T17:02:04.918061,KXBTCD-25MAY2321-T106999.99,DELTA,58,5,61,100,460,no,39,100
2025-05-23T17:02:05.377025,KXBTCD-25MAY2321-T106999.99,DELTA,58,5,61,100,461,yes,6,-5400
2025-05-23T17:02:05.377461,KXBTCD-25MAY2321-T106999.99,DELTA,58,5,61,100,462,yes,8,4050
2025-05-23T17:02:05.377932,KXBTCD-25MAY2321-T106999.99,DELTA,58,5,63,14,463,no,39,-100
2025-05-23T17:02:05.378086,KXBTCD-25MAY2321-T106999.99,DELTA,58,5,63,14,464,yes,54,-100
2025-05-23T17:02:05.416763,KXBTCD-25MAY2321-T106999.99,DELTA,58,5,63,14,465,no,4,-8100
2025-05-23T17:02:05.417111,KXBTCD-25MAY2321-T106999.99,DELTA,58,5,63,14,466,no,6,5400
2025-05-23T17:02:05.436406,KXBTCD-25MAY2321-T106999.99,DELTA,58,5,63,14,467,yes,7,-20000
2025-05-23T17:02:05.436992,KXBTCD-25MAY2321-T106999.99,DELTA,58,5,63,14,468,yes,55,-1000
2025-05-23T17:02:05.495844,KXBTCD-25MAY2321-T106999.99,DELTA,58,5,63,14,469,no,5,-20000
2025-05-23T17:02:05.496154,KXBTCD-25MAY2321-T106999.99,DELTA,58,5,63,14,470,no,5,-2000
2025-05-23T17:02:05.496259,KXBTCD-25MAY2321-T106999.99,DELTA,58,5,63,14,471,yes,54,1000
2025-05-23T17:02:05.496351,KXBTCD-25MAY2321-T106999.99,DELTA,58,5,63,14,472,yes,9,20000
2025-05-23T17:02:05.516545,KXBTCD-25MAY2321-T106999.99,DELTA,58,5,63,14,473,no,5,-1000
2025-05-23T17:02:05.576421,KXBTCD-25MAY2321-T106999.99,DELTA,58,5,63,14,474,no,7,1000
2025-05-23T17:02:05.576724,KXBTCD-25MAY2321-T106999.99,DELTA,58,5,63,14,475,no,7,2000
2025-05-23T17:02:05.577066,KXBTCD-25MAY2321-T106999.99,DELTA,58,5,63,14,476,no,7,20000
2025-05-23T17:02:06.118094,KXBTCD-25MAY2321-T106999.99,DELTA,58,5,62,100,477,no,38,100
2025-05-23T17:02:06.776119,KXBTCD-25MAY2321-T106999.99,DELTA,58,5,62,100,478,yes,54,100
2025-05-23T17:02:06.837450,KXBTCD-25MAY2321-T106999.99,DELTA,58,5,62,100,479,yes,54,-1000
2025-05-23T17:02:06.875591,KXBTCD-25MAY2321-T106999.99,DELTA,58,5,62,100,480,yes,55,1000
2025-05-23T17:02:08.077379,KXBTCD-25MAY2321-T106999.99,DELTA,58,5,62,100,481,yes,40,-200
2025-05-23T17:02:08.077889,KXBTCD-25MAY2321-T106999.99,DELTA,58,5,62,100,482,yes,30,200
2025-05-23T17:02:08.138337,KXBTCD-25MAY2321-T106999.99,DELTA,58,5,62,100,483,yes,41,-2000
2025-05-23T17:02:08.177597,KXBTCD-25MAY2321-T106999.99,DELTA,58,5,62,100,484,yes,31,2000
2025-05-23T17:02:08.697612,KXBTCD-25MAY2321-T106999.99,DELTA,58,5,62,100,485,yes,8,-4050
2025-05-23T17:02:08.698486,KXBTCD-25MAY2321-T106999.99,DELTA,58,5,62,100,486,yes,10,3240
2025-05-23T17:02:08.737280,KXBTCD-25MAY2321-T106999.99,DELTA,58,5,62,100,487,no,6,-5400
2025-05-23T17:02:08.738312,KXBTCD-25MAY2321-T106999.99,DELTA,58,5,62,100,488,no,4,8100
2025-05-23T17:02:08.756579,KXBTCD-25MAY2321-T106999.99,DELTA,58,5,63,14,489,no,38,-100
2025-05-23T17:02:08.757398,KXBTCD-25MAY2321-T106999.99,DELTA,58,5,63,14,490,yes,9,-20000
2025-05-23T17:02:08.817731,KXBTCD-25MAY2321-T106999.99,DELTA,58,5,63,14,491,no,7,-20000
2025-05-23T17:02:08.818187,KXBTCD-25MAY2321-T106999.99,DELTA,58,5,63,14,492,yes,11,20000
2025-05-23T17:02:08.818586,KXBTCD-25MAY2321-T106999.99,DELTA,58,5,63,14,493,no,7,-2000
2025-05-23T17:02:08.836582,KXBTCD-25MAY2321-T106999.99,DELTA,58,5,63,14,494,no,7,-1000
2025-05-23T17:02:08.910397,KXBTCD-25MAY2321-T106999.99,DELTA,58,5,63,14,495,no,5,2000
2025-05-23T17:02:08.910772,KXBTCD-25MAY2321-T106999.99,DELTA,58,5,63,14,496,no,5,1000
2025-05-23T17:02:08.910972,KXBTCD-25MAY2321-T106999.99,DELTA,58,5,63,14,497,no,5,20000
2025-05-23T17:02:09.817552,KXBTCD-25MAY2321-T106999.99,DELTA,58,5,63,14,498,yes,30,-200
2025-05-23T17:02:09.818310,KXBTCD-25MAY2321-T106999.99,DELTA,58,5,63,14,499,yes,40,200
2025-05-23T17:02:09.910340,KXBTCD-25MAY2321-T106999.99,DELTA,58,5,63,14,500,yes,31,-2000
2025-05-23T17:02:09.957253,KXBTCD-25MAY2321-T106999.99,DELTA,58,5,63,14,501,yes,41,2000
2025-05-23T17:02:09.996804,KXBTCD-25MAY2321-T106999.99,DELTA,58,5,62,100,502,no,38,100
2025-05-23T17:02:10.377921,KXBTCD-25MAY2321-T106999.99,DELTA,58,5,62,100,503,yes,4,-8000
2025-05-23T17:02:10.417560,KXBTCD-25MAY2321-T106999.99,DELTA,58,5,62,100,504,yes,5,8000
2025-05-23T17:02:10.536660,KXBTCD-25MAY2321-T106999.99,DELTA,58,5,62,100,505,yes,54,-100
2025-05-23T17:02:10.596884,KXBTCD-25MAY2321-T106999.99,DELTA,58,5,62,100,506,yes,55,-1000
2025-05-23T17:02:10.656997,KXBTCD-25MAY2321-T106999.99,DELTA,58,5,62,100,507,yes,54,1000
2025-05-23T17:02:11.452985,KXBTCD-25MAY2321-T106999.99,DELTA,58,5,63,14,508,no,38,-100
2025-05-23T17:02:11.476809,KXBTCD-25MAY2321-T106999.99,DELTA,58,5,63,14,509,yes,56,100
2025-05-23T17:02:11.556725,KXBTCD-25MAY2321-T106999.99,DELTA,58,5,63,14,510,yes,54,-1000
2025-05-23T17:02:11.636398,KXBTCD-25MAY2321-T106999.99,DELTA,58,5,63,14,511,yes,57,1000
2025-05-23T17:02:12.956280,KXBTCD-25MAY2321-T106999.99,DELTA,58,5,63,114,512,no,37,100
2025-05-23T17:02:14.436736,KXBTCD-25MAY2321-T106999.99,DELTA,58,5,63,14,513,no,37,-100
2025-05-23T17:02:14.456520,KXBTCD-25MAY2321-T106999.99,DELTA,58,5,63,14,514,yes,56,-100
2025-05-23T17:02:14.516251,KXBTCD-25MAY2321-T106999.99,DELTA,58,5,63,14,515,yes,57,-1000
2025-05-23T17:02:14.577427,KXBTCD-25MAY2321-T106999.99,DELTA,58,5,63,14,516,yes,54,1000
2025-05-23T17:02:14.656323,KXBTCD-25MAY2321-T106999.99,DELTA,58,5,63,14,517,yes,10,-3240
2025-05-23T17:02:14.656579,KXBTCD-25MAY2321-T106999.99,DELTA,58,5,63,14,518,yes,12,2700
2025-05-23T17:02:14.716657,KXBTCD-25MAY2321-T106999.99,DELTA,58,5,63,14,519,no,4,-8100
2025-05-23T17:02:14.716846,KXBTCD-25MAY2321-T106999.99,DELTA,58,5,63,14,520,no,5,6480
2025-05-23T17:02:14.717152,KXBTCD-25MAY2321-T106999.99,DELTA,58,5,63,14,521,yes,11,-20000
2025-05-23T17:02:14.776145,KXBTCD-25MAY2321-T106999.99,DELTA,58,5,63,14,522,no,5,-20000
2025-05-23T17:02:14.776404,KXBTCD-25MAY2321-T106999.99,DELTA,58,5,63,14,523,no,5,-2000
2025-05-23T17:02:14.796526,KXBTCD-25MAY2321-T106999.99,DELTA,58,5,63,14,524,no,5,-1000
2025-05-23T17:02:14.857526,KXBTCD-25MAY2321-T106999.99,DELTA,58,5,63,14,525,no,6,20000
2025-05-23T17:02:14.857787,KXBTCD-25MAY2321-T106999.99,DELTA,58,5,63,14,526,no,6,2000
2025-05-23T17:02:14.857892,KXBTCD-25MAY2321-T106999.99,DELTA,58,5,63,14,527,no,6,1000
2025-05-23T17:02:15.396913,KXBTCD-25MAY2321-T106999.99,DELTA,58,5,63,14,528,yes,40,-200
2025-05-23T17:02:15.397251,KXBTCD-25MAY2321-T106999.99,DELTA,58,5,63,14,529,yes,30,200
2025-05-23T17:02:15.458175,KXBTCD-25MAY2321-T106999.99,DELTA,58,5,63,14,530,yes,41,-2000
2025-05-23T17:02:15.495399,KXBTCD-25MAY2321-T106999.99,DELTA,58,5,63,14,531,yes,31,2000
2025-05-23T17:02:15.777970,KXBTCD-25MAY2321-T106999.99,DELTA,58,5,63,14,532,yes,53,100
2025-05-23T17:02:15.778460,KXBTCD-25MAY2321-T106999.99,DELTA,58,5,61,100,533,no,39,100
2025-05-23T17:02:15.920748,KXBTCD-25MAY2321-T106999.99,DELTA,58,5,61,100,534,yes,12,-2700
2025-05-23T17:02:15.921863,KXBTCD-25MAY2321-T106999.99,DELTA,58,5,61,100,535,yes,6,5400
2025-05-23T17:02:15.977504,KXBTCD-25MAY2321-T106999.99,DELTA,58,5,61,100,536,no,5,-6480
2025-05-23T17:02:15.978397,KXBTCD-25MAY2321-T106999.99,DELTA,58,5,61,100,537,no,4,8100
2025-05-23T17:02:15.979464,KXBTCD-25MAY2321-T106999.99,DELTA,58,5,61,100,538,yes,7,20000
2025-05-23T17:02:16.057193,KXBTCD-25MAY2321-T106999.99,DELTA,58,5,61,100,539,no,6,-20000
2025-05-23T17:02:16.057804,KXBTCD-25MAY2321-T106999.99,DELTA,58,5,61,100,540,no,6,-2000
2025-05-23T17:02:16.077823,KXBTCD-25MAY2321-T106999.99,DELTA,58,5,61,100,541,no,6,-1000
2025-05-23T17:02:16.137457,KXBTCD-25MAY2321-T106999.99,DELTA,58,5,61,100,542,no,5,1000
2025-05-23T17:02:16.138209,KXBTCD-25MAY2321-T106999.99,DELTA,58,5,61,100,543,no,5,2000
2025-05-23T17:02:16.138756,KXBTCD-25MAY2321-T106999.99,DELTA,58,5,61,100,544,no,5,20000
2025-05-23T17:02:16.157246,KXBTCD-25MAY2321-T106999.99,DELTA,58,5,61,100,545,yes,54,-14
2025-05-23T17:02:16.157849,KXBTCD-25MAY2321-T106999.99,DELTA,58,5,61,100,546,yes,53,14
2025-05-23T17:02:16.158288,KXBTCD-25MAY2321-T106999.99,DELTA,58,5,61,100,547,no,37,-14
2025-05-23T17:02:16.158706,KXBTCD-25MAY2321-T106999.99,DELTA,58,5,61,100,548,no,38,14
2025-05-23T17:02:16.757687,KXBTCD-25MAY2321-T106999.99,DELTA,58,5,61,100,549,yes,30,-200
2025-05-23T17:02:16.758443,KXBTCD-25MAY2321-T106999.99,DELTA,58,5,61,100,550,yes,40,200
2025-05-23T17:02:16.816355,KXBTCD-25MAY2321-T106999.99,DELTA,58,5,61,100,551,yes,31,-2000
2025-05-23T17:02:16.898230,KXBTCD-25MAY2321-T106999.99,DELTA,58,5,61,100,552,yes,41,2000
2025-05-23T17:02:17.058111,KXBTCD-25MAY2321-T106999.99,DELTA,58,5,61,100,553,yes,6,-5400
2025-05-23T17:02:17.058523,KXBTCD-25MAY2321-T106999.99,DELTA,58,5,61,100,554,yes,8,4050
2025-05-23T17:02:17.099506,KXBTCD-25MAY2321-T106999.99,DELTA,58,5,61,100,555,no,4,-8100
2025-05-23T17:02:17.099786,KXBTCD-25MAY2321-T106999.99,DELTA,58,5,61,100,556,no,5,6480
2025-05-23T17:02:17.116151,KXBTCD-25MAY2321-T106999.99,DELTA,58,5,61,100,557,yes,7,-20000
2025-05-23T17:02:17.176898,KXBTCD-25MAY2321-T106999.99,DELTA,58,5,61,100,558,no,5,-20000
2025-05-23T17:02:17.177347,KXBTCD-25MAY2321-T106999.99,DELTA,58,5,61,100,559,yes,9,20000
2025-05-23T17:02:17.177456,KXBTCD-25MAY2321-T106999.99,DELTA,58,5,61,100,560,no,5,-2000
2025-05-23T17:02:17.196610,KXBTCD-25MAY2321-T106999.99,DELTA,58,5,61,100,561,no,5,-1000
2025-05-23T17:02:17.256740,KXBTCD-25MAY2321-T106999.99,DELTA,58,5,61,100,562,no,6,20000
2025-05-23T17:02:17.256861,KXBTCD-25MAY2321-T106999.99,DELTA,58,5,61,100,563,no,6,2000
2025-05-23T17:02:17.256935,KXBTCD-25MAY2321-T106999.99,DELTA,58,5,61,100,564,no,6,1000
2025-05-23T17:02:17.416549,KXBTCD-25MAY2321-T106999.99,DELTA,58,5,61,100,565,yes,53,-100
2025-05-23T17:02:18.218867,KXBTCD-25MAY2321-T106999.99,DELTA,58,5,61,100,566,yes,8,-4050
2025-05-23T17:02:18.219957,KXBTCD-25MAY2321-T106999.99,DELTA,58,5,61,100,567,yes,10,3240
2025-05-23T17:02:18.297192,KXBTCD-25MAY2321-T106999.99,DELTA,58,5,61,100,568,no,5,-6480
2025-05-23T17:02:18.298134,KXBTCD-25MAY2321-T106999.99,DELTA,58,5,61,100,569,no,4,8100
2025-05-23T17:02:18.298799,KXBTCD-25MAY2321-T106999.99,DELTA,58,5,61,100,570,yes,9,-20000
2025-05-23T17:02:18.417598,KXBTCD-25MAY2321-T106999.99,DELTA,58,5,61,100,571,yes,11,20000
2025-05-23T17:02:18.418378,KXBTCD-25MAY2321-T106999.99,DELTA,58,5,61,100,572,no,6,-20000
2025-05-23T17:02:18.625985,KXBTCD-25MAY2321-T106999.99,DELTA,58,5,61,100,573,no,6,-2000
2025-05-23T17:02:18.717241,KXBTCD-25MAY2321-T106999.99,DELTA,58,5,61,100,574,yes,53,100
2025-05-23T17:02:18.718154,KXBTCD-25MAY2321-T106999.99,DELTA,58,5,61,100,575,no,6,-1000
2025-05-23T17:02:18.918012,KXBTCD-25MAY2321-T106999.99,DELTA,58,5,61,100,576,no,5,20000
2025-05-23T17:02:18.918585,KXBTCD-25MAY2321-T106999.99,DELTA,58,5,61,100,577,no,5,2000
2025-05-23T17:02:18.919060,KXBTCD-25MAY2321-T106999.99,DELTA,58,5,61,100,578,no,5,1000
2025-05-23T17:02:19.596868,KXBTCD-25MAY2321-T106999.99,DELTA,58,5,61,100,579,yes,40,-200
2025-05-23T17:02:19.597051,KXBTCD-25MAY2321-T106999.99,DELTA,58,5,61,100,580,yes,30,200
2025-05-23T17:02:19.816301,KXBTCD-25MAY2321-T106999.99,DELTA,58,5,61,100,581,yes,41,-2000
2025-05-23T17:02:19.817239,KXBTCD-25MAY2321-T106999.99,DELTA,58,5,61,100,582,yes,51,30
2025-05-23T17:02:19.818127,KXBTCD-25MAY2321-T106999.99,DELTA,58,5,61,100,583,yes,53,-30
2025-05-23T17:02:19.897362,KXBTCD-25MAY2321-T106999.99,DELTA,58,5,61,100,584,no,38,30
2025-05-23T17:02:19.898139,KXBTCD-25MAY2321-T106999.99,DELTA,58,5,61,100,585,no,36,-30
2025-05-23T17:02:19.898540,KXBTCD-25MAY2321-T106999.99,DELTA,58,5,61,100,586,yes,10,-3240
2025-05-23T17:02:19.898938,KXBTCD-25MAY2321-T106999.99,DELTA,58,5,61,100,587,yes,12,2700
2025-05-23T17:02:19.918462,KXBTCD-25MAY2321-T106999.99,DELTA,58,5,61,100,588,yes,31,2000
2025-05-23T17:02:19.997903,KXBTCD-25MAY2321-T106999.99,DELTA,58,5,61,100,589,no,4,-8100
2025-05-23T17:02:19.998855,KXBTCD-25MAY2321-T106999.99,DELTA,58,5,61,100,590,no,5,6480
2025-05-23T17:02:19.999409,KXBTCD-25MAY2321-T106999.99,DELTA,58,5,61,100,591,yes,11,-20000
2025-05-23T17:02:20.196116,KXBTCD-25MAY2321-T106999.99,DELTA,58,5,61,100,592,no,5,-20000
2025-05-23T17:02:20.217935,KXBTCD-25MAY2321-T106999.99,DELTA,58,5,61,100,593,no,5,-2000
2025-05-23T17:02:20.397849,KXBTCD-25MAY2321-T106999.99,DELTA,58,5,61,100,594,yes,44,-3000
2025-05-23T17:02:20.398478,KXBTCD-25MAY2321-T106999.99,DELTA,58,5,61,100,595,no,5,-1000
2025-05-23T17:02:20.498297,KXBTCD-25MAY2321-T106999.99,DELTA,58,5,61,100,596,no,6,1000
2025-05-23T17:02:20.498894,KXBTCD-25MAY2321-T106999.99,DELTA,58,5,61,100,597,no,6,20000
2025-05-23T17:02:20.499311,KXBTCD-25MAY2321-T106999.99,DELTA,58,5,61,100,598,no,6,2000
2025-05-23T17:02:20.516291,KXBTCD-25MAY2321-T106999.99,DELTA,58,5,61,100,599,yes,36,3000
2025-05-23T17:02:20.597844,KXBTCD-25MAY2321-T106999.99,DELTA,58,5,61,100,600,yes,53,-100
2025-05-23T17:02:20.617038,KXBTCD-25MAY2321-T106999.99,DELTA,58,5,62,44,601,no,39,-100
2025-05-23T17:02:20.657035,KXBTCD-25MAY2321-T106999.99,DELTA,58,5,62,44,602,yes,54,-1000
2025-05-23T17:02:20.717028,KXBTCD-25MAY2321-T106999.99,DELTA,58,5,62,44,603,yes,52,1000
2025-05-23T17:02:20.758694,KXBTCD-25MAY2321-T106999.99,DELTA,58,5,62,44,604,yes,51,14
2025-05-23T17:02:20.759238,KXBTCD-25MAY2321-T106999.99,DELTA,58,5,60,14,605,no,40,14
2025-05-23T17:02:20.777021,KXBTCD-25MAY2321-T106999.99,DELTA,58,5,60,14,606,yes,53,-14
2025-05-23T17:02:20.777974,KXBTCD-25MAY2321-T106999.99,DELTA,58,5,60,14,607,no,38,-14
2025-05-23T17:02:21.437832,KXBTCD-25MAY2321-T106999.99,DELTA,58,5,60,14,608,yes,51,100
2025-05-23T17:02:21.456450,KXBTCD-25MAY2321-T106999.99,DELTA,58,5,59,100,609,no,41,100
2025-05-23T17:02:23.541305,KXBTCD-25MAY2321-T106999.99,DELTA,58,5,59,100,610,yes,12,-2700
2025-05-23T17:02:23.542207,KXBTCD-25MAY2321-T106999.99,DELTA,58,5,59,100,611,yes,6,5400
2025-05-23T17:02:23.576549,KXBTCD-25MAY2321-T106999.99,DELTA,58,5,59,100,612,no,5,-6480
2025-05-23T17:02:23.577471,KXBTCD-25MAY2321-T106999.99,DELTA,58,5,59,100,613,no,4,8100
2025-05-23T17:02:23.597425,KXBTCD-25MAY2321-T106999.99,DELTA,58,5,59,100,614,yes,7,20000
2025-05-23T17:02:23.636618,KXBTCD-25MAY2321-T106999.99,DELTA,58,5,59,100,615,no,6,-20000
2025-05-23T17:02:23.657778,KXBTCD-25MAY2321-T106999.99,DELTA,58,5,59,100,616,no,6,-2000
2025-05-23T17:02:23.658702,KXBTCD-25MAY2321-T106999.99,DELTA,58,5,59,100,617,no,6,-1000
2025-05-23T17:02:23.718264,KXBTCD-25MAY2321-T106999.99,DELTA,58,5,59,100,618,no,5,1000
2025-05-23T17:02:23.719169,KXBTCD-25MAY2321-T106999.99,DELTA,58,5,59,100,619,no,5,2000
2025-05-23T17:02:23.719861,KXBTCD-25MAY2321-T106999.99,DELTA,58,5,59,100,620,no,5,20000
2025-05-23T17:02:24.978040,KXBTCD-25MAY2321-T106999.99,DELTA,58,5,59,100,621,yes,50,30
2025-05-23T17:02:24.978714,KXBTCD-25MAY2321-T106999.99,DELTA,58,5,59,100,622,yes,51,-30
2025-05-23T17:02:24.979725,KXBTCD-25MAY2321-T106999.99,DELTA,58,5,59,100,623,no,39,30
2025-05-23T17:02:24.998726,KXBTCD-25MAY2321-T106999.99,DELTA,58,5,59,100,624,no,38,-30
2025-05-23T17:02:24.999361,KXBTCD-25MAY2321-T106999.99,DELTA,58,5,59,100,625,no,5,-1000
2025-05-23T17:02:25.061224,KXBTCD-25MAY2321-T106999.99,DELTA,58,5,59,100,626,no,38,1000
2025-05-23T17:02:25.116774,KXBTCD-25MAY2321-T106999.99,DELTA,58,5,59,100,627,no,38,-1000
2025-05-23T17:02:25.157031,KXBTCD-25MAY2321-T106999.99,DELTA,58,5,59,100,628,no,5,1000
2025-05-23T17:02:25.419113,KXBTCD-25MAY2321-T106999.99,DELTA,58,5,59,100,629,yes,51,-100
2025-05-23T17:02:25.536486,KXBTCD-25MAY2321-T106999.99,DELTA,58,5,59,100,630,yes,52,-1000
2025-05-23T17:02:25.596966,KXBTCD-25MAY2321-T106999.99,DELTA,58,5,59,100,631,yes,51,1000
2025-05-23T17:02:26.858576,KXBTCD-25MAY2321-T106999.99,DELTA,58,5,59,100,632,yes,50,100
2025-05-23T17:02:29.356505,KXBTCD-25MAY2321-T106999.99,DELTA,58,5,59,100,633,yes,50,-100
2025-05-23T17:02:29.455890,KXBTCD-25MAY2321-T106999.99,DELTA,58,5,59,100,634,yes,6,-5400
2025-05-23T17:02:29.456041,KXBTCD-25MAY2321-T106999.99,DELTA,58,5,59,100,635,yes,8,4050
2025-05-23T17:02:29.536871,KXBTCD-25MAY2321-T106999.99,DELTA,58,5,59,100,636,yes,7,-20000
2025-05-23T17:02:29.596903,KXBTCD-25MAY2321-T106999.99,DELTA,58,5,59,100,637,yes,9,20000
2025-05-23T17:02:30.394952,KXBTCD-25MAY2321-T106999.99,DELTA,58,5,59,100,638,yes,51,100
2025-05-23T17:02:30.457755,KXBTCD-25MAY2321-T106999.99,DELTA,58,5,59,100,639,yes,51,-1000
2025-05-23T17:02:30.498303,KXBTCD-25MAY2321-T106999.99,DELTA,58,5,59,100,640,yes,8,-4050
2025-05-23T17:02:30.498937,KXBTCD-25MAY2321-T106999.99,DELTA,58,5,59,100,641,yes,10,3240
2025-05-23T17:02:30.516276,KXBTCD-25MAY2321-T106999.99,DELTA,58,5,59,100,642,yes,52,1000
2025-05-23T17:02:30.597814,KXBTCD-25MAY2321-T106999.99,DELTA,58,5,59,100,643,yes,9,-20000
2025-05-23T17:02:30.637275,KXBTCD-25MAY2321-T106999.99,DELTA,58,5,59,100,644,yes,11,20000
2025-05-23T17:02:31.598063,KXBTCD-25MAY2321-T106999.99,DELTA,58,5,59,100,645,yes,10,-3240
2025-05-23T17:02:31.599000,KXBTCD-25MAY2321-T106999.99,DELTA,58,5,59,100,646,yes,12,2700
2025-05-23T17:02:31.657021,KXBTCD-25MAY2321-T106999.99,DELTA,58,5,59,100,647,yes,11,-20000
2025-05-23T17:02:32.649285,KXBTCD-25MAY2321-T106999.99,DELTA,58,5,59,100,648,yes,12,-2700
2025-05-23T17:02:32.650500,KXBTCD-25MAY2321-T106999.99,DELTA,58,5,59,100,649,yes,6,5400
2025-05-23T17:02:32.697525,KXBTCD-25MAY2321-T106999.99,DELTA,58,5,59,100,650,yes,7,20000
2025-05-23T17:02:33.737209,KXBTCD-25MAY2321-T106999.99,DELTA,58,5,59,100,651,yes,6,-5400
2025-05-23T17:02:33.737929,KXBTCD-25MAY2321-T106999.99,DELTA,58,5,59,100,652,yes,8,4050
2025-05-23T17:02:33.795835,KXBTCD-25MAY2321-T106999.99,DELTA,58,5,59,100,653,yes,7,-20000
2025-05-23T17:02:33.838060,KXBTCD-25MAY2321-T106999.99,DELTA,58,5,59,100,654,yes,9,20000
2025-05-23T17:02:37.153172,KXBTCD-25MAY2321-T106999.99,DELTA,58,5,59,100,655,yes,8,-4050
2025-05-23T17:02:37.154266,KXBTCD-25MAY2321-T106999.99,DELTA,58,5,59,100,656,yes,10,3240
2025-05-23T17:02:37.176314,KXBTCD-25MAY2321-T106999.99,DELTA,58,5,59,100,657,yes,9,-20000
2025-05-23T17:02:37.236917,KXBTCD-25MAY2321-T106999.99,DELTA,58,5,59,100,658,yes,11,20000
2025-05-23T17:02:38.637506,KXBTCD-25MAY2321-T106999.99,DELTA,58,5,59,100,659,no,40,1655
2025-05-23T17:02:43.157027,KXBTCD-25MAY2321-T106999.99,DELTA,58,5,59,100,660,yes,10,-3240
2025-05-23T17:02:43.158210,KXBTCD-25MAY2321-T106999.99,DELTA,58,5,59,100,661,yes,12,2700
2025-05-23T17:02:43.217969,KXBTCD-25MAY2321-T106999.99,DELTA,58,5,59,100,662,no,4,-8100
2025-05-23T17:02:43.218482,KXBTCD-25MAY2321-T106999.99,DELTA,58,5,59,100,663,no,6,5400
2025-05-23T17:02:43.218866,KXBTCD-25MAY2321-T106999.99,DELTA,58,5,59,100,664,yes,11,-20000
2025-05-23T17:02:43.278524,KXBTCD-25MAY2321-T106999.99,DELTA,58,5,59,100,665,no,5,-20000
2025-05-23T17:02:43.297113,KXBTCD-25MAY2321-T106999.99,DELTA,58,5,59,100,666,no,5,-2000
2025-05-23T17:02:43.297807,KXBTCD-25MAY2321-T106999.99,DELTA,58,5,59,100,667,no,5,-1000
2025-05-23T17:02:43.376415,KXBTCD-25MAY2321-T106999.99,DELTA,58,5,59,100,668,no,7,20000
2025-05-23T17:02:43.376876,KXBTCD-25MAY2321-T106999.99,DELTA,58,5,59,100,669,no,7,2000
2025-05-23T17:02:43.377050,KXBTCD-25MAY2321-T106999.99,DELTA,58,5,59,100,670,no,7,1000
2025-05-23T17:02:44.257258,KXBTCD-25MAY2321-T106999.99,DELTA,58,5,59,100,671,yes,12,-2700
2025-05-23T17:02:44.257658,KXBTCD-25MAY2321-T106999.99,DELTA,58,5,59,100,672,yes,6,5400
2025-05-23T17:02:44.297247,KXBTCD-25MAY2321-T106999.99,DELTA,58,5,59,100,673,no,6,-5400
2025-05-23T17:02:44.298212,KXBTCD-25MAY2321-T106999.99,DELTA,58,5,59,100,674,no,7,4628
2025-05-23T17:02:44.317599,KXBTCD-25MAY2321-T106999.99,DELTA,58,5,59,100,675,yes,7,20000
2025-05-23T17:02:44.356564,KXBTCD-25MAY2321-T106999.99,DELTA,58,5,59,100,676,no,7,-20000
2025-05-23T17:02:44.357595,KXBTCD-25MAY2321-T106999.99,DELTA,58,5,59,100,677,no,7,-2000
2025-05-23T17:02:44.378506,KXBTCD-25MAY2321-T106999.99,DELTA,58,5,59,100,678,no,7,-1000
2025-05-23T17:02:44.416872,KXBTCD-25MAY2321-T106999.99,DELTA,58,5,59,100,679,no,8,2000
2025-05-23T17:02:44.456738,KXBTCD-25MAY2321-T106999.99,DELTA,58,5,59,100,680,no,8,20000
2025-05-23T17:02:44.456866,KXBTCD-25MAY2321-T106999.99,DELTA,58,5,59,100,681,no,8,1000
2025-05-23T17:02:45.297402,KXBTCD-25MAY2321-T106999.99,DELTA,58,5,59,100,682,yes,6,-5400
2025-05-23T17:02:45.298704,KXBTCD-25MAY2321-T106999.99,DELTA,58,5,59,100,683,yes,8,4050
2025-05-23T17:02:45.338027,KXBTCD-25MAY2321-T106999.99,DELTA,58,5,59,100,684,no,7,-4628
2025-05-23T17:02:45.338635,KXBTCD-25MAY2321-T106999.99,DELTA,58,5,59,100,685,no,4,8100
2025-05-23T17:02:45.356711,KXBTCD-25MAY2321-T106999.99,DELTA,58,5,59,100,686,yes,7,-20000
2025-05-23T17:02:45.397973,KXBTCD-25MAY2321-T106999.99,DELTA,58,5,59,100,687,no,8,-20000
2025-05-23T17:02:45.398700,KXBTCD-25MAY2321-T106999.99,DELTA,58,5,59,100,688,yes,9,20000
2025-05-23T17:02:45.416988,KXBTCD-25MAY2321-T106999.99,DELTA,58,5,59,100,689,no,8,-2000
2025-05-23T17:02:45.417782,KXBTCD-25MAY2321-T106999.99,DELTA,58,5,59,100,690,no,8,-1000
2025-05-23T17:02:45.456116,KXBTCD-25MAY2321-T106999.99,DELTA,58,5,59,100,691,no,5,20000
2025-05-23T17:02:45.456912,KXBTCD-25MAY2321-T106999.99,DELTA,58,5,59,100,692,no,5,1000
2025-05-23T17:02:45.477565,KXBTCD-25MAY2321-T106999.99,DELTA,58,5,59,100,693,no,5,2000
2025-05-23T17:02:46.497265,KXBTCD-25MAY2321-T106999.99,DELTA,58,5,59,100,694,yes,52,30
2025-05-23T17:02:46.497414,KXBTCD-25MAY2321-T106999.99,DELTA,58,5,59,100,695,yes,50,-30
2025-05-23T17:02:46.497498,KXBTCD-25MAY2321-T106999.99,DELTA,58,5,59,100,696,yes,8,-4050
2025-05-23T17:02:46.497573,KXBTCD-25MAY2321-T106999.99,DELTA,58,5,59,100,697,yes,10,3240
2025-05-23T17:02:46.497635,KXBTCD-25MAY2321-T106999.99,DELTA,58,5,59,100,698,no,39,-30
2025-05-23T17:02:46.497693,KXBTCD-25MAY2321-T106999.99,DELTA,58,5,59,100,699,no,37,30
2025-05-23T17:02:46.537097,KXBTCD-25MAY2321-T106999.99,DELTA,58,5,59,100,700,no,4,-8100
2025-05-23T17:02:46.537407,KXBTCD-25MAY2321-T106999.99,DELTA,58,5,59,100,701,no,6,5400
2025-05-23T17:02:46.556470,KXBTCD-25MAY2321-T106999.99,DELTA,58,5,59,100,702,yes,9,-20000
2025-05-23T17:02:46.575818,KXBTCD-25MAY2321-T106999.99,DELTA,58,5,59,100,703,yes,52,-1000
2025-05-23T17:02:46.601392,KXBTCD-25MAY2321-T106999.99,DELTA,58,5,59,100,704,no,5,-20000
2025-05-23T17:02:46.616751,KXBTCD-25MAY2321-T106999.99,DELTA,58,5,59,100,705,no,5,-2000
2025-05-23T17:02:46.617127,KXBTCD-25MAY2321-T106999.99,DELTA,58,5,59,100,706,yes,11,20000
2025-05-23T17:02:46.617283,KXBTCD-25MAY2321-T106999.99,DELTA,58,5,59,100,707,yes,53,1000
2025-05-23T17:02:46.617412,KXBTCD-25MAY2321-T106999.99,DELTA,58,5,59,100,708,no,5,-1000
2025-05-23T17:02:46.681820,KXBTCD-25MAY2321-T106999.99,DELTA,58,5,59,100,709,no,7,2000
2025-05-23T17:02:46.682136,KXBTCD-25MAY2321-T106999.99,DELTA,58,5,59,100,710,no,7,20000
2025-05-23T17:02:46.682303,KXBTCD-25MAY2321-T106999.99,DELTA,58,5,59,100,711,no,7,1000
2025-05-23T17:02:46.718388,KXBTCD-25MAY2321-T106999.99,DELTA,58,5,59,100,712,yes,51,-14
2025-05-23T17:02:46.721742,KXBTCD-25MAY2321-T106999.99,DELTA,58,5,59,100,713,yes,53,14
2025-05-23T17:02:46.722472,KXBTCD-25MAY2321-T106999.99,DELTA,58,5,59,100,714,no,40,-14
2025-05-23T17:02:46.746407,KXBTCD-25MAY2321-T106999.99,DELTA,58,5,59,100,715,no,38,14
2025-05-23T17:02:46.917583,KXBTCD-25MAY2321-T106999.99,DELTA,58,5,59,100,716,yes,51,-100
2025-05-23T17:02:47.218206,KXBTCD-25MAY2321-T106999.99,DELTA,58,5,60,1655,717,no,41,-100
2025-05-23T17:02:47.616037,KXBTCD-25MAY2321-T106999.99,DELTA,58,5,60,1655,718,yes,10,-3240
2025-05-23T17:02:47.616878,KXBTCD-25MAY2321-T106999.99,DELTA,58,5,60,1655,719,yes,12,2700
2025-05-23T17:02:47.677514,KXBTCD-25MAY2321-T106999.99,DELTA,58,5,60,1655,720,no,6,-5400
2025-05-23T17:02:47.678663,KXBTCD-25MAY2321-T106999.99,DELTA,58,5,60,1655,721,no,8,4050
2025-05-23T17:02:47.679468,KXBTCD-25MAY2321-T106999.99,DELTA,58,5,60,1655,722,yes,11,-20000
2025-05-23T17:02:47.737724,KXBTCD-25MAY2321-T106999.99,DELTA,58,5,60,1655,723,no,7,-20000
2025-05-23T17:02:47.757342,KXBTCD-25MAY2321-T106999.99,DELTA,58,5,60,1655,724,no,7,-2000
2025-05-23T17:02:47.757761,KXBTCD-25MAY2321-T106999.99,DELTA,58,5,60,1655,725,no,7,-1000
2025-05-23T17:02:47.815975,KXBTCD-25MAY2321-T106999.99,DELTA,58,5,60,1655,726,no,9,20000
2025-05-23T17:02:47.816274,KXBTCD-25MAY2321-T106999.99,DELTA,58,5,60,1655,727,no,9,1000
2025-05-23T17:02:47.816369,KXBTCD-25MAY2321-T106999.99,DELTA,58,5,60,1655,728,no,9,2000
2025-05-23T17:02:48.076092,KXBTCD-25MAY2321-T106999.99,DELTA,58,5,60,1655,729,yes,51,14
2025-05-23T17:02:48.096137,KXBTCD-25MAY2321-T106999.99,DELTA,58,5,60,1655,730,yes,53,-14
2025-05-23T17:02:48.096425,KXBTCD-25MAY2321-T106999.99,DELTA,58,5,60,1669,731,no,40,14
2025-05-23T17:02:48.096570,KXBTCD-25MAY2321-T106999.99,DELTA,58,5,60,1669,732,no,38,-14
2025-05-23T17:02:48.137748,KXBTCD-25MAY2321-T106999.99,DELTA,58,5,60,1669,733,no,9,-1000
2025-05-23T17:02:48.196580,KXBTCD-25MAY2321-T106999.99,DELTA,58,5,60,1669,734,no,37,1000
2025-05-23T17:02:48.257767,KXBTCD-25MAY2321-T106999.99,DELTA,58,5,60,1669,735,no,10,200
2025-05-23T17:02:48.317440,KXBTCD-25MAY2321-T106999.99,DELTA,58,5,60,1669,736,no,9,-2000
2025-05-23T17:02:48.377808,KXBTCD-25MAY2321-T106999.99,DELTA,58,5,60,1669,737,no,11,2000
2025-05-23T17:02:48.378783,KXBTCD-25MAY2321-T106999.99,DELTA,58,5,60,1669,738,no,39,100
2025-05-23T17:02:48.397427,KXBTCD-25MAY2321-T106999.99,DELTA,58,5,60,1669,739,yes,52,100
2025-05-23T17:02:48.696859,KXBTCD-25MAY2321-T106999.99,DELTA,58,5,60,1669,740,no,39,-100
2025-05-23T17:02:49.536478,KXBTCD-25MAY2321-T106999.99,DELTA,58,5,59,100,741,no,41,100
2025-05-23T17:02:49.996986,KXBTCD-25MAY2321-T106999.99,DELTA,58,5,59,100,742,yes,52,-30
2025-05-23T17:02:49.997468,KXBTCD-25MAY2321-T106999.99,DELTA,58,5,59,100,743,yes,50,30
2025-05-23T17:02:49.997977,KXBTCD-25MAY2321-T106999.99,DELTA,58,5,59,100,744,no,37,-30
2025-05-23T17:02:49.998305,KXBTCD-25MAY2321-T106999.99,DELTA,58,5,59,100,745,no,39,30
2025-05-23T17:02:50.077734,KXBTCD-25MAY2321-T106999.99,DELTA,58,5,59,100,746,no,37,-1000
2025-05-23T17:02:50.178405,KXBTCD-25MAY2321-T106999.99,DELTA,58,5,59,100,747,no,11,1000
2025-05-23T17:02:50.376941,KXBTCD-25MAY2321-T106999.99,DELTA,58,5,59,100,748,yes,52,-100
2025-05-23T17:02:50.476927,KXBTCD-25MAY2321-T106999.99,DELTA,58,5,59,100,749,yes,53,-1000
2025-05-23T17:02:50.516267,KXBTCD-25MAY2321-T106999.99,DELTA,58,5,59,100,750,yes,51,1000
2025-05-23T17:02:50.837260,KXBTCD-25MAY2321-T106999.99,DELTA,58,5,59,100,751,yes,12,-2700
2025-05-23T17:02:50.838155,KXBTCD-25MAY2321-T106999.99,DELTA,58,5,59,100,752,yes,6,5400
2025-05-23T17:02:50.896927,KXBTCD-25MAY2321-T106999.99,DELTA,58,5,59,100,753,no,8,-4050
2025-05-23T17:02:50.897787,KXBTCD-25MAY2321-T106999.99,DELTA,58,5,59,100,754,no,10,3240
2025-05-23T17:02:50.917477,KXBTCD-25MAY2321-T106999.99,DELTA,58,5,59,100,755,yes,7,20000
2025-05-23T17:02:50.957852,KXBTCD-25MAY2321-T106999.99,DELTA,58,5,59,100,756,no,9,-20000
2025-05-23T17:02:51.017888,KXBTCD-25MAY2321-T106999.99,DELTA,58,5,59,100,757,no,11,20000
2025-05-23T17:02:51.116659,KXBTCD-25MAY2321-T106999.99,DELTA,58,5,59,100,758,yes,51,-14
2025-05-23T17:02:51.137853,KXBTCD-25MAY2321-T106999.99,DELTA,58,5,59,100,759,yes,49,14
2025-05-23T17:02:51.138056,KXBTCD-25MAY2321-T106999.99,DELTA,58,5,59,100,760,no,40,-14
2025-05-23T17:02:51.138192,KXBTCD-25MAY2321-T106999.99,DELTA,51,1000,59,100,761,yes,58,-5
2025-05-23T17:02:51.138327,KXBTCD-25MAY2321-T106999.99,DELTA,51,1000,58,9,762,no,42,9
2025-05-23T17:02:51.276908,KXBTCD-25MAY2321-T106999.99,DELTA,51,1000,58,9,763,yes,50,-30
2025-05-23T17:02:51.277805,KXBTCD-25MAY2321-T106999.99,DELTA,51,1000,58,9,764,yes,48,30
2025-05-23T17:02:51.278076,KXBTCD-25MAY2321-T106999.99,DELTA,51,1000,58,9,765,no,39,-30
2025-05-23T17:02:51.278297,KXBTCD-25MAY2321-T106999.99,DELTA,51,1000,58,9,766,no,41,30
2025-05-23T17:02:51.297302,KXBTCD-25MAY2321-T106999.99,DELTA,51,1000,58,9,767,no,11,-1000
2025-05-23T17:02:51.377826,KXBTCD-25MAY2321-T106999.99,DELTA,51,1000,58,9,768,no,11,1000
2025-05-23T17:02:51.378615,KXBTCD-25MAY2321-T106999.99,DELTA,49,14,58,9,769,yes,51,-1000
2025-05-23T17:02:51.496884,KXBTCD-25MAY2321-T106999.99,DELTA,49,1014,58,9,770,yes,49,1000
2025-05-23T17:02:51.738326,KXBTCD-25MAY2321-T106999.99,DELTA,49,1014,58,9,771,no,41,-100
2025-05-23T17:02:51.818765,KXBTCD-25MAY2321-T106999.99,DELTA,49,1114,58,9,772,yes,49,100
2025-05-23T17:02:51.896544,KXBTCD-25MAY2321-T106999.99,DELTA,49,114,58,9,773,yes,49,-1000
2025-05-23T17:02:51.996082,KXBTCD-25MAY2321-T106999.99,DELTA,50,1000,58,9,774,yes,50,1000
2025-05-23T17:02:52.496587,KXBTCD-25MAY2321-T106999.99,DELTA,50,1000,58,9,775,no,11,-1000
2025-05-23T17:02:52.557616,KXBTCD-25MAY2321-T106999.99,DELTA,50,1000,58,9,776,no,40,1000
2025-05-23T17:02:53.376900,KXBTCD-25MAY2321-T106999.99,DELTA,50,1000,56,100,777,no,44,100
2025-05-23T17:02:54.097597,KXBTCD-25MAY2321-T106999.99,DELTA,50,1000,56,100,778,no,40,-1000
2025-05-23T17:02:54.135905,KXBTCD-25MAY2321-T106999.99,DELTA,50,1000,56,100,779,no,11,1000
2025-05-23T17:02:54.536242,KXBTCD-25MAY2321-T106999.99,DELTA,50,1000,56,100,780,yes,49,-14
2025-05-23T17:02:54.536594,KXBTCD-25MAY2321-T106999.99,DELTA,51,14,56,100,781,yes,51,14
2025-05-23T17:02:54.536836,KXBTCD-25MAY2321-T106999.99,DELTA,51,14,56,100,782,no,42,-9
2025-05-23T17:02:54.537038,KXBTCD-25MAY2321-T106999.99,DELTA,51,14,56,100,783,no,40,14
2025-05-23T17:02:55.277922,KXBTCD-25MAY2321-T106999.99,DELTA,51,14,56,100,784,yes,48,-30
2025-05-23T17:02:55.278459,KXBTCD-25MAY2321-T106999.99,DELTA,51,14,56,100,785,yes,50,30
2025-05-23T17:02:55.296519,KXBTCD-25MAY2321-T106999.99,DELTA,51,14,56,100,786,no,39,30
2025-05-23T17:02:55.296953,KXBTCD-25MAY2321-T106999.99,DELTA,51,14,56,100,787,no,41,-30
2025-05-23T17:02:55.355454,KXBTCD-25MAY2321-T106999.99,DELTA,51,14,56,100,788,yes,50,-1000
2025-05-23T17:02:55.417321,KXBTCD-25MAY2321-T106999.99,DELTA,51,1014,56,100,789,yes,51,1000
2025-05-23T17:02:55.657700,KXBTCD-25MAY2321-T106999.99,DELTA,51,1014,60,1669,790,no,44,-100
2025-05-23T17:02:55.658866,KXBTCD-25MAY2321-T106999.99,DELTA,51,1014,60,1669,791,yes,49,-100
2025-05-23T17:02:56.738175,KXBTCD-25MAY2321-T106999.99,DELTA,51,1014,60,1669,792,yes,50,100
2025-05-23T17:02:56.739165,KXBTCD-25MAY2321-T106999.99,DELTA,51,1014,58,100,793,no,42,100
2025-05-23T17:02:56.897546,KXBTCD-25MAY2321-T106999.99,DELTA,51,1014,58,100,794,yes,6,-5400
2025-05-23T17:02:56.898050,KXBTCD-25MAY2321-T106999.99,DELTA,51,1014,58,100,795,yes,8,4050
2025-05-23T17:02:56.956510,KXBTCD-25MAY2321-T106999.99,DELTA,51,1014,58,100,796,no,10,-3240
2025-05-23T17:02:56.956954,KXBTCD-25MAY2321-T106999.99,DELTA,51,1014,58,100,797,no,4,8100
2025-05-23T17:02:56.957272,KXBTCD-25MAY2321-T106999.99,DELTA,51,1014,58,100,798,yes,7,-20000
2025-05-23T17:02:57.017699,KXBTCD-25MAY2321-T106999.99,DELTA,51,1014,58,100,799,yes,9,20000
2025-05-23T17:02:57.037479,KXBTCD-25MAY2321-T106999.99,DELTA,51,1014,58,100,800,no,11,-20000
2025-05-23T17:02:57.098178,KXBTCD-25MAY2321-T106999.99,DELTA,51,1014,58,100,801,no,5,20000
2025-05-23T17:02:57.257688,KXBTCD-25MAY2321-T106999.99,DELTA,51,1014,58,100,802,yes,50,-100
2025-05-23T17:02:57.998014,KXBTCD-25MAY2321-T106999.99,DELTA,51,1014,58,100,803,yes,8,-4050
2025-05-23T17:02:57.998618,KXBTCD-25MAY2321-T106999.99,DELTA,51,1014,58,100,804,yes,10,3240
2025-05-23T17:02:58.057609,KXBTCD-25MAY2321-T106999.99,DELTA,51,1014,58,100,805,no,4,-8100
2025-05-23T17:02:58.058265,KXBTCD-25MAY2321-T106999.99,DELTA,51,1014,58,100,806,no,6,5400
2025-05-23T17:02:58.058616,KXBTCD-25MAY2321-T106999.99,DELTA,51,1014,58,100,807,yes,9,-20000
2025-05-23T17:02:58.097451,KXBTCD-25MAY2321-T106999.99,DELTA,51,1014,58,100,808,yes,11,20000
2025-05-23T17:02:58.136909,KXBTCD-25MAY2321-T106999.99,DELTA,51,1014,58,100,809,no,5,-20000
2025-05-23T17:02:58.177632,KXBTCD-25MAY2321-T106999.99,DELTA,51,1014,58,100,810,no,7,20000
2025-05-23T17:02:58.660992,KXBTCD-25MAY2321-T106999.99,DELTA,51,1114,58,100,811,yes,51,100
2025-05-23T17:02:58.695881,KXBTCD-25MAY2321-T106999.99,DELTA,51,114,58,100,812,yes,51,-1000
2025-05-23T17:02:58.759377,KXBTCD-25MAY2321-T106999.99,DELTA,52,1000,58,100,813,yes,52,1000
2025-05-23T17:02:59.118064,KXBTCD-25MAY2321-T106999.99,DELTA,52,1000,58,100,814,yes,10,-3240
2025-05-23T17:02:59.118469,KXBTCD-25MAY2321-T106999.99,DELTA,52,1000,58,100,815,yes,12,2700
2025-05-23T17:02:59.176253,KXBTCD-25MAY2321-T106999.99,DELTA,52,1000,58,100,816,no,6,-5400
2025-05-23T17:02:59.176644,KXBTCD-25MAY2321-T106999.99,DELTA,52,1000,58,100,817,no,8,4050
2025-05-23T17:02:59.176812,KXBTCD-25MAY2321-T106999.99,DELTA,52,1000,58,100,818,yes,11,-20000
2025-05-23T17:02:59.237508,KXBTCD-25MAY2321-T106999.99,DELTA,52,1000,58,100,819,no,7,-20000
2025-05-23T17:02:59.276861,KXBTCD-25MAY2321-T106999.99,DELTA,52,1000,58,100,820,no,9,20000
2025-05-23T17:02:59.416730,KXBTCD-25MAY2321-T106999.99,DELTA,52,1000,60,1669,821,no,42,-100
2025-05-23T17:02:59.437839,KXBTCD-25MAY2321-T106999.99,DELTA,52,1000,60,1669,822,yes,51,-100
2025-05-23T17:02:59.536886,KXBTCD-25MAY2321-T106999.99,DELTA,51,14,60,1669,823,yes,52,-1000
2025-05-23T17:02:59.580577,KXBTCD-25MAY2321-T106999.99,DELTA,51,1014,60,1669,824,yes,51,1000
2025-05-23T17:02:59.777611,KXBTCD-25MAY2321-T106999.99,DELTA,51,1014,60,1669,825,yes,48,30
2025-05-23T17:02:59.798617,KXBTCD-25MAY2321-T106999.99,DELTA,51,1014,60,1669,826,yes,50,-30
2025-05-23T17:02:59.799091,KXBTCD-25MAY2321-T106999.99,DELTA,51,1014,59,30,827,no,41,30
2025-05-23T17:02:59.799352,KXBTCD-25MAY2321-T106999.99,DELTA,51,1014,59,30,828,no,39,-30
2025-05-23T17:02:59.856321,KXBTCD-25MAY2321-T106999.99,DELTA,51,1014,59,30,829,no,11,-1000
2025-05-23T17:02:59.877634,KXBTCD-25MAY2321-T106999.99,DELTA,51,14,59,30,830,yes,51,-1000
2025-05-23T17:02:59.916983,KXBTCD-25MAY2321-T106999.99,DELTA,51,14,59,30,831,no,11,1000
2025-05-23T17:02:59.937686,KXBTCD-25MAY2321-T106999.99,DELTA,51,14,59,30,832,yes,49,1000
2025-05-23T17:03:00.237070,KXBTCD-25MAY2321-T106999.99,DELTA,51,14,59,30,833,yes,12,-2700
2025-05-23T17:03:00.237476,KXBTCD-25MAY2321-T106999.99,DELTA,51,14,59,30,834,yes,6,5400
2025-05-23T17:03:00.295553,KXBTCD-25MAY2321-T106999.99,DELTA,51,14,59,30,835,no,8,-4050
2025-05-23T17:03:00.295844,KXBTCD-25MAY2321-T106999.99,DELTA,51,14,59,30,836,no,9,3600
2025-05-23T17:03:00.316765,KXBTCD-25MAY2321-T106999.99,DELTA,51,14,59,30,837,yes,7,20000
2025-05-23T17:03:00.376357,KXBTCD-25MAY2321-T106999.99,DELTA,51,14,59,30,838,no,9,-20000
2025-05-23T17:03:00.476513,KXBTCD-25MAY2321-T106999.99,DELTA,51,14,59,30,839,no,10,20000
2025-05-23T17:03:00.496051,KXBTCD-25MAY2321-T106999.99,DELTA,51,14,59,30,840,yes,48,100
2025-05-23T17:03:00.516936,KXBTCD-25MAY2321-T106999.99,DELTA,51,14,56,100,841,no,44,100
2025-05-23T17:03:00.783195,KXBTCD-25MAY2321-T106999.99,DELTA,51,14,56,100,842,yes,48,-100
2025-05-23T17:03:01.295293,KXBTCD-25MAY2321-T106999.99,DELTA,51,14,56,100,843,yes,6,-5400
2025-05-23T17:03:01.295785,KXBTCD-25MAY2321-T106999.99,DELTA,51,14,56,100,844,yes,8,4050
2025-05-23T17:03:01.337709,KXBTCD-25MAY2321-T106999.99,DELTA,51,14,56,100,845,no,9,-3600
2025-05-23T17:03:01.338180,KXBTCD-25MAY2321-T106999.99,DELTA,51,14,56,100,846,no,4,8100
2025-05-23T17:03:01.356341,KXBTCD-25MAY2321-T106999.99,DELTA,51,14,56,100,847,yes,7,-20000
2025-05-23T17:03:01.416768,KXBTCD-25MAY2321-T106999.99,DELTA,51,14,56,100,848,no,10,-20000
2025-05-23T17:03:01.435961,KXBTCD-25MAY2321-T106999.99,DELTA,51,14,56,100,849,yes,9,20000
2025-05-23T17:03:01.536401,KXBTCD-25MAY2321-T106999.99,DELTA,51,14,56,100,850,no,5,20000
2025-05-23T17:03:01.676283,KXBTCD-25MAY2321-T106999.99,DELTA,51,14,56,100,851,yes,49,100
2025-05-23T17:03:01.776684,KXBTCD-25MAY2321-T106999.99,DELTA,51,14,56,100,852,yes,49,-1000
2025-05-23T17:03:01.856982,KXBTCD-25MAY2321-T106999.99,DELTA,51,14,56,100,853,yes,50,1000
2025-05-23T17:03:02.637326,KXBTCD-25MAY2321-T106999.99,DELTA,51,14,59,30,854,no,44,-100
2025-05-23T17:03:03.615736,KXBTCD-25MAY2321-T106999.99,DELTA,51,14,58,100,855,no,42,100
2025-05-23T17:03:03.856435,KXBTCD-25MAY2321-T106999.99,DELTA,51,14,59,30,856,no,42,-100
2025-05-23T17:03:04.736130,KXBTCD-25MAY2321-T106999.99,DELTA,51,14,59,30,857,yes,8,-4050
2025-05-23T17:03:04.736651,KXBTCD-25MAY2321-T106999.99,DELTA,51,14,59,30,858,yes,10,3240
2025-05-23T17:03:04.796780,KXBTCD-25MAY2321-T106999.99,DELTA,51,14,59,30,859,yes,9,-20000
2025-05-23T17:03:04.797192,KXBTCD-25MAY2321-T106999.99,DELTA,51,14,59,30,860,no,4,-8100
2025-05-23T17:03:04.797606,KXBTCD-25MAY2321-T106999.99,DELTA,51,14,59,30,861,no,11,2945
2025-05-23T17:03:04.836424,KXBTCD-25MAY2321-T106999.99,DELTA,51,14,59,30,862,yes,11,20000
2025-05-23T17:03:04.857136,KXBTCD-25MAY2321-T106999.99,DELTA,51,14,59,30,863,no,5,-20000
2025-05-23T17:03:04.857490,KXBTCD-25MAY2321-T106999.99,DELTA,51,14,59,30,864,no,11,-2000
2025-05-23T17:03:04.877590,KXBTCD-25MAY2321-T106999.99,DELTA,51,14,59,30,865,no,11,-1000
2025-05-23T17:03:04.919112,KXBTCD-25MAY2321-T106999.99,DELTA,51,14,59,30,866,no,12,1000
2025-05-23T17:03:04.919347,KXBTCD-25MAY2321-T106999.99,DELTA,51,14,59,30,867,no,12,2000
2025-05-23T17:03:05.178500,KXBTCD-25MAY2321-T106999.99,DELTA,51,14,57,100,868,no,43,100
2025-05-23T17:03:07.157164,KXBTCD-25MAY2321-T106999.99,DELTA,51,14,57,100,869,yes,10,-3240
2025-05-23T17:03:07.157857,KXBTCD-25MAY2321-T106999.99,DELTA,51,14,57,100,870,yes,11,-20000
2025-05-23T17:03:08.637333,KXBTCD-25MAY2321-T106999.99,DELTA,51,14,57,100,871,yes,49,-100
2025-05-23T17:03:08.696355,KXBTCD-25MAY2321-T106999.99,DELTA,51,14,57,100,872,yes,50,-1000
2025-05-23T17:03:08.756302,KXBTCD-25MAY2321-T106999.99,DELTA,51,14,57,100,873,yes,49,1000
2025-05-23T17:03:09.820018,KXBTCD-25MAY2321-T106999.99,DELTA,51,14,59,30,874,no,43,-100
2025-05-23T17:03:09.856806,KXBTCD-25MAY2321-T106999.99,DELTA,51,14,59,30,875,yes,50,100
2025-05-23T17:03:09.916749,KXBTCD-25MAY2321-T106999.99,DELTA,51,14,59,30,876,yes,49,-1000
2025-05-23T17:03:09.977059,KXBTCD-25MAY2321-T106999.99,DELTA,51,1014,59,30,877,yes,51,1000
2025-05-23T17:03:10.477200,KXBTCD-25MAY2321-T106999.99,DELTA,51,1014,59,30,878,no,40,-1655
2025-05-23T17:03:10.757572,KXBTCD-25MAY2321-T106999.99,DELTA,51,1014,59,30,879,yes,6,5400
2025-05-23T17:03:10.817980,KXBTCD-25MAY2321-T106999.99,DELTA,51,1014,59,30,880,no,11,-2945
2025-05-23T17:03:10.818859,KXBTCD-25MAY2321-T106999.99,DELTA,51,1014,59,30,881,no,13,2492
2025-05-23T17:03:10.819589,KXBTCD-25MAY2321-T106999.99,DELTA,51,1014,59,30,882,yes,7,20000
2025-05-23T17:03:10.878127,KXBTCD-25MAY2321-T106999.99,DELTA,51,1014,59,30,883,no,12,-2000
2025-05-23T17:03:10.896832,KXBTCD-25MAY2321-T106999.99,DELTA,51,1014,59,30,884,no,12,-1000
2025-05-23T17:03:10.936348,KXBTCD-25MAY2321-T106999.99,DELTA,51,1014,59,30,885,no,14,2000
2025-05-23T17:03:10.936712,KXBTCD-25MAY2321-T106999.99,DELTA,51,1014,59,30,886,no,14,1000
2025-05-23T17:03:10.975888,KXBTCD-25MAY2321-T106999.99,DELTA,51,1014,58,100,887,no,42,100
2025-05-23T17:03:11.456684,KXBTCD-25MAY2321-T106999.99,DELTA,51,1014,58,100,888,yes,50,-100
2025-05-23T17:03:11.516843,KXBTCD-25MAY2321-T106999.99,DELTA,51,14,58,100,889,yes,51,-1000
2025-05-23T17:03:11.576017,KXBTCD-25MAY2321-T106999.99,DELTA,51,14,58,100,890,yes,49,1000
2025-05-23T17:03:11.936660,KXBTCD-25MAY2321-T106999.99,DELTA,51,14,58,100,891,yes,6,-5400
2025-05-23T17:03:11.937413,KXBTCD-25MAY2321-T106999.99,DELTA,51,14,58,100,892,yes,8,4050
2025-05-23T17:03:12.017032,KXBTCD-25MAY2321-T106999.99,DELTA,51,14,58,100,893,yes,7,-20000
2025-05-23T17:03:12.117359,KXBTCD-25MAY2321-T106999.99,DELTA,51,14,58,100,894,yes,9,20000
2025-05-23T17:03:12.562347,KXBTCD-25MAY2321-T106999.99,DELTA,51,14,58,100,895,yes,50,100
2025-05-23T17:03:12.636268,KXBTCD-25MAY2321-T106999.99,DELTA,51,14,58,100,896,yes,49,-1000
2025-05-23T17:03:12.764822,KXBTCD-25MAY2321-T106999.99,DELTA,51,1014,58,100,897,yes,51,1000
2025-05-23T17:03:12.896561,KXBTCD-25MAY2321-T106999.99,DELTA,51,1014,58,100,898,yes,8,-4050
2025-05-23T17:03:12.897036,KXBTCD-25MAY2321-T106999.99,DELTA,51,1014,58,100,899,yes,10,3240
2025-05-23T17:03:12.975636,KXBTCD-25MAY2321-T106999.99,DELTA,51,1014,58,100,900,yes,9,-20000
2025-05-23T17:03:13.037641,KXBTCD-25MAY2321-T106999.99,DELTA,51,1014,58,100,901,yes,11,20000
2025-05-23T17:03:13.917240,KXBTCD-25MAY2321-T106999.99,DELTA,51,1014,58,100,902,yes,10,-3240
2025-05-23T17:03:13.918007,KXBTCD-25MAY2321-T106999.99,DELTA,51,1014,58,100,903,yes,12,2700
2025-05-23T17:03:13.977647,KXBTCD-25MAY2321-T106999.99,DELTA,51,1014,58,100,904,yes,11,-20000
2025-05-23T17:03:14.136648,KXBTCD-25MAY2321-T106999.99,DELTA,51,1014,59,30,905,no,42,-100
2025-05-23T17:03:14.957137,KXBTCD-25MAY2321-T106999.99,DELTA,51,1014,59,30,906,yes,12,-2700
2025-05-23T17:03:14.958063,KXBTCD-25MAY2321-T106999.99,DELTA,51,1014,59,30,907,yes,6,5400
2025-05-23T17:03:15.016750,KXBTCD-25MAY2321-T106999.99,DELTA,51,1014,59,30,908,yes,7,20000
2025-05-23T17:03:15.358327,KXBTCD-25MAY2321-T106999.99,DELTA,51,1014,57,100,909,no,43,100
2025-05-23T17:03:17.636214,KXBTCD-25MAY2321-T106999.99,DELTA,51,1014,57,100,910,yes,50,-100
2025-05-23T17:03:17.697208,KXBTCD-25MAY2321-T106999.99,DELTA,51,14,57,100,911,yes,51,-1000
2025-05-23T17:03:17.756465,KXBTCD-25MAY2321-T106999.99,DELTA,51,14,57,100,912,yes,49,1000
2025-05-23T17:03:18.077634,KXBTCD-25MAY2321-T106999.99,DELTA,51,14,59,30,913,no,43,-100
2025-05-23T17:03:18.337490,KXBTCD-25MAY2321-T106999.99,DELTA,51,14,59,30,914,yes,48,100
2025-05-23T17:03:18.356772,KXBTCD-25MAY2321-T106999.99,DELTA,51,14,59,30,915,yes,6,-5400
2025-05-23T17:03:18.357027,KXBTCD-25MAY2321-T106999.99,DELTA,51,14,59,30,916,yes,8,4050
2025-05-23T17:03:18.416818,KXBTCD-25MAY2321-T106999.99,DELTA,51,14,59,30,917,yes,7,-20000
2025-05-23T17:03:18.476560,KXBTCD-25MAY2321-T106999.99,DELTA,51,14,59,30,918,yes,9,20000
2025-05-23T17:03:18.937423,KXBTCD-25MAY2321-T106999.99,DELTA,51,14,56,100,919,no,44,100
2025-05-23T17:03:19.316588,KXBTCD-25MAY2321-T106999.99,DELTA,51,14,56,100,920,no,14,-1000
2025-05-23T17:03:19.376186,KXBTCD-25MAY2321-T106999.99,DELTA,51,14,56,100,921,no,41,1000
2025-05-23T17:03:19.495816,KXBTCD-25MAY2321-T106999.99,DELTA,51,14,56,100,922,yes,48,-100
2025-05-23T17:03:20.777767,KXBTCD-25MAY2321-T106999.99,DELTA,51,14,56,100,923,yes,48,100
2025-05-23T17:03:20.976897,KXBTCD-25MAY2321-T106999.99,DELTA,51,14,56,100,924,no,41,-1000
2025-05-23T17:03:21.037341,KXBTCD-25MAY2321-T106999.99,DELTA,51,14,56,100,925,no,14,1000
2025-05-23T17:03:22.495965,KXBTCD-25MAY2321-T106999.99,DELTA,51,14,56,100,926,yes,48,-100
2025-05-23T17:03:23.439312,KXBTCD-25MAY2321-T106999.99,DELTA,51,14,56,100,927,yes,49,100
2025-05-23T17:03:23.518269,KXBTCD-25MAY2321-T106999.99,DELTA,51,14,56,100,928,yes,49,-1000
2025-05-23T17:03:23.596648,KXBTCD-25MAY2321-T106999.99,DELTA,51,14,56,100,929,yes,50,1000
2025-05-23T17:03:25.117838,KXBTCD-25MAY2321-T106999.99,DELTA,51,14,56,100,930,yes,8,-4050
2025-05-23T17:03:25.118751,KXBTCD-25MAY2321-T106999.99,DELTA,51,14,56,100,931,yes,10,3240
2025-05-23T17:03:25.180899,KXBTCD-25MAY2321-T106999.99,DELTA,51,14,56,100,932,yes,9,-20000
2025-05-23T17:03:25.216753,KXBTCD-25MAY2321-T106999.99,DELTA,51,14,56,100,933,yes,11,20000
2025-05-23T17:03:25.416741,KXBTCD-25MAY2321-T106999.99,DELTA,51,14,59,30,934,no,44,-100
2025-05-23T17:03:26.100215,KXBTCD-25MAY2321-T106999.99,DELTA,51,14,59,30,935,yes,10,-3240
2025-05-23T17:03:26.100504,KXBTCD-25MAY2321-T106999.99,DELTA,51,14,59,30,936,yes,12,2700
2025-05-23T17:03:26.156713,KXBTCD-25MAY2321-T106999.99,DELTA,51,14,59,30,937,yes,11,-20000
2025-05-23T17:03:26.715649,KXBTCD-25MAY2321-T106999.99,DELTA,51,14,58,100,938,no,42,100
2025-05-23T17:03:27.228978,KXBTCD-25MAY2321-T106999.99,DELTA,51,14,58,100,939,yes,12,-2700
2025-05-23T17:03:27.229776,KXBTCD-25MAY2321-T106999.99,DELTA,51,14,58,100,940,yes,6,5400
2025-05-23T17:03:27.230322,KXBTCD-25MAY2321-T106999.99,DELTA,51,14,58,100,941,yes,7,20000
2025-05-23T17:03:27.417019,KXBTCD-25MAY2321-T106999.99,DELTA,51,14,58,100,942,yes,49,-100
2025-05-23T17:03:27.476041,KXBTCD-25MAY2321-T106999.99,DELTA,51,14,58,100,943,yes,50,-1000
2025-05-23T17:03:27.517055,KXBTCD-25MAY2321-T106999.99,DELTA,51,14,58,100,944,yes,49,1000
2025-05-23T17:03:28.156827,KXBTCD-25MAY2321-T106999.99,DELTA,51,14,58,100,945,yes,6,-5400
2025-05-23T17:03:28.157021,KXBTCD-25MAY2321-T106999.99,DELTA,51,14,58,100,946,yes,8,4050
2025-05-23T17:03:28.216869,KXBTCD-25MAY2321-T106999.99,DELTA,51,14,58,100,947,yes,7,-20000
2025-05-23T17:03:28.258096,KXBTCD-25MAY2321-T106999.99,DELTA,51,14,58,100,948,yes,9,20000
2025-05-23T17:03:28.416330,KXBTCD-25MAY2321-T106999.99,DELTA,51,14,58,100,949,yes,50,100
2025-05-23T17:03:28.496093,KXBTCD-25MAY2321-T106999.99,DELTA,51,14,58,100,950,yes,49,-1000
2025-05-23T17:03:28.556501,KXBTCD-25MAY2321-T106999.99,DELTA,51,1014,58,100,951,yes,51,1000
2025-05-23T17:03:29.197875,KXBTCD-25MAY2321-T106999.99,DELTA,51,1014,58,100,952,yes,8,-4050
2025-05-23T17:03:29.198761,KXBTCD-25MAY2321-T106999.99,DELTA,51,1014,58,100,953,yes,10,3240
2025-05-23T17:03:29.258403,KXBTCD-25MAY2321-T106999.99,DELTA,51,1014,58,100,954,yes,9,-20000
2025-05-23T17:03:29.317026,KXBTCD-25MAY2321-T106999.99,DELTA,51,1014,58,100,955,yes,11,20000
2025-05-23T17:03:29.438697,KXBTCD-25MAY2321-T106999.99,DELTA,51,1014,58,100,956,yes,50,-100
2025-05-23T17:03:29.516479,KXBTCD-25MAY2321-T106999.99,DELTA,51,14,58,100,957,yes,51,-1000
2025-05-23T17:03:29.577039,KXBTCD-25MAY2321-T106999.99,DELTA,51,14,58,100,958,yes,49,1000
2025-05-23T17:03:30.158465,KXBTCD-25MAY2321-T106999.99,DELTA,51,14,58,100,959,yes,50,100
2025-05-23T17:03:30.217723,KXBTCD-25MAY2321-T106999.99,DELTA,51,14,58,100,960,yes,49,-1000
2025-05-23T17:03:30.317725,KXBTCD-25MAY2321-T106999.99,DELTA,51,1014,58,100,961,yes,51,1000
2025-05-23T17:03:32.334793,KXBTCD-25MAY2321-T106999.99,DELTA,51,1014,58,100,962,yes,10,-3240
2025-05-23T17:03:32.335704,KXBTCD-25MAY2321-T106999.99,DELTA,51,1014,58,100,963,yes,12,2700
2025-05-23T17:03:32.356324,KXBTCD-25MAY2321-T106999.99,DELTA,51,1014,58,100,964,yes,11,-20000
2025-05-23T17:03:38.056487,KXBTCD-25MAY2321-T106999.99,DELTA,51,1014,58,100,965,yes,12,-2700
2025-05-23T17:03:38.057324,KXBTCD-25MAY2321-T106999.99,DELTA,51,1014,58,100,966,yes,6,5400
2025-05-23T17:03:38.096352,KXBTCD-25MAY2321-T106999.99,DELTA,51,1014,58,100,967,no,13,-2492
2025-05-23T17:03:38.097171,KXBTCD-25MAY2321-T106999.99,DELTA,51,1014,58,100,968,no,15,2160
2025-05-23T17:03:38.136331,KXBTCD-25MAY2321-T106999.99,DELTA,51,1014,58,100,969,yes,7,20000
2025-05-23T17:03:38.177395,KXBTCD-25MAY2321-T106999.99,DELTA,51,1014,58,100,970,no,14,-2000
2025-05-23T17:03:38.178127,KXBTCD-25MAY2321-T106999.99,DELTA,51,1014,58,100,971,no,14,-1000
2025-05-23T17:03:38.238117,KXBTCD-25MAY2321-T106999.99,DELTA,51,1014,58,100,972,no,16,2000
2025-05-23T17:03:38.258980,KXBTCD-25MAY2321-T106999.99,DELTA,51,1014,58,100,973,no,16,1000
2025-05-23T17:03:38.376161,KXBTCD-25MAY2321-T106999.99,DELTA,51,1014,58,100,974,yes,50,-100
2025-05-23T17:03:38.436424,KXBTCD-25MAY2321-T106999.99,DELTA,51,14,58,100,975,yes,51,-1000
2025-05-23T17:03:38.476844,KXBTCD-25MAY2321-T106999.99,DELTA,51,14,58,100,976,yes,49,1000
2025-05-23T17:03:38.777891,KXBTCD-25MAY2321-T106999.99,DELTA,51,14,58,100,977,yes,48,-30
2025-05-23T17:03:38.778576,KXBTCD-25MAY2321-T106999.99,DELTA,51,14,58,100,978,yes,50,30
2025-05-23T17:03:38.810255,KXBTCD-25MAY2321-T106999.99,DELTA,51,14,58,100,979,no,41,-30
2025-05-23T17:03:38.810957,KXBTCD-25MAY2321-T106999.99,DELTA,51,14,58,100,980,no,39,30
2025-05-23T17:03:38.817340,KXBTCD-25MAY2321-T106999.99,DELTA,50,30,58,100,981,yes,51,-14
2025-05-23T17:03:38.817543,KXBTCD-25MAY2321-T106999.99,DELTA,52,14,58,100,982,yes,52,14
2025-05-23T17:03:38.818195,KXBTCD-25MAY2321-T106999.99,DELTA,52,14,58,100,983,no,40,-14
2025-05-23T17:03:38.818478,KXBTCD-25MAY2321-T106999.99,DELTA,52,14,58,100,984,no,39,14
2025-05-23T17:03:38.856762,KXBTCD-25MAY2321-T106999.99,DELTA,52,14,58,100,985,yes,49,-1000
2025-05-23T17:03:38.909663,KXBTCD-25MAY2321-T106999.99,DELTA,52,14,58,100,986,yes,51,1000
2025-05-23T17:03:39.110197,KXBTCD-25MAY2321-T106999.99,DELTA,52,14,58,100,987,yes,6,-5400
2025-05-23T17:03:39.110823,KXBTCD-25MAY2321-T106999.99,DELTA,52,14,58,100,988,yes,8,4050
2025-05-23T17:03:39.138658,KXBTCD-25MAY2321-T106999.99,DELTA,52,14,58,100,989,no,15,-2160
2025-05-23T17:03:39.139399,KXBTCD-25MAY2321-T106999.99,DELTA,52,14,58,100,990,no,14,2314
2025-05-23T17:03:39.156892,KXBTCD-25MAY2321-T106999.99,DELTA,52,14,58,100,991,yes,7,-20000
2025-05-23T17:03:39.209808,KXBTCD-25MAY2321-T106999.99,DELTA,52,14,58,100,992,no,16,-2000
2025-05-23T17:03:39.227479,KXBTCD-25MAY2321-T106999.99,DELTA,52,14,58,100,993,yes,9,20000
2025-05-23T17:03:39.228167,KXBTCD-25MAY2321-T106999.99,DELTA,52,14,58,100,994,no,16,-1000
2025-05-23T17:03:39.255928,KXBTCD-25MAY2321-T106999.99,DELTA,52,14,58,100,995,no,15,1000
2025-05-23T17:03:39.256270,KXBTCD-25MAY2321-T106999.99,DELTA,52,14,58,100,996,no,15,2000
2025-05-23T17:03:39.537201,KXBTCD-25MAY2321-T106999.99,DELTA,52,14,61,44,997,no,42,-100
2025-05-23T17:03:39.756708,KXBTCD-25MAY2321-T106999.99,DELTA,52,114,61,44,998,yes,52,100
2025-05-23T17:03:39.836255,KXBTCD-25MAY2321-T106999.99,DELTA,52,114,61,44,999,yes,51,-1000
2025-05-23T17:03:39.898026,KXBTCD-25MAY2321-T106999.99,DELTA,53,1000,61,44,1000,yes,53,1000
2025-05-23T17:03:40.357273,KXBTCD-25MAY2321-T106999.99,DELTA,53,1000,61,44,1001,yes,8,-4050
2025-05-23T17:03:40.357890,KXBTCD-25MAY2321-T106999.99,DELTA,53,1000,61,44,1002,yes,10,3240
2025-05-23T17:03:40.416678,KXBTCD-25MAY2321-T106999.99,DELTA,53,1000,61,44,1003,no,14,-2314
2025-05-23T17:03:40.416983,KXBTCD-25MAY2321-T106999.99,DELTA,53,1000,61,44,1004,no,13,2492
2025-05-23T17:03:40.439322,KXBTCD-25MAY2321-T106999.99,DELTA,53,1000,61,44,1005,yes,9,-20000
2025-05-23T17:03:40.476349,KXBTCD-25MAY2321-T106999.99,DELTA,53,1000,61,44,1006,yes,11,20000
2025-05-23T17:03:40.496793,KXBTCD-25MAY2321-T106999.99,DELTA,53,1000,61,44,1007,no,15,-2000
2025-05-23T17:03:40.497020,KXBTCD-25MAY2321-T106999.99,DELTA,53,1000,61,44,1008,no,15,-1000
2025-05-23T17:03:40.535751,KXBTCD-25MAY2321-T106999.99,DELTA,53,1000,61,44,1009,no,14,1000
2025-05-23T17:03:40.556521,KXBTCD-25MAY2321-T106999.99,DELTA,53,1000,61,44,1010,no,14,2000
2025-05-23T17:03:41.051098,KXBTCD-25MAY2321-T106999.99,DELTA,53,1000,60,100,1011,no,40,100
2025-05-23T17:03:41.460987,KXBTCD-25MAY2321-T106999.99,DELTA,53,1000,60,100,1012,yes,10,-3240
2025-05-23T17:03:41.461585,KXBTCD-25MAY2321-T106999.99,DELTA,53,1000,60,100,1013,yes,12,2700
2025-05-23T17:03:41.497598,KXBTCD-25MAY2321-T106999.99,DELTA,53,1000,60,100,1014,no,13,-2492
2025-05-23T17:03:41.498354,KXBTCD-25MAY2321-T106999.99,DELTA,53,1000,60,100,1015,no,14,2314
2025-05-23T17:03:41.517002,KXBTCD-25MAY2321-T106999.99,DELTA,53,1000,60,100,1016,yes,11,-20000
2025-05-23T17:03:41.576693,KXBTCD-25MAY2321-T106999.99,DELTA,53,1000,60,100,1017,no,14,-2000
2025-05-23T17:03:41.597187,KXBTCD-25MAY2321-T106999.99,DELTA,53,1000,60,100,1018,no,14,-1000
2025-05-23T17:03:41.697239,KXBTCD-25MAY2321-T106999.99,DELTA,53,1000,60,100,1019,no,15,1000
2025-05-23T17:03:41.736190,KXBTCD-25MAY2321-T106999.99,DELTA,53,1000,60,100,1020,no,15,2000
2025-05-23T17:03:42.576457,KXBTCD-25MAY2321-T106999.99,DELTA,53,1000,60,100,1021,yes,12,-2700
2025-05-23T17:03:42.576798,KXBTCD-25MAY2321-T106999.99,DELTA,53,1000,60,100,1022,yes,6,5400
2025-05-23T17:03:42.635947,KXBTCD-25MAY2321-T106999.99,DELTA,53,1000,60,100,1023,yes,7,20000
2025-05-23T17:03:43.119043,KXBTCD-25MAY2321-T106999.99,DELTA,54,14,60,100,1024,yes,54,14
2025-05-23T17:03:43.119639,KXBTCD-25MAY2321-T106999.99,DELTA,54,14,60,100,1025,no,37,14
2025-05-23T17:03:43.138883,KXBTCD-25MAY2321-T106999.99,DELTA,54,14,60,100,1026,yes,52,30
2025-05-23T17:03:43.139641,KXBTCD-25MAY2321-T106999.99,DELTA,54,14,60,100,1027,yes,52,-14
2025-05-23T17:03:43.140112,KXBTCD-25MAY2321-T106999.99,DELTA,54,14,60,100,1028,yes,50,-30
2025-05-23T17:03:43.140546,KXBTCD-25MAY2321-T106999.99,DELTA,54,14,60,100,1029,no,39,-14
2025-05-23T17:03:43.140940,KXBTCD-25MAY2321-T106999.99,DELTA,54,14,60,100,1030,no,37,30
2025-05-23T17:03:43.141319,KXBTCD-25MAY2321-T106999.99,DELTA,54,14,60,100,1031,no,39,-30
2025-05-23T17:03:43.238222,KXBTCD-25MAY2321-T106999.99,DELTA,54,14,60,100,1032,no,10,-200
2025-05-23T17:03:43.877361,KXBTCD-25MAY2321-T106999.99,DELTA,54,14,60,100,1033,yes,52,-100
2025-05-23T17:03:44.397376,KXBTCD-25MAY2321-T106999.99,DELTA,54,14,60,100,1034,yes,30,-200
2025-05-23T17:03:44.398083,KXBTCD-25MAY2321-T106999.99,DELTA,54,14,60,100,1035,yes,40,200
2025-05-23T17:03:44.457492,KXBTCD-25MAY2321-T106999.99,DELTA,54,14,60,100,1036,yes,31,-2000
2025-05-23T17:03:44.496783,KXBTCD-25MAY2321-T106999.99,DELTA,54,14,60,100,1037,yes,41,2000
2025-05-23T17:03:44.575495,KXBTCD-25MAY2321-T106999.99,DELTA,54,14,63,44,1038,no,40,-100
2025-05-23T17:03:45.157200,KXBTCD-25MAY2321-T106999.99,DELTA,54,114,63,44,1039,yes,54,100
2025-05-23T17:03:45.237334,KXBTCD-25MAY2321-T106999.99,DELTA,54,114,63,44,1040,yes,53,-1000
2025-05-23T17:03:45.297479,KXBTCD-25MAY2321-T106999.99,DELTA,55,1000,63,44,1041,yes,55,1000
2025-05-23T17:03:45.635935,KXBTCD-25MAY2321-T106999.99,DELTA,55,1000,63,44,1042,yes,6,-5400
2025-05-23T17:03:45.636447,KXBTCD-25MAY2321-T106999.99,DELTA,55,1000,63,44,1043,yes,8,4050
2025-05-23T17:03:45.697318,KXBTCD-25MAY2321-T106999.99,DELTA,55,1000,63,44,1044,yes,7,-20000
2025-05-23T17:03:45.716605,KXBTCD-25MAY2321-T106999.99,DELTA,55,1000,63,44,1045,yes,9,20000
2025-05-23T17:03:46.176855,KXBTCD-25MAY2321-T106999.99,DELTA,55,1000,62,100,1046,no,38,100
2025-05-23T17:03:46.920265,KXBTCD-25MAY2321-T106999.99,DELTA,55,1000,62,100,1047,yes,52,-30
2025-05-23T17:03:46.920938,KXBTCD-25MAY2321-T106999.99,DELTA,55,1000,62,100,1048,yes,53,30
2025-05-23T17:03:46.921437,KXBTCD-25MAY2321-T106999.99,DELTA,55,1000,62,100,1049,yes,54,-14
2025-05-23T17:03:46.937248,KXBTCD-25MAY2321-T106999.99,DELTA,55,1014,62,100,1050,yes,55,14
2025-05-23T17:03:46.937609,KXBTCD-25MAY2321-T106999.99,DELTA,55,1014,62,100,1051,no,37,-14
2025-05-23T17:03:46.937943,KXBTCD-25MAY2321-T106999.99,DELTA,55,1014,62,100,1052,no,37,-30
2025-05-23T17:03:46.938229,KXBTCD-25MAY2321-T106999.99,DELTA,55,1014,62,100,1053,no,36,30
2025-05-23T17:03:46.938726,KXBTCD-25MAY2321-T106999.99,DELTA,55,1014,62,100,1054,no,36,14
2025-05-23T17:03:47.356871,KXBTCD-25MAY2321-T106999.99,DELTA,55,1014,62,100,1055,yes,54,-100
2025-05-23T17:03:47.437142,KXBTCD-25MAY2321-T106999.99,DELTA,55,14,62,100,1056,yes,55,-1000
2025-05-23T17:03:47.516448,KXBTCD-25MAY2321-T106999.99,DELTA,55,14,62,100,1057,yes,54,1000
2025-05-23T17:03:48.276842,KXBTCD-25MAY2321-T106999.99,DELTA,55,14,62,100,1058,no,15,-1000
2025-05-23T17:03:48.336858,KXBTCD-25MAY2321-T106999.99,DELTA,55,14,62,100,1059,no,36,1000
2025-05-23T17:03:48.356317,KXBTCD-25MAY2321-T106999.99,DELTA,55,14,62,100,1060,yes,54,100
2025-05-23T17:03:48.436248,KXBTCD-25MAY2321-T106999.99,DELTA,55,14,62,100,1061,yes,54,-1000
2025-05-23T17:03:48.455927,KXBTCD-25MAY2321-T106999.99,DELTA,55,14,62,100,1062,no,36,-1000
2025-05-23T17:03:48.516389,KXBTCD-25MAY2321-T106999.99,DELTA,55,1014,62,100,1063,yes,55,1000
2025-05-23T17:03:48.516783,KXBTCD-25MAY2321-T106999.99,DELTA,55,1014,62,100,1064,no,15,1000
2025-05-23T17:03:49.095448,KXBTCD-25MAY2321-T106999.99,DELTA,55,1014,64,44,1065,no,38,-100
2025-05-23T17:03:49.416797,KXBTCD-25MAY2321-T106999.99,DELTA,55,1014,64,44,1066,no,15,-1000
2025-05-23T17:03:49.476559,KXBTCD-25MAY2321-T106999.99,DELTA,55,1014,64,1044,1067,no,36,1000
2025-05-23T17:03:49.617617,KXBTCD-25MAY2321-T106999.99,DELTA,55,1014,64,1044,1068,yes,40,-200
2025-05-23T17:03:49.618471,KXBTCD-25MAY2321-T106999.99,DELTA,55,1014,64,1044,1069,yes,30,200
2025-05-23T17:03:49.696718,KXBTCD-25MAY2321-T106999.99,DELTA,55,1014,64,1044,1070,yes,41,-2000
2025-05-23T17:03:49.758225,KXBTCD-25MAY2321-T106999.99,DELTA,55,1014,64,1044,1071,yes,31,2000
2025-05-23T17:03:50.537275,KXBTCD-25MAY2321-T106999.99,DELTA,55,1014,61,100,1072,no,39,100
2025-05-23T17:03:51.237554,KXBTCD-25MAY2321-T106999.99,DELTA,55,1014,61,100,1073,no,36,-1000
2025-05-23T17:03:51.318129,KXBTCD-25MAY2321-T106999.99,DELTA,55,1014,61,100,1074,no,15,1000
2025-05-23T17:03:51.477789,KXBTCD-25MAY2321-T106999.99,DELTA,55,1014,61,100,1075,yes,8,-4050
2025-05-23T17:03:51.478233,KXBTCD-25MAY2321-T106999.99,DELTA,55,1014,61,100,1076,yes,10,3240
2025-05-23T17:03:51.517367,KXBTCD-25MAY2321-T106999.99,DELTA,55,1014,61,100,1077,no,14,-2314
2025-05-23T17:03:51.518298,KXBTCD-25MAY2321-T106999.99,DELTA,55,1014,61,100,1078,no,4,8100
2025-05-23T17:03:51.536578,KXBTCD-25MAY2321-T106999.99,DELTA,55,1014,61,100,1079,yes,9,-20000
2025-05-23T17:03:51.595823,KXBTCD-25MAY2321-T106999.99,DELTA,55,1014,61,100,1080,no,15,-2000
2025-05-23T17:03:51.596641,KXBTCD-25MAY2321-T106999.99,DELTA,55,1014,61,100,1081,no,5,20000
2025-05-23T17:03:51.596885,KXBTCD-25MAY2321-T106999.99,DELTA,55,1014,61,100,1082,yes,11,20000
2025-05-23T17:03:51.597021,KXBTCD-25MAY2321-T106999.99,DELTA,55,1014,61,100,1083,no,15,-1000
2025-05-23T17:03:51.636372,KXBTCD-25MAY2321-T106999.99,DELTA,55,1014,61,100,1084,no,5,1000
2025-05-23T17:03:51.637609,KXBTCD-25MAY2321-T106999.99,DELTA,55,1014,61,100,1085,no,5,2000
2025-05-23T17:03:52.257830,KXBTCD-25MAY2321-T106999.99,DELTA,55,1014,61,100,1086,yes,30,-200
2025-05-23T17:03:52.258136,KXBTCD-25MAY2321-T106999.99,DELTA,55,1014,61,100,1087,yes,40,200
2025-05-23T17:03:52.337308,KXBTCD-25MAY2321-T106999.99,DELTA,55,1014,61,100,1088,yes,31,-2000
2025-05-23T17:03:52.396744,KXBTCD-25MAY2321-T106999.99,DELTA,55,1014,61,100,1089,yes,41,2000
2025-05-23T17:03:52.575233,KXBTCD-25MAY2321-T106999.99,DELTA,55,1014,61,100,1090,yes,10,-3240
2025-05-23T17:03:52.575598,KXBTCD-25MAY2321-T106999.99,DELTA,55,1014,61,100,1091,yes,12,2700
2025-05-23T17:03:52.616109,KXBTCD-25MAY2321-T106999.99,DELTA,55,1014,61,100,1092,no,4,-8100
2025-05-23T17:03:52.616609,KXBTCD-25MAY2321-T106999.99,DELTA,55,1014,61,100,1093,no,6,5400
2025-05-23T17:03:52.657023,KXBTCD-25MAY2321-T106999.99,DELTA,55,1014,61,100,1094,yes,11,-20000
2025-05-23T17:03:52.676473,KXBTCD-25MAY2321-T106999.99,DELTA,55,1014,61,100,1095,no,5,-20000
2025-05-23T17:03:52.696630,KXBTCD-25MAY2321-T106999.99,DELTA,55,1014,61,100,1096,no,5,-2000
2025-05-23T17:03:52.697437,KXBTCD-25MAY2321-T106999.99,DELTA,55,1014,61,100,1097,no,5,-1000
2025-05-23T17:03:52.759699,KXBTCD-25MAY2321-T106999.99,DELTA,55,1014,61,100,1098,no,7,1000
2025-05-23T17:03:52.760591,KXBTCD-25MAY2321-T106999.99,DELTA,55,1014,61,100,1099,no,7,2000
2025-05-23T17:03:52.760864,KXBTCD-25MAY2321-T106999.99,DELTA,55,1014,61,100,1100,no,7,20000
2025-05-23T17:03:53.617634,KXBTCD-25MAY2321-T106999.99,DELTA,55,1014,61,100,1101,yes,12,-2700
2025-05-23T17:03:53.618283,KXBTCD-25MAY2321-T106999.99,DELTA,55,1014,61,100,1102,yes,6,5400
