timestamp,market_ticker,type,yes_bid_price_cents,yes_bid_qty,yes_ask_price_cents,yes_ask_qty_on_no_side,sequence_num,delta_side,delta_price_cents,delta_quantity
2025-05-22T19:00:31.468718,KXBTCD-25MAY2223-T112249.99,SNAPSHOT,,0,6,100,1,,,
2025-05-22T19:00:47.350150,KXBTCD-25MAY2223-T112249.99,DELTA,,0,6,100,2,no,2,20000
2025-05-22T19:00:47.350553,KXBTCD-25MAY2223-T112249.99,DELTA,,0,5,1000,3,no,95,1000
2025-05-22T19:00:47.350670,KXBTCD-25MAY2223-T112249.99,DELTA,,0,5,1000,4,no,82,3000
2025-05-22T19:00:47.368340,KXBTCD-25MAY2223-T112249.99,DELTA,,0,5,1000,5,no,57,8000
2025-05-22T19:00:47.368683,KXBTCD-25MAY2223-T112249.99,DELTA,,0,5,1000,6,no,3,80000
2025-05-22T19:00:47.647260,KXBTCD-25MAY2223-T112249.99,DELTA,,0,5,1000,7,no,61,-9
2025-05-22T19:00:48.308435,KXBTCD-25MAY2223-T112249.99,DELTA,,0,5,1000,8,no,61,2000
2025-05-22T19:00:50.588086,KXBTCD-25MAY2223-T112249.99,DELTA,,0,6,100,9,no,95,-1000
2025-05-22T19:00:50.607938,KXBTCD-25MAY2223-T112249.99,DELTA,,0,6,100,10,no,82,-3000
2025-05-22T19:00:50.608235,KXBTCD-25MAY2223-T112249.99,DELTA,,0,6,100,11,no,57,-8000
2025-05-22T19:00:50.666708,KXBTCD-25MAY2223-T112249.99,DELTA,,0,6,1100,12,no,94,1000
2025-05-22T19:00:50.667004,KXBTCD-25MAY2223-T112249.99,DELTA,,0,6,1100,13,no,56,8000
2025-05-22T19:00:50.667093,KXBTCD-25MAY2223-T112249.99,DELTA,,0,6,1100,14,no,81,3000
2025-05-22T19:00:50.728385,KXBTCD-25MAY2223-T112249.99,DELTA,,0,6,1100,15,no,83,9
2025-05-22T19:00:52.267985,KXBTCD-25MAY2223-T112249.99,DELTA,,0,6,1100,16,no,1,-32400
2025-05-22T19:00:52.268311,KXBTCD-25MAY2223-T112249.99,DELTA,,0,6,1100,17,no,4,8100
2025-05-22T19:00:52.329146,KXBTCD-25MAY2223-T112249.99,DELTA,,0,6,1100,18,no,2,-20000
2025-05-22T19:00:52.369313,KXBTCD-25MAY2223-T112249.99,DELTA,,0,6,1100,19,no,83,-9
2025-05-22T19:00:52.567089,KXBTCD-25MAY2223-T112249.99,DELTA,,0,6,1100,20,no,5,20000
2025-05-22T19:01:01.387881,KXBTCD-25MAY2223-T112249.99,DELTA,,0,6,100,21,no,94,-1000
2025-05-22T19:01:01.448767,KXBTCD-25MAY2223-T112249.99,DELTA,,0,5,1000,22,no,95,1000
2025-05-22T19:01:01.508744,KXBTCD-25MAY2223-T112249.99,DELTA,,0,5,1000,23,no,82,9
2025-05-22T19:01:01.764725,KXBTCD-25MAY2223-T112249.99,DELTA,,0,6,100,24,no,95,-1000
2025-05-22T19:01:01.787474,KXBTCD-25MAY2223-T112249.99,DELTA,,0,6,1100,25,no,94,1000
2025-05-22T19:01:06.589640,KXBTCD-25MAY2223-T112249.99,DELTA,,0,6,1100,26,no,4,-8100
2025-05-22T19:01:06.590462,KXBTCD-25MAY2223-T112249.99,DELTA,,0,6,1100,27,no,6,5400
2025-05-22T19:01:06.648165,KXBTCD-25MAY2223-T112249.99,DELTA,,0,6,1100,28,no,5,-20000
2025-05-22T19:01:06.688860,KXBTCD-25MAY2223-T112249.99,DELTA,,0,6,1100,29,no,7,20000
2025-05-22T19:01:06.689292,KXBTCD-25MAY2223-T112249.99,DELTA,,0,6,1100,30,no,82,-9
2025-05-22T19:01:07.740672,KXBTCD-25MAY2223-T112249.99,DELTA,,0,6,100,31,no,94,-1000
2025-05-22T19:01:07.746753,KXBTCD-25MAY2223-T112249.99,DELTA,,0,5,1000,32,no,95,1000
2025-05-22T19:01:07.827829,KXBTCD-25MAY2223-T112249.99,DELTA,,0,5,1000,33,no,82,9
2025-05-22T19:01:18.547609,KXBTCD-25MAY2223-T112249.99,DELTA,,0,5,1000,34,no,6,-5400
2025-05-22T19:01:18.547936,KXBTCD-25MAY2223-T112249.99,DELTA,,0,5,1000,35,no,8,4050
2025-05-22T19:01:18.608374,KXBTCD-25MAY2223-T112249.99,DELTA,,0,5,1000,36,no,7,-20000
2025-05-22T19:01:18.647169,KXBTCD-25MAY2223-T112249.99,DELTA,,0,5,1000,37,no,9,20000
2025-05-22T19:01:18.666606,KXBTCD-25MAY2223-T112249.99,DELTA,,0,5,1000,38,no,82,-9
2025-05-22T19:01:31.089466,KXBTCD-25MAY2223-T112249.99,DELTA,,0,5,1000,39,no,8,-4050
2025-05-22T19:01:31.090303,KXBTCD-25MAY2223-T112249.99,DELTA,,0,5,1000,40,no,10,3240
2025-05-22T19:01:31.188991,KXBTCD-25MAY2223-T112249.99,DELTA,,0,5,1000,41,no,9,-20000
2025-05-22T19:01:31.247342,KXBTCD-25MAY2223-T112249.99,DELTA,,0,5,1000,42,no,11,20000
2025-05-22T19:01:32.027073,KXBTCD-25MAY2223-T112249.99,DELTA,,0,6,100,43,no,95,-1000
2025-05-22T19:01:32.066612,KXBTCD-25MAY2223-T112249.99,DELTA,,0,6,1100,44,no,94,1000
2025-05-22T19:01:32.147531,KXBTCD-25MAY2223-T112249.99,DELTA,,0,6,1100,45,no,82,9
2025-05-22T19:01:32.527676,KXBTCD-25MAY2223-T112249.99,DELTA,,0,6,100,46,no,94,-1000
2025-05-22T19:01:32.568171,KXBTCD-25MAY2223-T112249.99,DELTA,,0,5,1000,47,no,95,1000
2025-05-22T19:01:34.740123,KXBTCD-25MAY2223-T112249.99,DELTA,,0,6,100,48,no,95,-1000
2025-05-22T19:01:34.770853,KXBTCD-25MAY2223-T112249.99,DELTA,,0,6,1100,49,no,94,1000
2025-05-22T19:01:38.648611,KXBTCD-25MAY2223-T112249.99,DELTA,,0,6,100,50,no,94,-1000
2025-05-22T19:01:38.727087,KXBTCD-25MAY2223-T112249.99,DELTA,,0,5,1000,51,no,95,1000
2025-05-22T19:01:44.608937,KXBTCD-25MAY2223-T112249.99,DELTA,,0,5,1000,52,no,10,-3240
2025-05-22T19:01:44.609531,KXBTCD-25MAY2223-T112249.99,DELTA,,0,5,1000,53,no,12,2700
2025-05-22T19:01:44.668546,KXBTCD-25MAY2223-T112249.99,DELTA,,0,5,1000,54,no,11,-20000
2025-05-22T19:01:44.769801,KXBTCD-25MAY2223-T112249.99,DELTA,,0,5,1000,55,no,82,-9
2025-05-22T19:01:57.848635,KXBTCD-25MAY2223-T112249.99,DELTA,,0,5,1000,56,no,12,-2700
2025-05-22T19:01:57.849634,KXBTCD-25MAY2223-T112249.99,DELTA,,0,5,1000,57,no,4,8100
2025-05-22T19:01:57.908954,KXBTCD-25MAY2223-T112249.99,DELTA,,0,5,1000,58,no,5,20000
2025-05-22T19:02:10.888885,KXBTCD-25MAY2223-T112249.99,DELTA,,0,5,1000,59,no,4,-8100
2025-05-22T19:02:10.889959,KXBTCD-25MAY2223-T112249.99,DELTA,,0,5,1000,60,no,6,5400
2025-05-22T19:02:10.946345,KXBTCD-25MAY2223-T112249.99,DELTA,,0,5,1000,61,no,5,-20000
2025-05-22T19:02:10.986364,KXBTCD-25MAY2223-T112249.99,DELTA,,0,5,1000,62,no,7,20000
2025-05-22T19:02:23.826648,KXBTCD-25MAY2223-T112249.99,DELTA,,0,5,1000,63,no,6,-5400
2025-05-22T19:02:23.827168,KXBTCD-25MAY2223-T112249.99,DELTA,,0,5,1000,64,no,8,4050
2025-05-22T19:02:23.888207,KXBTCD-25MAY2223-T112249.99,DELTA,,0,5,1000,65,no,7,-20000
2025-05-22T19:02:23.928200,KXBTCD-25MAY2223-T112249.99,DELTA,,0,5,1000,66,no,9,20000
2025-05-22T19:02:36.567288,KXBTCD-25MAY2223-T112249.99,DELTA,,0,5,1000,67,no,8,-4050
2025-05-22T19:02:36.568276,KXBTCD-25MAY2223-T112249.99,DELTA,,0,5,1000,68,no,10,3240
2025-05-22T19:02:36.629160,KXBTCD-25MAY2223-T112249.99,DELTA,,0,5,1000,69,no,9,-20000
2025-05-22T19:02:36.667861,KXBTCD-25MAY2223-T112249.99,DELTA,,0,5,1000,70,no,11,20000
2025-05-22T19:02:48.787703,KXBTCD-25MAY2223-T112249.99,DELTA,,0,5,1000,71,no,10,-3240
2025-05-22T19:02:48.788442,KXBTCD-25MAY2223-T112249.99,DELTA,,0,5,1000,72,no,12,2700
2025-05-22T19:02:48.850059,KXBTCD-25MAY2223-T112249.99,DELTA,,0,5,1000,73,no,11,-20000
2025-05-22T19:02:59.906639,KXBTCD-25MAY2223-T112249.99,DELTA,,0,5,1000,74,no,12,-2700
2025-05-22T19:02:59.907605,KXBTCD-25MAY2223-T112249.99,DELTA,,0,5,1000,75,no,4,8100
2025-05-22T19:02:59.966482,KXBTCD-25MAY2223-T112249.99,DELTA,,0,5,1000,76,no,5,20000
2025-05-22T19:03:13.365709,KXBTCD-25MAY2223-T112249.99,DELTA,,0,5,1000,77,no,4,-8100
2025-05-22T19:03:13.367759,KXBTCD-25MAY2223-T112249.99,DELTA,,0,5,1000,78,no,6,5400
2025-05-22T19:03:13.426808,KXBTCD-25MAY2223-T112249.99,DELTA,,0,5,1000,79,no,5,-20000
2025-05-22T19:03:13.467642,KXBTCD-25MAY2223-T112249.99,DELTA,,0,5,1000,80,no,7,20000
2025-05-22T19:03:14.106504,KXBTCD-25MAY2223-T112249.99,DELTA,,0,5,1000,81,no,6,-5400
2025-05-22T19:03:14.166261,KXBTCD-25MAY2223-T112249.99,DELTA,,0,5,1000,82,no,7,-20000
2025-05-22T19:03:27.607597,KXBTCD-25MAY2223-T112249.99,DELTA,,0,5,1000,83,no,4,8100
2025-05-22T19:03:27.665740,KXBTCD-25MAY2223-T112249.99,DELTA,,0,5,1000,84,no,5,20000
2025-05-22T19:03:38.546384,KXBTCD-25MAY2223-T112249.99,DELTA,,0,5,1000,85,no,4,-8100
2025-05-22T19:03:38.547706,KXBTCD-25MAY2223-T112249.99,DELTA,,0,5,1000,86,no,6,5400
2025-05-22T19:03:38.607548,KXBTCD-25MAY2223-T112249.99,DELTA,,0,5,1000,87,no,5,-20000
2025-05-22T19:03:38.646763,KXBTCD-25MAY2223-T112249.99,DELTA,,0,5,1000,88,no,7,20000
2025-05-22T19:03:42.386241,KXBTCD-25MAY2223-T112249.99,DELTA,,0,6,100,89,no,95,-1000
2025-05-22T19:03:42.444734,KXBTCD-25MAY2223-T112249.99,DELTA,,0,6,1100,90,no,94,1000
2025-05-22T19:03:42.566317,KXBTCD-25MAY2223-T112249.99,DELTA,,0,6,1100,91,no,82,9
2025-05-22T19:03:46.972483,KXBTCD-25MAY2223-T112249.99,DELTA,,0,6,1000,92,no,94,-100
2025-05-22T19:03:46.973709,KXBTCD-25MAY2223-T112249.99,DELTA,,0,18,9,93,no,94,-1000
2025-05-22T19:03:47.006872,KXBTCD-25MAY2223-T112249.99,DELTA,,0,18,9,94,no,61,1000
2025-05-22T19:03:47.007218,KXBTCD-25MAY2223-T112249.99,DELTA,,0,19,3000,95,no,82,-9
2025-05-22T19:03:50.406543,KXBTCD-25MAY2223-T112249.99,DELTA,,0,19,3000,96,no,6,-5400
2025-05-22T19:03:50.407985,KXBTCD-25MAY2223-T112249.99,DELTA,,0,19,3000,97,no,8,4050
2025-05-22T19:03:50.466402,KXBTCD-25MAY2223-T112249.99,DELTA,,0,19,3000,98,no,7,-20000
2025-05-22T19:03:50.505520,KXBTCD-25MAY2223-T112249.99,DELTA,,0,19,3000,99,no,9,20000
2025-05-22T19:04:01.425962,KXBTCD-25MAY2223-T112249.99,DELTA,,0,7,100,100,no,93,100
2025-05-22T19:04:01.486147,KXBTCD-25MAY2223-T112249.99,DELTA,,0,7,100,101,no,61,-1000
2025-05-22T19:04:01.526170,KXBTCD-25MAY2223-T112249.99,DELTA,,0,6,1000,102,no,94,1000
2025-05-22T19:04:01.565659,KXBTCD-25MAY2223-T112249.99,DELTA,,0,6,1000,103,no,82,9
2025-05-22T19:04:02.566100,KXBTCD-25MAY2223-T112249.99,DELTA,,0,6,1000,104,no,8,-4050
2025-05-22T19:04:02.566650,KXBTCD-25MAY2223-T112249.99,DELTA,,0,6,1000,105,no,10,3240
2025-05-22T19:04:02.624750,KXBTCD-25MAY2223-T112249.99,DELTA,,0,6,1000,106,no,9,-20000
2025-05-22T19:04:02.665658,KXBTCD-25MAY2223-T112249.99,DELTA,,0,6,1000,107,no,11,20000
2025-05-22T19:04:02.685931,KXBTCD-25MAY2223-T112249.99,DELTA,,0,6,1000,108,no,82,-9
2025-05-22T19:04:16.565678,KXBTCD-25MAY2223-T112249.99,DELTA,,0,6,1000,109,no,10,-3240
2025-05-22T19:04:16.566736,KXBTCD-25MAY2223-T112249.99,DELTA,,0,6,1000,110,no,12,2700
2025-05-22T19:04:16.644357,KXBTCD-25MAY2223-T112249.99,DELTA,,0,6,1000,111,no,11,-20000
2025-05-22T19:04:22.105579,KXBTCD-25MAY2223-T112249.99,DELTA,,0,7,100,112,no,94,-1000
2025-05-22T19:04:22.165936,KXBTCD-25MAY2223-T112249.99,DELTA,,0,7,1100,113,no,93,1000
2025-05-22T19:04:22.225173,KXBTCD-25MAY2223-T112249.99,DELTA,,0,7,1100,114,no,82,9
2025-05-22T19:04:22.724701,KXBTCD-25MAY2223-T112249.99,DELTA,,0,7,100,115,no,93,-1000
2025-05-22T19:04:22.766658,KXBTCD-25MAY2223-T112249.99,DELTA,,0,6,1000,116,no,94,1000
2025-05-22T19:04:24.845738,KXBTCD-25MAY2223-T112249.99,DELTA,,0,7,100,117,no,94,-1000
2025-05-22T19:04:24.864696,KXBTCD-25MAY2223-T112249.99,DELTA,,0,7,100,118,no,81,-3000
2025-05-22T19:04:24.865338,KXBTCD-25MAY2223-T112249.99,DELTA,,0,7,100,119,no,56,-8000
2025-05-22T19:04:24.927218,KXBTCD-25MAY2223-T112249.99,DELTA,,0,7,100,120,no,55,8000
2025-05-22T19:04:24.927765,KXBTCD-25MAY2223-T112249.99,DELTA,,0,7,1100,121,no,93,1000
2025-05-22T19:04:24.928105,KXBTCD-25MAY2223-T112249.99,DELTA,,0,7,1100,122,no,80,3000
2025-05-22T19:04:30.167533,KXBTCD-25MAY2223-T112249.99,DELTA,,0,7,1100,123,no,12,-2700
2025-05-22T19:04:30.168487,KXBTCD-25MAY2223-T112249.99,DELTA,,0,7,1100,124,no,4,8100
2025-05-22T19:04:30.225743,KXBTCD-25MAY2223-T112249.99,DELTA,,0,7,1100,125,no,5,20000
2025-05-22T19:04:30.288403,KXBTCD-25MAY2223-T112249.99,DELTA,,0,7,1100,126,no,82,-9
2025-05-22T19:04:43.533340,KXBTCD-25MAY2223-T112249.99,DELTA,,0,7,1100,127,no,4,-8100
2025-05-22T19:04:43.533769,KXBTCD-25MAY2223-T112249.99,DELTA,,0,7,1100,128,no,6,5400
2025-05-22T19:04:43.584539,KXBTCD-25MAY2223-T112249.99,DELTA,,0,7,1100,129,no,5,-20000
2025-05-22T19:04:43.624809,KXBTCD-25MAY2223-T112249.99,DELTA,,0,7,1100,130,no,7,20000
2025-05-22T19:04:57.625255,KXBTCD-25MAY2223-T112249.99,DELTA,,0,7,1100,131,no,6,-5400
2025-05-22T19:04:57.626415,KXBTCD-25MAY2223-T112249.99,DELTA,,0,7,1100,132,no,8,4050
2025-05-22T19:04:57.684934,KXBTCD-25MAY2223-T112249.99,DELTA,,0,7,1100,133,no,7,-20000
2025-05-22T19:04:57.725140,KXBTCD-25MAY2223-T112249.99,DELTA,,0,7,1100,134,no,9,20000
2025-05-22T19:05:13.244711,KXBTCD-25MAY2223-T112249.99,DELTA,,0,7,1100,135,no,8,-4050
2025-05-22T19:05:13.245903,KXBTCD-25MAY2223-T112249.99,DELTA,,0,7,1100,136,no,10,3240
2025-05-22T19:05:13.622363,KXBTCD-25MAY2223-T112249.99,DELTA,,0,7,1100,137,no,9,-20000
2025-05-22T19:05:13.644880,KXBTCD-25MAY2223-T112249.99,DELTA,,0,7,1100,138,no,11,20000
2025-05-22T19:05:26.464899,KXBTCD-25MAY2223-T112249.99,DELTA,,0,7,1100,139,no,10,-3240
2025-05-22T19:05:26.465886,KXBTCD-25MAY2223-T112249.99,DELTA,,0,7,1100,140,no,12,2700
2025-05-22T19:05:26.524646,KXBTCD-25MAY2223-T112249.99,DELTA,,0,7,1100,141,no,11,-20000
2025-05-22T19:05:39.823870,KXBTCD-25MAY2223-T112249.99,DELTA,,0,7,1100,142,no,12,-2700
2025-05-22T19:05:39.824515,KXBTCD-25MAY2223-T112249.99,DELTA,,0,7,1100,143,no,4,8100
2025-05-22T19:05:39.885273,KXBTCD-25MAY2223-T112249.99,DELTA,,0,7,1100,144,no,5,20000
2025-05-22T19:05:40.145440,KXBTCD-25MAY2223-T112249.99,DELTA,,0,7,100,145,no,93,-1000
2025-05-22T19:05:40.205102,KXBTCD-25MAY2223-T112249.99,DELTA,,0,6,1000,146,no,94,1000
2025-05-22T19:05:41.565199,KXBTCD-25MAY2223-T112249.99,DELTA,,0,7,100,147,no,94,-1000
2025-05-22T19:05:41.604767,KXBTCD-25MAY2223-T112249.99,DELTA,,0,7,1100,148,no,93,1000
2025-05-22T19:05:41.681789,KXBTCD-25MAY2223-T112249.99,DELTA,,0,7,1100,149,no,81,9
2025-05-22T19:05:43.005457,KXBTCD-25MAY2223-T112249.99,DELTA,,0,7,100,150,no,93,-1000
2025-05-22T19:05:43.044765,KXBTCD-25MAY2223-T112249.99,DELTA,,0,6,1000,151,no,94,1000
2025-05-22T19:05:43.747931,KXBTCD-25MAY2223-T112249.99,DELTA,,0,7,100,152,no,94,-1000
2025-05-22T19:05:43.804108,KXBTCD-25MAY2223-T112249.99,DELTA,,0,7,1100,153,no,93,1000
2025-05-22T19:05:43.906168,KXBTCD-25MAY2223-T112249.99,DELTA,,0,7,1100,154,no,81,-9
2025-05-22T19:05:44.184521,KXBTCD-25MAY2223-T112249.99,DELTA,,0,7,100,155,no,93,-1000
2025-05-22T19:05:44.226090,KXBTCD-25MAY2223-T112249.99,DELTA,,0,6,1000,156,no,94,1000
2025-05-22T19:05:44.584967,KXBTCD-25MAY2223-T112249.99,DELTA,,0,7,100,157,no,94,-1000
2025-05-22T19:05:44.644217,KXBTCD-25MAY2223-T112249.99,DELTA,,0,7,1100,158,no,93,1000
2025-05-22T19:05:44.685480,KXBTCD-25MAY2223-T112249.99,DELTA,,0,7,1100,159,no,81,9
2025-05-22T19:05:48.725564,KXBTCD-25MAY2223-T112249.99,DELTA,,0,7,1000,160,no,93,-100
2025-05-22T19:05:48.728072,KXBTCD-25MAY2223-T112249.99,DELTA,,0,19,9,161,no,93,-1000
2025-05-22T19:05:48.765397,KXBTCD-25MAY2223-T112249.99,DELTA,,0,20,3000,162,no,81,-9
2025-05-22T19:05:48.765815,KXBTCD-25MAY2223-T112249.99,DELTA,,0,20,3000,163,no,61,1000
2025-05-22T19:05:50.226782,KXBTCD-25MAY2223-T112249.99,DELTA,,0,6,100,164,no,94,100
2025-05-22T19:05:50.343653,KXBTCD-25MAY2223-T112249.99,DELTA,,0,6,100,165,no,81,9
2025-05-22T19:05:51.864991,KXBTCD-25MAY2223-T112249.99,DELTA,,0,6,100,166,no,4,-8100
2025-05-22T19:05:51.865504,KXBTCD-25MAY2223-T112249.99,DELTA,,0,6,100,167,no,6,5400
2025-05-22T19:05:51.923728,KXBTCD-25MAY2223-T112249.99,DELTA,,0,6,100,168,no,5,-20000
2025-05-22T19:05:51.965390,KXBTCD-25MAY2223-T112249.99,DELTA,,0,6,100,169,no,7,20000
2025-05-22T19:05:54.849382,KXBTCD-25MAY2223-T112249.99,DELTA,,0,6,100,170,no,61,-1000
2025-05-22T19:05:54.905711,KXBTCD-25MAY2223-T112249.99,DELTA,,0,6,1100,171,no,94,1000
2025-05-22T19:06:05.104974,KXBTCD-25MAY2223-T112249.99,DELTA,,0,6,1100,172,no,6,-5400
2025-05-22T19:06:05.106086,KXBTCD-25MAY2223-T112249.99,DELTA,,0,6,1100,173,no,8,4050
2025-05-22T19:06:05.183240,KXBTCD-25MAY2223-T112249.99,DELTA,,0,6,1100,174,no,7,-20000
2025-05-22T19:06:05.222844,KXBTCD-25MAY2223-T112249.99,DELTA,,0,6,1100,175,no,81,-9
2025-05-22T19:06:05.223593,KXBTCD-25MAY2223-T112249.99,DELTA,,0,6,1100,176,no,9,20000
2025-05-22T19:06:10.304940,KXBTCD-25MAY2223-T112249.99,DELTA,,0,6,100,177,no,94,-1000
2025-05-22T19:06:10.343711,KXBTCD-25MAY2223-T112249.99,DELTA,,0,6,100,178,no,61,1000
2025-05-22T19:06:10.426451,KXBTCD-25MAY2223-T112249.99,DELTA,,0,6,100,179,no,81,9
2025-05-22T19:06:10.504964,KXBTCD-25MAY2223-T112249.99,DELTA,,0,6,100,180,no,61,-1000
2025-05-22T19:06:10.564389,KXBTCD-25MAY2223-T112249.99,DELTA,,0,6,1100,181,no,94,1000
2025-05-22T19:06:18.116314,KXBTCD-25MAY2223-T112249.99,DELTA,,0,6,1100,182,no,8,-4050
2025-05-22T19:06:18.117689,KXBTCD-25MAY2223-T112249.99,DELTA,,0,6,1100,183,no,10,3240
2025-05-22T19:06:18.118477,KXBTCD-25MAY2223-T112249.99,DELTA,,0,6,1100,184,no,9,-20000
2025-05-22T19:06:18.123284,KXBTCD-25MAY2223-T112249.99,DELTA,,0,6,1100,185,no,11,20000
2025-05-22T19:06:18.144161,KXBTCD-25MAY2223-T112249.99,DELTA,,0,6,1100,186,no,81,-9
2025-05-22T19:06:18.934462,KXBTCD-25MAY2223-T112249.99,DELTA,,0,6,100,187,no,94,-1000
2025-05-22T19:06:18.935464,KXBTCD-25MAY2223-T112249.99,DELTA,,0,5,1000,188,no,95,1000
2025-05-22T19:06:18.983580,KXBTCD-25MAY2223-T112249.99,DELTA,,0,5,1000,189,no,81,9
2025-05-22T19:06:25.163665,KXBTCD-25MAY2223-T112249.99,DELTA,,0,6,100,190,no,95,-1000
2025-05-22T19:06:25.223500,KXBTCD-25MAY2223-T112249.99,DELTA,,0,6,1100,191,no,94,1000
2025-05-22T19:06:26.925852,KXBTCD-25MAY2223-T112249.99,DELTA,,0,6,100,192,no,94,-1000
2025-05-22T19:06:26.985013,KXBTCD-25MAY2223-T112249.99,DELTA,,0,5,1000,193,no,95,1000
2025-05-22T19:06:27.064134,KXBTCD-25MAY2223-T112249.99,DELTA,,0,5,1000,194,no,10,-3240
2025-05-22T19:06:27.142449,KXBTCD-25MAY2223-T112249.99,DELTA,,0,5,1000,195,no,11,-20000
2025-05-22T19:06:27.647616,KXBTCD-25MAY2223-T112249.99,DELTA,,0,6,100,196,no,95,-1000
2025-05-22T19:06:27.685493,KXBTCD-25MAY2223-T112249.99,DELTA,,0,6,1100,197,no,94,1000
2025-05-22T19:06:27.783913,KXBTCD-25MAY2223-T112249.99,DELTA,,0,6,1100,198,no,81,-9
2025-05-22T19:06:37.563733,KXBTCD-25MAY2223-T112249.99,DELTA,,0,6,100,199,no,94,-1000
2025-05-22T19:06:37.603265,KXBTCD-25MAY2223-T112249.99,DELTA,,0,5,1000,200,no,95,1000
2025-05-22T19:06:37.664594,KXBTCD-25MAY2223-T112249.99,DELTA,,0,5,1000,201,no,81,9
2025-05-22T19:06:44.883522,KXBTCD-25MAY2223-T112249.99,DELTA,,0,5,1000,202,no,4,8100
2025-05-22T19:06:44.963751,KXBTCD-25MAY2223-T112249.99,DELTA,,0,5,1000,203,no,5,20000
2025-05-22T19:06:44.983666,KXBTCD-25MAY2223-T112249.99,DELTA,,0,5,1000,204,no,81,-9
2025-05-22T19:06:54.705083,KXBTCD-25MAY2223-T112249.99,DELTA,,0,6,100,205,no,95,-1000
2025-05-22T19:06:54.744134,KXBTCD-25MAY2223-T112249.99,DELTA,,0,6,1100,206,no,94,1000
2025-05-22T19:06:54.803610,KXBTCD-25MAY2223-T112249.99,DELTA,,0,6,1100,207,no,81,9
2025-05-22T19:06:59.283915,KXBTCD-25MAY2223-T112249.99,DELTA,,0,6,1100,208,no,4,-8100
2025-05-22T19:06:59.284975,KXBTCD-25MAY2223-T112249.99,DELTA,,0,6,1100,209,no,6,5400
2025-05-22T19:06:59.402419,KXBTCD-25MAY2223-T112249.99,DELTA,,0,6,1100,210,no,5,-20000
2025-05-22T19:06:59.404054,KXBTCD-25MAY2223-T112249.99,DELTA,,0,6,1100,211,no,81,-9
2025-05-22T19:06:59.404859,KXBTCD-25MAY2223-T112249.99,DELTA,,0,6,1100,212,no,7,20000
2025-05-22T19:07:00.611510,KXBTCD-25MAY2223-T112249.99,DELTA,,0,6,100,213,no,94,-1000
2025-05-22T19:07:00.612399,KXBTCD-25MAY2223-T112249.99,DELTA,,0,5,1000,214,no,95,1000
2025-05-22T19:07:00.705214,KXBTCD-25MAY2223-T112249.99,DELTA,,0,5,1000,215,no,81,9
2025-05-22T19:07:05.824454,KXBTCD-25MAY2223-T112249.99,DELTA,,0,6,100,216,no,95,-1000
2025-05-22T19:07:05.924520,KXBTCD-25MAY2223-T112249.99,DELTA,,0,6,1100,217,no,94,1000
2025-05-22T19:07:12.462988,KXBTCD-25MAY2223-T112249.99,DELTA,,0,6,1100,218,no,6,-5400
2025-05-22T19:07:12.463227,KXBTCD-25MAY2223-T112249.99,DELTA,,0,6,1100,219,no,8,4050
2025-05-22T19:07:12.523731,KXBTCD-25MAY2223-T112249.99,DELTA,,0,6,1100,220,no,7,-20000
2025-05-22T19:07:12.561397,KXBTCD-25MAY2223-T112249.99,DELTA,,0,6,1100,221,no,9,20000
2025-05-22T19:07:12.582714,KXBTCD-25MAY2223-T112249.99,DELTA,,0,6,1100,222,no,81,-9
2025-05-22T19:07:15.842909,KXBTCD-25MAY2223-T112249.99,DELTA,,0,6,100,223,no,94,-1000
2025-05-22T19:07:15.943348,KXBTCD-25MAY2223-T112249.99,DELTA,,0,5,1000,224,no,95,1000
2025-05-22T19:07:15.962634,KXBTCD-25MAY2223-T112249.99,DELTA,,0,5,1000,225,no,81,9
2025-05-22T19:07:25.302800,KXBTCD-25MAY2223-T112249.99,DELTA,,0,5,1000,226,no,8,-4050
2025-05-22T19:07:25.303859,KXBTCD-25MAY2223-T112249.99,DELTA,,0,5,1000,227,no,10,3240
2025-05-22T19:07:25.392498,KXBTCD-25MAY2223-T112249.99,DELTA,,0,5,1000,228,no,9,-20000
2025-05-22T19:07:25.402948,KXBTCD-25MAY2223-T112249.99,DELTA,,0,5,1000,229,no,81,-9
2025-05-22T19:07:25.425118,KXBTCD-25MAY2223-T112249.99,DELTA,,0,5,1000,230,no,11,20000
2025-05-22T19:07:28.243438,KXBTCD-25MAY2223-T112249.99,DELTA,,0,6,100,231,no,95,-1000
2025-05-22T19:07:28.302352,KXBTCD-25MAY2223-T112249.99,DELTA,,0,6,1100,232,no,94,1000
2025-05-22T19:07:28.344537,KXBTCD-25MAY2223-T112249.99,DELTA,,0,6,1100,233,no,81,9
2025-05-22T19:07:34.105053,KXBTCD-25MAY2223-T112249.99,DELTA,,0,6,100,234,no,94,-1000
2025-05-22T19:07:34.154740,KXBTCD-25MAY2223-T112249.99,DELTA,,0,5,1000,235,no,95,1000
2025-05-22T19:07:36.065788,KXBTCD-25MAY2223-T112249.99,DELTA,,0,6,100,236,no,95,-1000
2025-05-22T19:07:36.124864,KXBTCD-25MAY2223-T112249.99,DELTA,,0,6,1100,237,no,94,1000
2025-05-22T19:07:38.242348,KXBTCD-25MAY2223-T112249.99,DELTA,,0,6,1100,238,no,10,-3240
2025-05-22T19:07:38.243586,KXBTCD-25MAY2223-T112249.99,DELTA,,0,6,1100,239,no,12,2700
2025-05-22T19:07:38.301245,KXBTCD-25MAY2223-T112249.99,DELTA,,0,6,1100,240,no,11,-20000
2025-05-22T19:07:38.363043,KXBTCD-25MAY2223-T112249.99,DELTA,,0,6,1100,241,no,81,-9
2025-05-22T19:07:49.902651,KXBTCD-25MAY2223-T112249.99,DELTA,,0,6,1100,242,no,12,-2700
2025-05-22T19:07:49.903818,KXBTCD-25MAY2223-T112249.99,DELTA,,0,6,1100,243,no,4,8100
2025-05-22T19:07:49.963086,KXBTCD-25MAY2223-T112249.99,DELTA,,0,6,1100,244,no,5,20000
2025-05-22T19:07:54.843134,KXBTCD-25MAY2223-T112249.99,DELTA,,0,6,100,245,no,94,-1000
2025-05-22T19:07:54.882258,KXBTCD-25MAY2223-T112249.99,DELTA,,0,5,1000,246,no,95,1000
2025-05-22T19:07:54.943594,KXBTCD-25MAY2223-T112249.99,DELTA,,0,5,1000,247,no,81,9
2025-05-22T19:08:02.865037,KXBTCD-25MAY2223-T112249.99,DELTA,,0,5,1000,248,no,4,-8100
2025-05-22T19:08:02.866160,KXBTCD-25MAY2223-T112249.99,DELTA,,0,5,1000,249,no,6,5400
2025-05-22T19:08:02.922808,KXBTCD-25MAY2223-T112249.99,DELTA,,0,5,1000,250,no,5,-20000
2025-05-22T19:08:02.962257,KXBTCD-25MAY2223-T112249.99,DELTA,,0,5,1000,251,no,7,20000
2025-05-22T19:08:02.982213,KXBTCD-25MAY2223-T112249.99,DELTA,,0,5,1000,252,no,81,-9
2025-05-22T19:08:15.923074,KXBTCD-25MAY2223-T112249.99,DELTA,,0,5,1000,253,no,6,-5400
2025-05-22T19:08:15.924220,KXBTCD-25MAY2223-T112249.99,DELTA,,0,5,1000,254,no,8,4050
2025-05-22T19:08:16.042422,KXBTCD-25MAY2223-T112249.99,DELTA,,0,5,1000,255,no,7,-20000
2025-05-22T19:08:16.082544,KXBTCD-25MAY2223-T112249.99,DELTA,,0,5,1000,256,no,9,20000
2025-05-22T19:08:29.062975,KXBTCD-25MAY2223-T112249.99,DELTA,,0,5,1000,257,no,8,-4050
2025-05-22T19:08:29.063925,KXBTCD-25MAY2223-T112249.99,DELTA,,0,5,1000,258,no,10,3240
2025-05-22T19:08:29.142818,KXBTCD-25MAY2223-T112249.99,DELTA,,0,5,1000,259,no,9,-20000
2025-05-22T19:08:29.184203,KXBTCD-25MAY2223-T112249.99,DELTA,,0,5,1000,260,no,11,20000
2025-05-22T19:08:34.283270,KXBTCD-25MAY2223-T112249.99,DELTA,,0,6,100,261,no,95,-1000
2025-05-22T19:08:34.323410,KXBTCD-25MAY2223-T112249.99,DELTA,,0,6,1100,262,no,94,1000
2025-05-22T19:08:34.402057,KXBTCD-25MAY2223-T112249.99,DELTA,,0,6,1100,263,no,81,9
2025-05-22T19:08:34.581979,KXBTCD-25MAY2223-T112249.99,DELTA,,0,6,100,264,no,94,-1000
2025-05-22T19:08:34.621940,KXBTCD-25MAY2223-T112249.99,DELTA,,0,6,1100,265,no,94,1000
2025-05-22T19:08:36.983523,KXBTCD-25MAY2223-T112249.99,DELTA,,0,6,100,266,no,94,-1000
2025-05-22T19:08:37.023951,KXBTCD-25MAY2223-T112249.99,DELTA,,0,5,1000,267,no,95,1000
2025-05-22T19:08:40.662511,KXBTCD-25MAY2223-T112249.99,DELTA,,0,5,1000,268,no,10,-3240
2025-05-22T19:08:40.663628,KXBTCD-25MAY2223-T112249.99,DELTA,,0,5,1000,269,no,12,2700
2025-05-22T19:08:40.722335,KXBTCD-25MAY2223-T112249.99,DELTA,,0,5,1000,270,no,11,-20000
2025-05-22T19:08:40.783595,KXBTCD-25MAY2223-T112249.99,DELTA,,0,5,1000,271,no,81,-9
2025-05-22T19:08:52.265954,KXBTCD-25MAY2223-T112249.99,DELTA,,0,5,1000,272,no,12,-2700
2025-05-22T19:08:52.267456,KXBTCD-25MAY2223-T112249.99,DELTA,,0,5,1000,273,no,4,8100
2025-05-22T19:08:52.329421,KXBTCD-25MAY2223-T112249.99,DELTA,,0,5,1000,274,no,5,20000
2025-05-22T19:09:01.862318,KXBTCD-25MAY2223-T112249.99,DELTA,,0,6,100,275,no,95,-1000
2025-05-22T19:09:01.983074,KXBTCD-25MAY2223-T112249.99,DELTA,,0,6,1100,276,no,94,1000
2025-05-22T19:09:01.983640,KXBTCD-25MAY2223-T112249.99,DELTA,,0,6,1100,277,no,81,9
2025-05-22T19:09:03.242457,KXBTCD-25MAY2223-T112249.99,DELTA,,0,6,100,278,no,94,-1000
2025-05-22T19:09:03.383110,KXBTCD-25MAY2223-T112249.99,DELTA,,0,5,1000,279,no,95,1000
2025-05-22T19:09:03.701463,KXBTCD-25MAY2223-T112249.99,DELTA,,0,5,1000,280,no,4,-8100
2025-05-22T19:09:03.702162,KXBTCD-25MAY2223-T112249.99,DELTA,,0,5,1000,281,no,6,5400
2025-05-22T19:09:03.763677,KXBTCD-25MAY2223-T112249.99,DELTA,,0,5,1000,282,no,5,-20000
2025-05-22T19:09:03.803726,KXBTCD-25MAY2223-T112249.99,DELTA,,0,5,1000,283,no,7,20000
2025-05-22T19:09:08.683119,KXBTCD-25MAY2223-T112249.99,DELTA,,0,6,100,284,no,95,-1000
2025-05-22T19:09:08.722160,KXBTCD-25MAY2223-T112249.99,DELTA,,0,6,1100,285,no,94,1000
2025-05-22T19:09:15.361637,KXBTCD-25MAY2223-T112249.99,DELTA,,0,6,1100,286,no,6,-5400
2025-05-22T19:09:15.362892,KXBTCD-25MAY2223-T112249.99,DELTA,,0,6,1100,287,no,8,4050
2025-05-22T19:09:15.364043,KXBTCD-25MAY2223-T112249.99,DELTA,,0,6,1100,288,no,7,-20000
2025-05-22T19:09:15.440562,KXBTCD-25MAY2223-T112249.99,DELTA,,0,6,1100,289,no,9,20000
2025-05-22T19:09:15.441647,KXBTCD-25MAY2223-T112249.99,DELTA,,0,6,1100,290,no,81,-9
2025-05-22T19:09:22.512496,KXBTCD-25MAY2223-T112249.99,DELTA,,0,6,100,291,no,94,-1000
2025-05-22T19:09:22.540644,KXBTCD-25MAY2223-T112249.99,DELTA,,0,5,1000,292,no,95,1000
2025-05-22T19:09:22.602424,KXBTCD-25MAY2223-T112249.99,DELTA,,0,5,1000,293,no,81,9
2025-05-22T19:09:23.084051,KXBTCD-25MAY2223-T112249.99,DELTA,,0,6,100,294,no,95,-1000
2025-05-22T19:09:23.122285,KXBTCD-25MAY2223-T112249.99,DELTA,,0,6,1100,295,no,94,1000
2025-05-22T19:09:23.321175,KXBTCD-25MAY2223-T112249.99,DELTA,,0,6,100,296,no,94,-1000
2025-05-22T19:09:23.361721,KXBTCD-25MAY2223-T112249.99,DELTA,,0,5,1000,297,no,95,1000
2025-05-22T19:09:27.721308,KXBTCD-25MAY2223-T112249.99,DELTA,,0,5,1000,298,no,8,-4050
2025-05-22T19:09:27.721988,KXBTCD-25MAY2223-T112249.99,DELTA,,0,5,1000,299,no,10,3240
2025-05-22T19:09:27.781207,KXBTCD-25MAY2223-T112249.99,DELTA,,0,5,1000,300,no,9,-20000
2025-05-22T19:09:27.821804,KXBTCD-25MAY2223-T112249.99,DELTA,,0,5,1000,301,no,81,-9
2025-05-22T19:09:27.842449,KXBTCD-25MAY2223-T112249.99,DELTA,,0,5,1000,302,no,11,20000
2025-05-22T19:09:42.322140,KXBTCD-25MAY2223-T112249.99,DELTA,,0,5,1000,303,no,10,-3240
2025-05-22T19:09:42.322920,KXBTCD-25MAY2223-T112249.99,DELTA,,0,5,1000,304,no,12,2700
2025-05-22T19:09:42.388161,KXBTCD-25MAY2223-T112249.99,DELTA,,0,5,1000,305,no,11,-20000
2025-05-22T19:09:44.056440,KXBTCD-25MAY2223-T112249.99,DELTA,,0,5,1000,306,no,12,-2700
2025-05-22T19:09:55.863771,KXBTCD-25MAY2223-T112249.99,DELTA,,0,5,1000,307,no,4,8100
2025-05-22T19:09:55.921380,KXBTCD-25MAY2223-T112249.99,DELTA,,0,5,1000,308,no,5,20000
2025-05-22T19:10:14.581269,KXBTCD-25MAY2223-T112249.99,DELTA,,0,5,1000,309,no,4,-8100
2025-05-22T19:10:14.582302,KXBTCD-25MAY2223-T112249.99,DELTA,,0,5,1000,310,no,6,4860
2025-05-22T19:10:14.641259,KXBTCD-25MAY2223-T112249.99,DELTA,,0,5,1000,311,no,5,-20000
2025-05-22T19:10:14.681641,KXBTCD-25MAY2223-T112249.99,DELTA,,0,5,1000,312,no,7,20000
2025-05-22T19:10:27.720884,KXBTCD-25MAY2223-T112249.99,DELTA,,0,5,1000,313,no,6,-4860
2025-05-22T19:10:27.721242,KXBTCD-25MAY2223-T112249.99,DELTA,,0,5,1000,314,no,8,3645
2025-05-22T19:10:27.781980,KXBTCD-25MAY2223-T112249.99,DELTA,,0,5,1000,315,no,7,-20000
2025-05-22T19:10:27.821432,KXBTCD-25MAY2223-T112249.99,DELTA,,0,5,1000,316,no,9,20000
2025-05-22T19:10:41.000193,KXBTCD-25MAY2223-T112249.99,DELTA,,0,5,1000,317,no,8,-3645
2025-05-22T19:10:41.000765,KXBTCD-25MAY2223-T112249.99,DELTA,,0,5,1000,318,no,10,2916
2025-05-22T19:10:41.080556,KXBTCD-25MAY2223-T112249.99,DELTA,,0,5,1000,319,no,9,-20000
2025-05-22T19:10:54.002231,KXBTCD-25MAY2223-T112249.99,DELTA,,0,5,1000,320,no,10,-2916
2025-05-22T19:10:54.003060,KXBTCD-25MAY2223-T112249.99,DELTA,,0,5,1000,321,no,4,7290
2025-05-22T19:10:54.101226,KXBTCD-25MAY2223-T112249.99,DELTA,,0,5,1000,322,no,5,20000
2025-05-22T19:11:06.881829,KXBTCD-25MAY2223-T112249.99,DELTA,,0,5,1000,323,no,4,-7290
2025-05-22T19:11:06.883063,KXBTCD-25MAY2223-T112249.99,DELTA,,0,5,1000,324,no,6,4860
2025-05-22T19:11:06.940959,KXBTCD-25MAY2223-T112249.99,DELTA,,0,5,1000,325,no,5,-20000
2025-05-22T19:11:06.980400,KXBTCD-25MAY2223-T112249.99,DELTA,,0,5,1000,326,no,7,20000
2025-05-22T19:11:18.995958,KXBTCD-25MAY2223-T112249.99,DELTA,,0,5,1000,327,no,6,-4860
2025-05-22T19:11:18.997888,KXBTCD-25MAY2223-T112249.99,DELTA,,0,5,1000,328,no,8,3645
2025-05-22T19:11:19.038909,KXBTCD-25MAY2223-T112249.99,DELTA,,0,5,1000,329,no,7,-20000
2025-05-22T19:11:19.080359,KXBTCD-25MAY2223-T112249.99,DELTA,,0,5,1000,330,no,9,20000
2025-05-22T19:11:32.480362,KXBTCD-25MAY2223-T112249.99,DELTA,,0,5,1000,331,no,8,-3645
2025-05-22T19:11:32.481211,KXBTCD-25MAY2223-T112249.99,DELTA,,0,5,1000,332,no,10,2916
2025-05-22T19:11:32.541861,KXBTCD-25MAY2223-T112249.99,DELTA,,0,5,1000,333,no,9,-20000
2025-05-22T19:11:45.839311,KXBTCD-25MAY2223-T112249.99,DELTA,,0,5,1000,334,no,10,-2916
2025-05-22T19:11:45.840014,KXBTCD-25MAY2223-T112249.99,DELTA,,0,5,1000,335,no,4,7290
2025-05-22T19:11:45.900127,KXBTCD-25MAY2223-T112249.99,DELTA,,0,5,1000,336,no,5,20000
2025-05-22T19:12:01.181461,KXBTCD-25MAY2223-T112249.99,DELTA,,0,5,1000,337,no,4,-7290
2025-05-22T19:12:01.182317,KXBTCD-25MAY2223-T112249.99,DELTA,,0,5,1000,338,no,6,4860
2025-05-22T19:12:01.240713,KXBTCD-25MAY2223-T112249.99,DELTA,,0,5,1000,339,no,5,-20000
2025-05-22T19:12:01.280143,KXBTCD-25MAY2223-T112249.99,DELTA,,0,5,1000,340,no,7,20000
2025-05-22T19:12:09.741127,KXBTCD-25MAY2223-T112249.99,DELTA,,0,5,1000,341,no,61,-2000
2025-05-22T19:12:13.719119,KXBTCD-25MAY2223-T112249.99,DELTA,,0,5,1000,342,no,6,-4860
2025-05-22T19:12:13.719610,KXBTCD-25MAY2223-T112249.99,DELTA,,0,5,1000,343,no,8,3645
2025-05-22T19:12:13.781021,KXBTCD-25MAY2223-T112249.99,DELTA,,0,5,1000,344,no,7,-20000
2025-05-22T19:12:13.839844,KXBTCD-25MAY2223-T112249.99,DELTA,,0,5,1000,345,no,9,20000
2025-05-22T19:12:21.879582,KXBTCD-25MAY2223-T112249.99,DELTA,,0,5,1000,346,no,61,2000
2025-05-22T19:12:25.820789,KXBTCD-25MAY2223-T112249.99,DELTA,,0,5,1000,347,no,8,-3645
2025-05-22T19:12:25.821663,KXBTCD-25MAY2223-T112249.99,DELTA,,0,5,1000,348,no,10,2916
2025-05-22T19:12:25.877398,KXBTCD-25MAY2223-T112249.99,DELTA,,0,5,1000,349,no,9,-20000
2025-05-22T19:12:38.538386,KXBTCD-25MAY2223-T112249.99,DELTA,,0,5,1000,350,no,10,-2916
2025-05-22T19:12:38.539639,KXBTCD-25MAY2223-T112249.99,DELTA,,0,5,1000,351,no,4,7290
2025-05-22T19:12:38.598928,KXBTCD-25MAY2223-T112249.99,DELTA,,0,5,1000,352,no,5,20000
2025-05-22T19:12:41.458493,KXBTCD-25MAY2223-T112249.99,DELTA,,0,6,100,353,no,95,-1000
2025-05-22T19:12:41.498995,KXBTCD-25MAY2223-T112249.99,DELTA,,0,6,1100,354,no,94,1000
2025-05-22T19:12:41.538963,KXBTCD-25MAY2223-T112249.99,DELTA,,0,6,100,355,no,94,-1000
2025-05-22T19:12:41.599221,KXBTCD-25MAY2223-T112249.99,DELTA,,0,6,100,356,no,81,9
2025-05-22T19:12:41.599759,KXBTCD-25MAY2223-T112249.99,DELTA,,0,5,1000,357,no,95,1000
2025-05-22T19:12:52.638222,KXBTCD-25MAY2223-T112249.99,DELTA,,0,5,1000,358,no,4,-7290
2025-05-22T19:12:52.638831,KXBTCD-25MAY2223-T112249.99,DELTA,,0,5,1000,359,no,6,4860
2025-05-22T19:12:52.718307,KXBTCD-25MAY2223-T112249.99,DELTA,,0,5,1000,360,no,5,-20000
2025-05-22T19:12:52.738672,KXBTCD-25MAY2223-T112249.99,DELTA,,0,6,100,361,no,95,-1000
2025-05-22T19:12:52.758365,KXBTCD-25MAY2223-T112249.99,DELTA,,0,6,100,362,no,81,-9
2025-05-22T19:12:52.781544,KXBTCD-25MAY2223-T112249.99,DELTA,,0,6,1100,363,no,94,1000
2025-05-22T19:12:53.019259,KXBTCD-25MAY2223-T112249.99,DELTA,,0,6,1100,364,no,7,20000
2025-05-22T19:12:55.038203,KXBTCD-25MAY2223-T112249.99,DELTA,,0,6,1100,365,no,6,-4860
2025-05-22T19:12:55.098001,KXBTCD-25MAY2223-T112249.99,DELTA,,0,6,1100,366,no,7,-20000
2025-05-22T19:12:55.198006,KXBTCD-25MAY2223-T112249.99,DELTA,,0,6,100,367,no,94,-1000
2025-05-22T19:12:55.237469,KXBTCD-25MAY2223-T112249.99,DELTA,,0,5,1000,368,no,95,1000
2025-05-22T19:12:55.398290,KXBTCD-25MAY2223-T112249.99,DELTA,,0,6,100,369,no,95,-1000
2025-05-22T19:12:55.457987,KXBTCD-25MAY2223-T112249.99,DELTA,,0,6,1100,370,no,94,1000
2025-05-22T19:12:59.898223,KXBTCD-25MAY2223-T112249.99,DELTA,,0,6,100,371,no,94,-1000
2025-05-22T19:12:59.937957,KXBTCD-25MAY2223-T112249.99,DELTA,,0,5,1000,372,no,95,1000
2025-05-22T19:12:59.998809,KXBTCD-25MAY2223-T112249.99,DELTA,,0,5,1000,373,no,81,9
2025-05-22T19:13:01.140752,KXBTCD-25MAY2223-T112249.99,DELTA,,0,6,100,374,no,95,-1000
2025-05-22T19:13:01.198217,KXBTCD-25MAY2223-T112249.99,DELTA,,0,6,1100,375,no,94,1000
2025-05-22T19:13:01.237585,KXBTCD-25MAY2223-T112249.99,DELTA,,0,6,100,376,no,94,-1000
2025-05-22T19:13:01.277308,KXBTCD-25MAY2223-T112249.99,DELTA,,0,5,1000,377,no,95,1000
2025-05-22T19:13:01.419115,KXBTCD-25MAY2223-T112249.99,DELTA,,0,6,100,378,no,95,-1000
2025-05-22T19:13:01.478917,KXBTCD-25MAY2223-T112249.99,DELTA,,0,6,1100,379,no,94,1000
2025-05-22T19:13:05.219762,KXBTCD-25MAY2223-T112249.99,DELTA,,0,6,1100,380,no,4,7290
2025-05-22T19:13:05.303932,KXBTCD-25MAY2223-T112249.99,DELTA,,0,6,1100,381,no,5,20000
2025-05-22T19:13:05.336964,KXBTCD-25MAY2223-T112249.99,DELTA,,0,6,1100,382,no,81,-9
2025-05-22T19:13:12.999385,KXBTCD-25MAY2223-T112249.99,DELTA,,0,6,100,383,no,94,-1000
2025-05-22T19:13:13.059281,KXBTCD-25MAY2223-T112249.99,DELTA,,0,5,1000,384,no,95,1000
2025-05-22T19:13:13.117890,KXBTCD-25MAY2223-T112249.99,DELTA,,0,5,1000,385,no,81,9
2025-05-22T19:13:14.980708,KXBTCD-25MAY2223-T112249.99,DELTA,,0,6,100,386,no,95,-1000
2025-05-22T19:13:15.018905,KXBTCD-25MAY2223-T112249.99,DELTA,,0,6,1100,387,no,94,1000
2025-05-22T19:13:17.758498,KXBTCD-25MAY2223-T112249.99,DELTA,,0,6,1100,388,no,4,-7290
2025-05-22T19:13:17.758728,KXBTCD-25MAY2223-T112249.99,DELTA,,0,6,1100,389,no,6,4860
2025-05-22T19:13:17.860700,KXBTCD-25MAY2223-T112249.99,DELTA,,0,6,1100,390,no,5,-20000
2025-05-22T19:13:17.861581,KXBTCD-25MAY2223-T112249.99,DELTA,,0,6,1100,391,no,81,-9
2025-05-22T19:13:17.898879,KXBTCD-25MAY2223-T112249.99,DELTA,,0,6,1100,392,no,7,20000
2025-05-22T19:13:19.519898,KXBTCD-25MAY2223-T112249.99,DELTA,,0,6,100,393,no,94,-1000
2025-05-22T19:13:19.624047,KXBTCD-25MAY2223-T112249.99,DELTA,,0,6,100,394,no,81,9
2025-05-22T19:13:19.678601,KXBTCD-25MAY2223-T112249.99,DELTA,,0,5,1000,395,no,95,1000
2025-05-22T19:13:23.197574,KXBTCD-25MAY2223-T112249.99,DELTA,,0,6,100,396,no,95,-1000
2025-05-22T19:13:23.456847,KXBTCD-25MAY2223-T112249.99,DELTA,,0,5,1000,397,no,95,1000
2025-05-22T19:13:31.958425,KXBTCD-25MAY2223-T112249.99,DELTA,,0,5,1000,398,no,6,-4860
2025-05-22T19:13:31.958725,KXBTCD-25MAY2223-T112249.99,DELTA,,0,5,1000,399,no,8,3645
2025-05-22T19:13:32.058423,KXBTCD-25MAY2223-T112249.99,DELTA,,0,5,1000,400,no,7,-20000
2025-05-22T19:13:32.096737,KXBTCD-25MAY2223-T112249.99,DELTA,,0,5,1000,401,no,81,-9
2025-05-22T19:13:32.981735,KXBTCD-25MAY2223-T112249.99,DELTA,,0,5,1000,402,no,9,20000
2025-05-22T19:13:51.854855,KXBTCD-25MAY2223-T112249.99,DELTA,,0,5,1000,403,no,8,-3645
2025-05-22T19:13:51.855458,KXBTCD-25MAY2223-T112249.99,DELTA,,0,5,1000,404,no,10,2916
2025-05-22T19:13:51.855906,KXBTCD-25MAY2223-T112249.99,DELTA,,0,5,1000,405,no,9,-20000
2025-05-22T19:13:57.317788,KXBTCD-25MAY2223-T112249.99,DELTA,,0,5,1000,406,no,10,-2916
2025-05-22T19:13:57.318669,KXBTCD-25MAY2223-T112249.99,DELTA,,0,5,1000,407,no,4,7290
2025-05-22T19:13:57.378094,KXBTCD-25MAY2223-T112249.99,DELTA,,0,5,1000,408,no,5,20000
2025-05-22T19:14:08.339514,KXBTCD-25MAY2223-T112249.99,DELTA,,0,5,1000,409,no,4,-7290
2025-05-22T19:14:08.339876,KXBTCD-25MAY2223-T112249.99,DELTA,,0,5,1000,410,no,6,4860
2025-05-22T19:14:08.717991,KXBTCD-25MAY2223-T112249.99,DELTA,,0,5,1000,411,no,5,-20000
2025-05-22T19:14:08.758197,KXBTCD-25MAY2223-T112249.99,DELTA,,0,5,1000,412,no,7,20000
2025-05-22T19:14:19.218944,KXBTCD-25MAY2223-T112249.99,DELTA,,0,5,1000,413,no,6,-4860
2025-05-22T19:14:19.219070,KXBTCD-25MAY2223-T112249.99,DELTA,,0,5,1000,414,no,8,3645
2025-05-22T19:14:19.276486,KXBTCD-25MAY2223-T112249.99,DELTA,,0,5,1000,415,no,7,-20000
2025-05-22T19:14:19.317858,KXBTCD-25MAY2223-T112249.99,DELTA,,0,5,1000,416,no,9,20000
2025-05-22T19:14:30.438723,KXBTCD-25MAY2223-T112249.99,DELTA,,0,5,1000,417,no,8,-3645
2025-05-22T19:14:30.439509,KXBTCD-25MAY2223-T112249.99,DELTA,,0,5,1000,418,no,10,2916
2025-05-22T19:14:30.516792,KXBTCD-25MAY2223-T112249.99,DELTA,,0,5,1000,419,no,9,-20000
2025-05-22T19:14:42.316747,KXBTCD-25MAY2223-T112249.99,DELTA,,0,5,1000,420,no,10,-2916
2025-05-22T19:14:42.317103,KXBTCD-25MAY2223-T112249.99,DELTA,,0,5,1000,421,no,4,7290
2025-05-22T19:14:42.377395,KXBTCD-25MAY2223-T112249.99,DELTA,,0,5,1000,422,no,5,20000
2025-05-22T19:14:55.336001,KXBTCD-25MAY2223-T112249.99,DELTA,,0,5,1000,423,no,4,-7290
2025-05-22T19:14:55.336347,KXBTCD-25MAY2223-T112249.99,DELTA,,0,5,1000,424,no,6,4860
2025-05-22T19:14:55.396430,KXBTCD-25MAY2223-T112249.99,DELTA,,0,5,1000,425,no,5,-20000
2025-05-22T19:14:55.436159,KXBTCD-25MAY2223-T112249.99,DELTA,,0,5,1000,426,no,7,20000
2025-05-22T19:15:05.061325,KXBTCD-25MAY2223-T112249.99,DELTA,,0,5,1000,427,no,6,-4860
2025-05-22T19:15:05.137120,KXBTCD-25MAY2223-T112249.99,DELTA,,0,5,1000,428,no,7,-20000
2025-05-22T19:15:20.038638,KXBTCD-25MAY2223-T112249.99,DELTA,,0,5,1000,429,no,4,7290
2025-05-22T19:15:20.117338,KXBTCD-25MAY2223-T112249.99,DELTA,,0,5,1000,430,no,5,20000
2025-05-22T19:15:34.516661,KXBTCD-25MAY2223-T112249.99,DELTA,,0,5,1000,431,no,4,-7290
2025-05-22T19:15:34.516943,KXBTCD-25MAY2223-T112249.99,DELTA,,0,5,1000,432,no,6,4860
2025-05-22T19:15:34.576467,KXBTCD-25MAY2223-T112249.99,DELTA,,0,5,1000,433,no,5,-20000
2025-05-22T19:15:34.614885,KXBTCD-25MAY2223-T112249.99,DELTA,,0,5,1000,434,no,7,20000
2025-05-22T19:15:46.955823,KXBTCD-25MAY2223-T112249.99,DELTA,,0,5,1000,435,no,6,-4860
2025-05-22T19:15:46.955967,KXBTCD-25MAY2223-T112249.99,DELTA,,0,5,1000,436,no,8,3645
2025-05-22T19:15:47.017609,KXBTCD-25MAY2223-T112249.99,DELTA,,0,5,1000,437,no,7,-20000
2025-05-22T19:15:47.056023,KXBTCD-25MAY2223-T112249.99,DELTA,,0,5,1000,438,no,9,20000
2025-05-22T19:15:58.615448,KXBTCD-25MAY2223-T112249.99,DELTA,,0,5,1000,439,no,8,-3645
2025-05-22T19:15:58.615801,KXBTCD-25MAY2223-T112249.99,DELTA,,0,5,1000,440,no,10,2916
2025-05-22T19:15:58.675572,KXBTCD-25MAY2223-T112249.99,DELTA,,0,5,1000,441,no,9,-20000
2025-05-22T19:16:11.755277,KXBTCD-25MAY2223-T112249.99,DELTA,,0,5,1000,442,no,10,-2916
2025-05-22T19:16:11.756275,KXBTCD-25MAY2223-T112249.99,DELTA,,0,5,1000,443,no,4,7290
2025-05-22T19:16:11.822485,KXBTCD-25MAY2223-T112249.99,DELTA,,0,5,1000,444,no,5,20000
2025-05-22T19:16:23.895848,KXBTCD-25MAY2223-T112249.99,DELTA,,0,5,1000,445,no,4,-7290
2025-05-22T19:16:23.896328,KXBTCD-25MAY2223-T112249.99,DELTA,,0,5,1000,446,no,6,4860
2025-05-22T19:16:23.956320,KXBTCD-25MAY2223-T112249.99,DELTA,,0,5,1000,447,no,5,-20000
2025-05-22T19:16:24.037357,KXBTCD-25MAY2223-T112249.99,DELTA,,0,5,1000,448,no,7,20000
2025-05-22T19:16:36.377155,KXBTCD-25MAY2223-T112249.99,DELTA,,0,5,1000,449,no,6,-4860
2025-05-22T19:16:36.378043,KXBTCD-25MAY2223-T112249.99,DELTA,,0,5,1000,450,no,8,3645
2025-05-22T19:16:36.463033,KXBTCD-25MAY2223-T112249.99,DELTA,,0,5,1000,451,no,7,-20000
2025-05-22T19:16:36.496375,KXBTCD-25MAY2223-T112249.99,DELTA,,0,5,1000,452,no,9,20000
2025-05-22T19:16:51.297006,KXBTCD-25MAY2223-T112249.99,DELTA,,0,5,1000,453,no,8,-3645
2025-05-22T19:16:51.297741,KXBTCD-25MAY2223-T112249.99,DELTA,,0,5,1000,454,no,10,2916
2025-05-22T19:16:51.354930,KXBTCD-25MAY2223-T112249.99,DELTA,,0,5,1000,455,no,9,-20000
2025-05-22T19:17:04.955235,KXBTCD-25MAY2223-T112249.99,DELTA,,0,5,1000,456,no,10,-2916
2025-05-22T19:17:04.956703,KXBTCD-25MAY2223-T112249.99,DELTA,,0,5,1000,457,no,4,7290
2025-05-22T19:17:05.014620,KXBTCD-25MAY2223-T112249.99,DELTA,,0,5,1000,458,no,5,20000
2025-05-22T19:17:17.995897,KXBTCD-25MAY2223-T112249.99,DELTA,,0,5,1000,459,no,4,-7290
2025-05-22T19:17:17.996666,KXBTCD-25MAY2223-T112249.99,DELTA,,0,5,1000,460,no,6,4860
2025-05-22T19:17:18.074411,KXBTCD-25MAY2223-T112249.99,DELTA,,0,5,1000,461,no,5,-20000
2025-05-22T19:17:18.135231,KXBTCD-25MAY2223-T112249.99,DELTA,,0,5,1000,462,no,7,20000
2025-05-22T19:17:19.035440,KXBTCD-25MAY2223-T112249.99,DELTA,,0,5,1000,463,no,6,-4860
2025-05-22T19:17:19.095274,KXBTCD-25MAY2223-T112249.99,DELTA,,0,5,1000,464,no,7,-20000
2025-05-22T19:17:30.294983,KXBTCD-25MAY2223-T112249.99,DELTA,,0,5,1000,465,no,4,7290
2025-05-22T19:17:30.422036,KXBTCD-25MAY2223-T112249.99,DELTA,,0,5,1000,466,no,5,20000
2025-05-22T19:17:42.737580,KXBTCD-25MAY2223-T112249.99,DELTA,,0,5,1000,467,no,4,-7290
2025-05-22T19:17:42.739634,KXBTCD-25MAY2223-T112249.99,DELTA,,0,5,1000,468,no,6,4860
2025-05-22T19:17:42.795993,KXBTCD-25MAY2223-T112249.99,DELTA,,0,5,1000,469,no,5,-20000
2025-05-22T19:17:42.834278,KXBTCD-25MAY2223-T112249.99,DELTA,,0,5,1000,470,no,7,20000
2025-05-22T19:17:56.073817,KXBTCD-25MAY2223-T112249.99,DELTA,,0,5,1000,471,no,6,-4860
2025-05-22T19:17:56.074217,KXBTCD-25MAY2223-T112249.99,DELTA,,0,5,1000,472,no,8,3645
2025-05-22T19:17:56.134567,KXBTCD-25MAY2223-T112249.99,DELTA,,0,5,1000,473,no,7,-20000
2025-05-22T19:17:56.175350,KXBTCD-25MAY2223-T112249.99,DELTA,,0,5,1000,474,no,9,20000
2025-05-22T19:18:09.077588,KXBTCD-25MAY2223-T112249.99,DELTA,,0,5,1000,475,no,8,-3645
2025-05-22T19:18:09.078349,KXBTCD-25MAY2223-T112249.99,DELTA,,0,5,1000,476,no,10,2916
2025-05-22T19:18:09.135918,KXBTCD-25MAY2223-T112249.99,DELTA,,0,5,1000,477,no,9,-20000
2025-05-22T19:18:19.134487,KXBTCD-25MAY2223-T112249.99,DELTA,,0,6,100,478,no,95,-1000
2025-05-22T19:18:19.173493,KXBTCD-25MAY2223-T112249.99,DELTA,,0,6,1100,479,no,94,1000
2025-05-22T19:18:19.255291,KXBTCD-25MAY2223-T112249.99,DELTA,,0,6,1100,480,no,81,9
2025-05-22T19:18:19.554590,KXBTCD-25MAY2223-T112249.99,DELTA,,0,6,100,481,no,94,-1000
2025-05-22T19:18:19.593817,KXBTCD-25MAY2223-T112249.99,DELTA,,0,5,1000,482,no,95,1000
2025-05-22T19:18:19.875261,KXBTCD-25MAY2223-T112249.99,DELTA,,0,6,100,483,no,95,-1000
2025-05-22T19:18:19.934658,KXBTCD-25MAY2223-T112249.99,DELTA,,0,6,1100,484,no,94,1000
2025-05-22T19:18:20.033824,KXBTCD-25MAY2223-T112249.99,DELTA,,0,6,1100,485,no,81,-9
2025-05-22T19:18:20.401949,KXBTCD-25MAY2223-T112249.99,DELTA,,0,6,100,486,no,94,-1000
2025-05-22T19:18:20.434052,KXBTCD-25MAY2223-T112249.99,DELTA,,0,5,1000,487,no,95,1000
2025-05-22T19:18:23.775760,KXBTCD-25MAY2223-T112249.99,DELTA,,0,6,100,488,no,95,-1000
2025-05-22T19:18:23.833862,KXBTCD-25MAY2223-T112249.99,DELTA,,0,6,1100,489,no,94,1000
2025-05-22T19:18:23.873933,KXBTCD-25MAY2223-T112249.99,DELTA,,0,6,1100,490,no,81,9
2025-05-22T19:18:24.695337,KXBTCD-25MAY2223-T112249.99,DELTA,,0,6,1100,491,no,10,-2916
2025-05-22T19:18:24.695774,KXBTCD-25MAY2223-T112249.99,DELTA,,0,6,1100,492,no,4,7290
2025-05-22T19:18:24.753698,KXBTCD-25MAY2223-T112249.99,DELTA,,0,6,1100,493,no,5,20000
2025-05-22T19:18:24.794660,KXBTCD-25MAY2223-T112249.99,DELTA,,0,6,1100,494,no,81,-9
2025-05-22T19:18:32.195757,KXBTCD-25MAY2223-T112249.99,DELTA,,0,6,100,495,no,94,-1000
2025-05-22T19:18:32.257335,KXBTCD-25MAY2223-T112249.99,DELTA,,0,6,100,496,no,61,1000
2025-05-22T19:18:32.312766,KXBTCD-25MAY2223-T112249.99,DELTA,,0,6,100,497,no,81,9
2025-05-22T19:18:33.633866,KXBTCD-25MAY2223-T112249.99,DELTA,,0,6,100,498,no,61,-1000
2025-05-22T19:18:33.673162,KXBTCD-25MAY2223-T112249.99,DELTA,,0,6,1100,499,no,94,1000
2025-05-22T19:18:34.232860,KXBTCD-25MAY2223-T112249.99,DELTA,,0,6,100,500,no,94,-1000
2025-05-22T19:18:34.273976,KXBTCD-25MAY2223-T112249.99,DELTA,,0,6,100,501,no,61,1000
2025-05-22T19:18:34.538679,KXBTCD-25MAY2223-T112249.99,DELTA,,0,6,100,502,no,61,-1000
2025-05-22T19:18:34.575267,KXBTCD-25MAY2223-T112249.99,DELTA,,0,6,1100,503,no,94,1000
2025-05-22T19:18:37.795096,KXBTCD-25MAY2223-T112249.99,DELTA,,0,6,1100,504,no,4,-7290
2025-05-22T19:18:37.795912,KXBTCD-25MAY2223-T112249.99,DELTA,,0,6,1100,505,no,6,4860
2025-05-22T19:18:37.873913,KXBTCD-25MAY2223-T112249.99,DELTA,,0,6,1100,506,no,5,-20000
2025-05-22T19:18:37.913870,KXBTCD-25MAY2223-T112249.99,DELTA,,0,6,1100,507,no,81,-9
2025-05-22T19:18:37.934293,KXBTCD-25MAY2223-T112249.99,DELTA,,0,6,1100,508,no,7,20000
2025-05-22T19:18:40.511860,KXBTCD-25MAY2223-T112249.99,DELTA,,0,6,100,509,no,94,-1000
2025-05-22T19:18:40.513500,KXBTCD-25MAY2223-T112249.99,DELTA,,0,6,100,510,no,61,1000
2025-05-22T19:18:40.514470,KXBTCD-25MAY2223-T112249.99,DELTA,,0,6,100,511,no,81,9
2025-05-22T19:18:48.315282,KXBTCD-25MAY2223-T112249.99,DELTA,,0,6,100,512,no,61,-1000
2025-05-22T19:18:48.354151,KXBTCD-25MAY2223-T112249.99,DELTA,,0,6,1100,513,no,94,1000
2025-05-22T19:18:49.197028,KXBTCD-25MAY2223-T112249.99,DELTA,,0,6,1100,514,no,61,-2000
2025-05-22T19:18:49.197371,KXBTCD-25MAY2223-T112249.99,DELTA,,0,6,1100,515,no,7,-20000
2025-05-22T19:18:49.313099,KXBTCD-25MAY2223-T112249.99,DELTA,,0,6,1100,516,no,81,-9
2025-05-22T19:18:50.554462,KXBTCD-25MAY2223-T112249.99,DELTA,,0,6,1100,517,no,6,-4860
2025-05-22T19:18:50.555104,KXBTCD-25MAY2223-T112249.99,DELTA,,0,6,1100,518,no,4,7290
2025-05-22T19:18:50.874182,KXBTCD-25MAY2223-T112249.99,DELTA,,0,6,1100,519,no,5,20000
2025-05-22T19:18:52.874653,KXBTCD-25MAY2223-T112249.99,DELTA,,0,6,100,520,no,94,-1000
2025-05-22T19:18:52.934444,KXBTCD-25MAY2223-T112249.99,DELTA,,0,6,100,521,no,61,1000
2025-05-22T19:18:52.994591,KXBTCD-25MAY2223-T112249.99,DELTA,,0,6,100,522,no,81,9
2025-05-22T19:18:58.942284,KXBTCD-25MAY2223-T112249.99,DELTA,,0,6,100,523,no,61,2000
2025-05-22T19:19:02.694017,KXBTCD-25MAY2223-T112249.99,DELTA,,0,6,100,524,no,4,-7290
2025-05-22T19:19:02.695417,KXBTCD-25MAY2223-T112249.99,DELTA,,0,6,100,525,no,6,4860
2025-05-22T19:19:02.753864,KXBTCD-25MAY2223-T112249.99,DELTA,,0,6,100,526,no,5,-20000
2025-05-22T19:19:02.793541,KXBTCD-25MAY2223-T112249.99,DELTA,,0,6,100,527,no,7,20000
2025-05-22T19:19:03.244738,KXBTCD-25MAY2223-T112249.99,DELTA,,0,6,100,528,no,7,-20000
2025-05-22T19:19:03.245465,KXBTCD-25MAY2223-T112249.99,DELTA,,0,6,100,529,no,61,-2000
2025-05-22T19:19:03.294988,KXBTCD-25MAY2223-T112249.99,DELTA,,0,6,100,530,no,61,-1000
2025-05-22T19:19:03.373837,KXBTCD-25MAY2223-T112249.99,DELTA,,0,6,1100,531,no,94,1000
2025-05-22T19:19:03.433211,KXBTCD-25MAY2223-T112249.99,DELTA,,0,6,100,532,no,94,-1000
2025-05-22T19:19:03.494125,KXBTCD-25MAY2223-T112249.99,DELTA,,0,6,100,533,no,61,1000
2025-05-22T19:19:16.185120,KXBTCD-25MAY2223-T112249.99,DELTA,,0,6,100,534,no,6,-4860
2025-05-22T19:19:16.186355,KXBTCD-25MAY2223-T112249.99,DELTA,,0,6,100,535,no,4,7290
2025-05-22T19:19:16.474799,KXBTCD-25MAY2223-T112249.99,DELTA,,0,6,100,536,no,5,20000
2025-05-22T19:19:17.174871,KXBTCD-25MAY2223-T112249.99,DELTA,,0,6,100,537,no,61,-1000
2025-05-22T19:19:17.175585,KXBTCD-25MAY2223-T112249.99,DELTA,,0,6,1100,538,no,94,1000
2025-05-22T19:19:20.257607,KXBTCD-25MAY2223-T112249.99,DELTA,,0,6,1100,539,no,5,-20000
2025-05-22T19:19:20.274771,KXBTCD-25MAY2223-T112249.99,DELTA,,0,6,100,540,no,94,-1000
2025-05-22T19:19:20.372807,KXBTCD-25MAY2223-T112249.99,DELTA,,0,5,1000,541,no,95,1000
2025-05-22T19:19:20.373617,KXBTCD-25MAY2223-T112249.99,DELTA,,0,5,1000,542,no,81,-9
2025-05-22T19:19:29.652103,KXBTCD-25MAY2223-T112249.99,DELTA,,0,6,100,543,no,95,-1000
2025-05-22T19:19:29.755396,KXBTCD-25MAY2223-T112249.99,DELTA,,0,6,1100,544,no,94,1000
2025-05-22T19:19:29.772985,KXBTCD-25MAY2223-T112249.99,DELTA,,0,6,1100,545,no,81,9
2025-05-22T19:19:30.013773,KXBTCD-25MAY2223-T112249.99,DELTA,,0,6,1100,546,no,4,-7290
2025-05-22T19:19:35.675821,KXBTCD-25MAY2223-T112249.99,DELTA,,0,6,100,547,no,94,-1000
2025-05-22T19:19:35.733315,KXBTCD-25MAY2223-T112249.99,DELTA,,0,5,1000,548,no,95,1000
2025-05-22T19:19:37.094157,KXBTCD-25MAY2223-T112249.99,DELTA,,0,6,100,549,no,95,-1000
2025-05-22T19:19:37.154834,KXBTCD-25MAY2223-T112249.99,DELTA,,0,6,1100,550,no,94,1000
2025-05-22T19:19:37.293193,KXBTCD-25MAY2223-T112249.99,DELTA,,0,6,100,551,no,94,-1000
2025-05-22T19:19:37.634823,KXBTCD-25MAY2223-T112249.99,DELTA,,0,5,1000,552,no,95,1000
2025-05-22T19:19:39.719034,KXBTCD-25MAY2223-T112249.99,DELTA,,0,5,1000,553,no,4,7290
2025-05-22T19:19:39.793412,KXBTCD-25MAY2223-T112249.99,DELTA,,0,5,1000,554,no,5,20000
2025-05-22T19:19:39.839775,KXBTCD-25MAY2223-T112249.99,DELTA,,0,5,1000,555,no,81,-9
2025-05-22T19:19:40.813024,KXBTCD-25MAY2223-T112249.99,DELTA,,0,6,100,556,no,95,-1000
2025-05-22T19:19:40.859596,KXBTCD-25MAY2223-T112249.99,DELTA,,0,6,1100,557,no,94,1000
2025-05-22T19:19:40.933624,KXBTCD-25MAY2223-T112249.99,DELTA,,0,6,1100,558,no,81,9
2025-05-22T19:19:50.613537,KXBTCD-25MAY2223-T112249.99,DELTA,,0,6,1100,559,no,4,-7290
2025-05-22T19:19:50.614222,KXBTCD-25MAY2223-T112249.99,DELTA,,0,6,1100,560,no,6,4860
2025-05-22T19:19:50.676444,KXBTCD-25MAY2223-T112249.99,DELTA,,0,6,1100,561,no,5,-20000
2025-05-22T19:19:50.712128,KXBTCD-25MAY2223-T112249.99,DELTA,,0,6,1100,562,no,81,-9
2025-05-22T19:19:50.912736,KXBTCD-25MAY2223-T112249.99,DELTA,,0,6,1100,563,no,7,20000
2025-05-22T19:20:00.354794,KXBTCD-25MAY2223-T112249.99,DELTA,,0,6,100,564,no,94,-1000
2025-05-22T19:20:00.395792,KXBTCD-25MAY2223-T112249.99,DELTA,,0,5,1000,565,no,95,1000
2025-05-22T19:20:00.473641,KXBTCD-25MAY2223-T112249.99,DELTA,,0,5,1000,566,no,81,9
2025-05-22T19:20:00.993687,KXBTCD-25MAY2223-T112249.99,DELTA,,0,5,1000,567,no,6,-4860
2025-05-22T19:20:00.994616,KXBTCD-25MAY2223-T112249.99,DELTA,,0,5,1000,568,no,8,3645
2025-05-22T19:20:01.052782,KXBTCD-25MAY2223-T112249.99,DELTA,,0,5,1000,569,no,7,-20000
2025-05-22T19:20:01.092774,KXBTCD-25MAY2223-T112249.99,DELTA,,0,5,1000,570,no,9,20000
2025-05-22T19:20:04.093036,KXBTCD-25MAY2223-T112249.99,DELTA,,0,6,100,571,no,95,-1000
2025-05-22T19:20:04.131620,KXBTCD-25MAY2223-T112249.99,DELTA,,0,6,1100,572,no,94,1000
2025-05-22T19:20:05.095437,KXBTCD-25MAY2223-T112249.99,DELTA,,0,6,100,573,no,94,-1000
2025-05-22T19:20:05.137922,KXBTCD-25MAY2223-T112249.99,DELTA,,0,5,1000,574,no,95,1000
2025-05-22T19:20:14.172336,KXBTCD-25MAY2223-T112249.99,DELTA,,0,5,1000,575,no,8,-3645
2025-05-22T19:20:14.173215,KXBTCD-25MAY2223-T112249.99,DELTA,,0,5,1000,576,no,10,2592
2025-05-22T19:20:14.232230,KXBTCD-25MAY2223-T112249.99,DELTA,,0,5,1000,577,no,9,-20000
2025-05-22T19:20:14.292275,KXBTCD-25MAY2223-T112249.99,DELTA,,0,5,1000,578,no,81,-9
2025-05-22T19:20:19.352661,KXBTCD-25MAY2223-T112249.99,DELTA,,0,5,1000,579,no,61,2000
2025-05-22T19:20:26.034658,KXBTCD-25MAY2223-T112249.99,DELTA,,0,5,1000,580,no,61,-2000
2025-05-22T19:20:26.111204,KXBTCD-25MAY2223-T112249.99,DELTA,,0,5,1000,581,no,10,-2592
2025-05-22T19:20:26.111428,KXBTCD-25MAY2223-T112249.99,DELTA,,0,5,1000,582,no,4,6480
2025-05-22T19:20:26.271103,KXBTCD-25MAY2223-T112249.99,DELTA,,0,5,1000,583,no,5,20000
2025-05-22T19:20:28.472978,KXBTCD-25MAY2223-T112249.99,DELTA,,0,5,1000,584,no,94,-100
2025-05-22T19:20:28.532803,KXBTCD-25MAY2223-T112249.99,DELTA,,0,20,3000,585,no,95,-1000
2025-05-22T19:20:28.572576,KXBTCD-25MAY2223-T112249.99,DELTA,,0,20,3000,586,no,61,1000
2025-05-22T19:20:30.373822,KXBTCD-25MAY2223-T112249.99,DELTA,,0,8,100,587,no,92,100
2025-05-22T19:20:30.433707,KXBTCD-25MAY2223-T112249.99,DELTA,,0,8,100,588,no,61,-1000
2025-05-22T19:20:30.492441,KXBTCD-25MAY2223-T112249.99,DELTA,,0,8,100,589,no,81,9
2025-05-22T19:20:30.493164,KXBTCD-25MAY2223-T112249.99,DELTA,,0,7,1000,590,no,93,1000
2025-05-22T19:20:30.912122,KXBTCD-25MAY2223-T112249.99,DELTA,,0,7,1000,591,no,92,-100
2025-05-22T19:20:30.971905,KXBTCD-25MAY2223-T112249.99,DELTA,,0,19,9,592,no,93,-1000
2025-05-22T19:20:31.013291,KXBTCD-25MAY2223-T112249.99,DELTA,,0,19,9,593,no,61,1000
2025-05-22T19:20:32.652788,KXBTCD-25MAY2223-T112249.99,DELTA,,0,7,100,594,no,93,100
2025-05-22T19:20:32.712975,KXBTCD-25MAY2223-T112249.99,DELTA,,0,7,100,595,no,61,-1000
2025-05-22T19:20:32.754020,KXBTCD-25MAY2223-T112249.99,DELTA,,0,6,1000,596,no,94,1000
2025-05-22T19:20:37.152581,KXBTCD-25MAY2223-T112249.99,DELTA,,0,6,1000,597,no,4,-6480
2025-05-22T19:20:37.153746,KXBTCD-25MAY2223-T112249.99,DELTA,,0,6,1000,598,no,6,4320
2025-05-22T19:20:37.232619,KXBTCD-25MAY2223-T112249.99,DELTA,,0,6,1000,599,no,5,-20000
2025-05-22T19:20:37.273406,KXBTCD-25MAY2223-T112249.99,DELTA,,0,6,1000,600,no,81,-9
2025-05-22T19:20:37.274448,KXBTCD-25MAY2223-T112249.99,DELTA,,0,6,1000,601,no,7,20000
2025-05-22T19:20:49.292594,KXBTCD-25MAY2223-T112249.99,DELTA,,0,6,1000,602,no,6,-4320
2025-05-22T19:20:49.293731,KXBTCD-25MAY2223-T112249.99,DELTA,,0,6,1000,603,no,8,3240
2025-05-22T19:20:49.371896,KXBTCD-25MAY2223-T112249.99,DELTA,,0,6,1000,604,no,7,-20000
2025-05-22T19:20:49.414017,KXBTCD-25MAY2223-T112249.99,DELTA,,0,6,1000,605,no,9,20000
2025-05-22T19:21:01.170615,KXBTCD-25MAY2223-T112249.99,DELTA,,0,6,1000,606,no,8,-3240
2025-05-22T19:21:01.171048,KXBTCD-25MAY2223-T112249.99,DELTA,,0,6,1000,607,no,10,2592
2025-05-22T19:21:01.252375,KXBTCD-25MAY2223-T112249.99,DELTA,,0,6,1000,608,no,9,-20000
2025-05-22T19:21:10.151264,KXBTCD-25MAY2223-T112249.99,DELTA,,0,7,100,609,no,94,-1000
2025-05-22T19:21:10.222987,KXBTCD-25MAY2223-T112249.99,DELTA,,0,7,1100,610,no,93,1000
2025-05-22T19:21:10.272647,KXBTCD-25MAY2223-T112249.99,DELTA,,0,7,1100,611,no,81,9
2025-05-22T19:21:10.351877,KXBTCD-25MAY2223-T112249.99,DELTA,,0,7,100,612,no,93,-1000
2025-05-22T19:21:10.411740,KXBTCD-25MAY2223-T112249.99,DELTA,,0,6,1000,613,no,94,1000
2025-05-22T19:21:11.236163,KXBTCD-25MAY2223-T112249.99,DELTA,,0,7,100,614,no,94,-1000
2025-05-22T19:21:11.247165,KXBTCD-25MAY2223-T112249.99,DELTA,,0,7,1100,615,no,93,1000
2025-05-22T19:21:11.391808,KXBTCD-25MAY2223-T112249.99,DELTA,,0,7,100,616,no,93,-1000
2025-05-22T19:21:11.436255,KXBTCD-25MAY2223-T112249.99,DELTA,,0,6,1000,617,no,94,1000
2025-05-22T19:21:11.672288,KXBTCD-25MAY2223-T112249.99,DELTA,,0,6,1000,618,no,10,-2592
2025-05-22T19:21:11.673393,KXBTCD-25MAY2223-T112249.99,DELTA,,0,6,1000,619,no,4,6480
2025-05-22T19:21:11.934706,KXBTCD-25MAY2223-T112249.99,DELTA,,0,6,1000,620,no,5,20000
2025-05-22T19:21:12.053067,KXBTCD-25MAY2223-T112249.99,DELTA,,0,7,100,621,no,94,-1000
2025-05-22T19:21:12.094985,KXBTCD-25MAY2223-T112249.99,DELTA,,0,7,1100,622,no,93,1000
2025-05-22T19:21:12.331595,KXBTCD-25MAY2223-T112249.99,DELTA,,0,7,100,623,no,93,-1000
2025-05-22T19:21:12.371563,KXBTCD-25MAY2223-T112249.99,DELTA,,0,6,1000,624,no,94,1000
2025-05-22T19:21:13.290413,KXBTCD-25MAY2223-T112249.99,DELTA,,0,6,1000,625,no,93,-100
2025-05-22T19:21:13.333065,KXBTCD-25MAY2223-T112249.99,DELTA,,0,19,9,626,no,94,-1000
2025-05-22T19:21:13.373933,KXBTCD-25MAY2223-T112249.99,DELTA,,0,19,9,627,no,61,1000
2025-05-22T19:21:13.374768,KXBTCD-25MAY2223-T112249.99,DELTA,,0,20,3000,628,no,81,-9
2025-05-22T19:21:15.592785,KXBTCD-25MAY2223-T112249.99,DELTA,,0,8,100,629,no,92,100
2025-05-22T19:21:15.652423,KXBTCD-25MAY2223-T112249.99,DELTA,,0,8,100,630,no,61,-1000
2025-05-22T19:21:15.691641,KXBTCD-25MAY2223-T112249.99,DELTA,,0,7,1000,631,no,93,1000
2025-05-22T19:21:15.711802,KXBTCD-25MAY2223-T112249.99,DELTA,,0,7,1000,632,no,81,9
2025-05-22T19:21:18.000649,KXBTCD-25MAY2223-T112249.99,DELTA,1,100,7,1000,633,yes,1,100
2025-05-22T19:21:18.051080,KXBTCD-25MAY2223-T112249.99,DELTA,2,1000,7,1000,634,yes,2,1000
2025-05-22T19:21:18.072737,KXBTCD-25MAY2223-T112249.99,DELTA,2,1000,7,1000,635,no,81,-9
2025-05-22T19:21:19.672213,KXBTCD-25MAY2223-T112249.99,DELTA,2,1000,6,250,636,no,94,250
2025-05-22T19:21:19.673286,KXBTCD-25MAY2223-T112249.99,DELTA,2,1000,6,250,637,no,90,250
2025-05-22T19:21:19.692329,KXBTCD-25MAY2223-T112249.99,DELTA,2,1000,6,250,638,no,86,250
2025-05-22T19:21:19.693185,KXBTCD-25MAY2223-T112249.99,DELTA,2,1000,6,250,639,no,92,250
2025-05-22T19:21:19.711701,KXBTCD-25MAY2223-T112249.99,DELTA,2,1000,6,250,640,no,88,250
2025-05-22T19:21:19.953584,KXBTCD-25MAY2223-T112249.99,DELTA,2,1000,6,250,641,no,91,1250
2025-05-22T19:21:20.151735,KXBTCD-25MAY2223-T112249.99,DELTA,2,1000,6,250,642,no,90,2000
2025-05-22T19:21:20.291503,KXBTCD-25MAY2223-T112249.99,DELTA,1,100,6,250,643,yes,2,-1000
2025-05-22T19:21:20.293131,KXBTCD-25MAY2223-T112249.99,DELTA,1,100,6,250,644,no,90,-2000
2025-05-22T19:21:20.310642,KXBTCD-25MAY2223-T112249.99,DELTA,1,100,6,250,645,no,93,-1000
2025-05-22T19:21:20.311466,KXBTCD-25MAY2223-T112249.99,DELTA,1,100,6,250,646,no,91,-1250
2025-05-22T19:21:20.373408,KXBTCD-25MAY2223-T112249.99,DELTA,1,1100,6,250,647,yes,1,1000
2025-05-22T19:21:20.374183,KXBTCD-25MAY2223-T112249.99,DELTA,1,1100,6,1250,648,no,94,1000
2025-05-22T19:21:20.374707,KXBTCD-25MAY2223-T112249.99,DELTA,1,1100,6,1250,649,no,91,2000
2025-05-22T19:21:20.375149,KXBTCD-25MAY2223-T112249.99,DELTA,1,1100,6,1250,650,no,92,1250
2025-05-22T19:21:24.713098,KXBTCD-25MAY2223-T112249.99,DELTA,1,1100,6,1250,651,no,4,-6480
2025-05-22T19:21:24.713953,KXBTCD-25MAY2223-T112249.99,DELTA,1,1100,6,1250,652,no,6,4320
2025-05-22T19:21:24.772284,KXBTCD-25MAY2223-T112249.99,DELTA,1,1100,6,1250,653,no,5,-20000
2025-05-22T19:21:24.813228,KXBTCD-25MAY2223-T112249.99,DELTA,1,1100,6,1250,654,no,7,20000
2025-05-22T19:21:30.653000,KXBTCD-25MAY2223-T112249.99,DELTA,1,1000,6,1250,655,yes,1,-100
2025-05-22T19:21:30.672032,KXBTCD-25MAY2223-T112249.99,DELTA,1,1000,6,1250,656,no,92,-100
2025-05-22T19:21:30.711632,KXBTCD-25MAY2223-T112249.99,DELTA,,0,6,1250,657,yes,1,-1000
2025-05-22T19:21:31.033878,KXBTCD-25MAY2223-T112249.99,DELTA,,0,6,1250,658,no,91,-2000
2025-05-22T19:21:31.034882,KXBTCD-25MAY2223-T112249.99,DELTA,,0,6,250,659,no,94,-1000
2025-05-22T19:21:31.052852,KXBTCD-25MAY2223-T112249.99,DELTA,,0,6,250,660,no,92,-1250
2025-05-22T19:21:31.092219,KXBTCD-25MAY2223-T112249.99,DELTA,,0,6,250,661,no,93,1000
2025-05-22T19:21:31.093007,KXBTCD-25MAY2223-T112249.99,DELTA,,0,6,250,662,no,91,1250
2025-05-22T19:21:31.111234,KXBTCD-25MAY2223-T112249.99,DELTA,,0,6,250,663,no,90,2000
2025-05-22T19:21:32.370726,KXBTCD-25MAY2223-T112249.99,DELTA,,0,6,250,664,no,93,100
2025-05-22T19:21:34.092695,KXBTCD-25MAY2223-T112249.99,DELTA,,0,7,1100,665,no,94,-250
2025-05-22T19:21:34.112519,KXBTCD-25MAY2223-T112249.99,DELTA,,0,7,1100,666,no,88,-250
2025-05-22T19:21:34.113257,KXBTCD-25MAY2223-T112249.99,DELTA,,0,7,1100,667,no,86,-250
2025-05-22T19:21:34.132734,KXBTCD-25MAY2223-T112249.99,DELTA,,0,7,1100,668,no,90,-250
2025-05-22T19:21:34.154313,KXBTCD-25MAY2223-T112249.99,DELTA,,0,7,1100,669,no,92,-250
2025-05-22T19:21:34.212667,KXBTCD-25MAY2223-T112249.99,DELTA,,0,7,1100,670,no,90,-2000
2025-05-22T19:21:34.213775,KXBTCD-25MAY2223-T112249.99,DELTA,,0,7,1100,671,no,91,-1250
2025-05-22T19:21:34.252662,KXBTCD-25MAY2223-T112249.99,DELTA,,0,7,1100,672,no,61,2000
2025-05-22T19:21:35.822527,KXBTCD-25MAY2223-T112249.99,DELTA,,0,7,1100,673,no,6,-4320
2025-05-22T19:21:35.823568,KXBTCD-25MAY2223-T112249.99,DELTA,,0,7,1100,674,no,8,3240
2025-05-22T19:21:35.872409,KXBTCD-25MAY2223-T112249.99,DELTA,,0,7,1100,675,no,7,-20000
2025-05-22T19:21:35.911666,KXBTCD-25MAY2223-T112249.99,DELTA,,0,7,1100,676,no,9,20000
2025-05-22T19:21:39.031373,KXBTCD-25MAY2223-T112249.99,DELTA,,0,7,1100,677,no,8,-3240
2025-05-22T19:21:39.110754,KXBTCD-25MAY2223-T112249.99,DELTA,,0,7,1100,678,no,9,-20000
2025-05-22T19:21:40.733023,KXBTCD-25MAY2223-T112249.99,DELTA,,0,7,100,679,no,93,-1000
2025-05-22T19:21:40.770502,KXBTCD-25MAY2223-T112249.99,DELTA,,0,6,1000,680,no,94,1000
2025-05-22T19:21:40.891249,KXBTCD-25MAY2223-T112249.99,DELTA,,0,6,1000,681,no,81,9
2025-05-22T19:21:42.010514,KXBTCD-25MAY2223-T112249.99,DELTA,,0,7,100,682,no,94,-1000
2025-05-22T19:21:42.051629,KXBTCD-25MAY2223-T112249.99,DELTA,,0,7,1100,683,no,93,1000
2025-05-22T19:21:47.072016,KXBTCD-25MAY2223-T112249.99,DELTA,,0,7,1100,684,no,4,6480
2025-05-22T19:21:47.130475,KXBTCD-25MAY2223-T112249.99,DELTA,,0,7,1100,685,no,5,20000
2025-05-22T19:21:47.192735,KXBTCD-25MAY2223-T112249.99,DELTA,,0,7,1100,686,no,81,-9
2025-05-22T19:21:49.190844,KXBTCD-25MAY2223-T112249.99,DELTA,,0,7,100,687,no,93,-1000
2025-05-22T19:21:49.231923,KXBTCD-25MAY2223-T112249.99,DELTA,,0,6,1000,688,no,94,1000
2025-05-22T19:21:49.290334,KXBTCD-25MAY2223-T112249.99,DELTA,,0,6,1000,689,no,81,9
2025-05-22T19:21:50.155028,KXBTCD-25MAY2223-T112249.99,DELTA,,0,7,100,690,no,94,-1000
2025-05-22T19:21:50.192696,KXBTCD-25MAY2223-T112249.99,DELTA,,0,7,1100,691,no,93,1000
2025-05-22T19:21:56.491682,KXBTCD-25MAY2223-T112249.99,DELTA,,0,7,100,692,no,93,-1000
2025-05-22T19:21:56.531901,KXBTCD-25MAY2223-T112249.99,DELTA,,0,6,1000,693,no,94,1000
2025-05-22T19:21:58.751403,KXBTCD-25MAY2223-T112249.99,DELTA,,0,6,1000,694,no,4,-6480
2025-05-22T19:21:58.752633,KXBTCD-25MAY2223-T112249.99,DELTA,,0,6,1000,695,no,6,4320
2025-05-22T19:21:58.811317,KXBTCD-25MAY2223-T112249.99,DELTA,,0,6,1000,696,no,5,-20000
2025-05-22T19:21:58.852186,KXBTCD-25MAY2223-T112249.99,DELTA,,0,6,1000,697,no,7,20000
2025-05-22T19:21:58.853132,KXBTCD-25MAY2223-T112249.99,DELTA,,0,6,1000,698,no,81,-9
2025-05-22T19:22:00.092512,KXBTCD-25MAY2223-T112249.99,DELTA,,0,7,100,699,no,94,-1000
2025-05-22T19:22:00.130989,KXBTCD-25MAY2223-T112249.99,DELTA,,0,7,1100,700,no,93,1000
2025-05-22T19:22:00.210948,KXBTCD-25MAY2223-T112249.99,DELTA,,0,7,1100,701,no,81,9
2025-05-22T19:22:10.893028,KXBTCD-25MAY2223-T112249.99,DELTA,,0,7,1100,702,no,6,-4320
2025-05-22T19:22:10.894161,KXBTCD-25MAY2223-T112249.99,DELTA,,0,7,1100,703,no,8,3240
2025-05-22T19:22:10.952261,KXBTCD-25MAY2223-T112249.99,DELTA,,0,7,1100,704,no,7,-20000
2025-05-22T19:22:10.990921,KXBTCD-25MAY2223-T112249.99,DELTA,,0,7,1100,705,no,9,20000
2025-05-22T19:22:11.011459,KXBTCD-25MAY2223-T112249.99,DELTA,,0,7,1100,706,no,81,-9
2025-05-22T19:22:12.571538,KXBTCD-25MAY2223-T112249.99,DELTA,,0,7,100,707,no,93,-1000
2025-05-22T19:22:12.611709,KXBTCD-25MAY2223-T112249.99,DELTA,,0,6,1000,708,no,94,1000
2025-05-22T19:22:12.673256,KXBTCD-25MAY2223-T112249.99,DELTA,,0,6,1000,709,no,81,9
2025-05-22T19:22:22.551494,KXBTCD-25MAY2223-T112249.99,DELTA,,0,6,1000,710,no,8,-3240
2025-05-22T19:22:22.552149,KXBTCD-25MAY2223-T112249.99,DELTA,,0,6,1000,711,no,10,2592
2025-05-22T19:22:22.611124,KXBTCD-25MAY2223-T112249.99,DELTA,,0,6,1000,712,no,9,-20000
2025-05-22T19:22:22.650893,KXBTCD-25MAY2223-T112249.99,DELTA,,0,6,1000,713,no,81,-9
2025-05-22T19:22:34.150764,KXBTCD-25MAY2223-T112249.99,DELTA,,0,6,1000,714,no,10,-2592
2025-05-22T19:22:34.151971,KXBTCD-25MAY2223-T112249.99,DELTA,,0,6,1000,715,no,4,6480
2025-05-22T19:22:34.211803,KXBTCD-25MAY2223-T112249.99,DELTA,,0,6,1000,716,no,5,20000
2025-05-22T19:22:45.310890,KXBTCD-25MAY2223-T112249.99,DELTA,,0,6,1000,717,no,4,-6480
2025-05-22T19:22:45.311848,KXBTCD-25MAY2223-T112249.99,DELTA,,0,6,1000,718,no,6,4320
2025-05-22T19:22:45.411906,KXBTCD-25MAY2223-T112249.99,DELTA,,0,6,1000,719,no,5,-20000
2025-05-22T19:22:45.450873,KXBTCD-25MAY2223-T112249.99,DELTA,,0,6,1000,720,no,7,20000
2025-05-22T19:22:57.710799,KXBTCD-25MAY2223-T112249.99,DELTA,,0,6,1000,721,no,6,-4320
2025-05-22T19:22:57.711826,KXBTCD-25MAY2223-T112249.99,DELTA,,0,6,1000,722,no,8,3240
2025-05-22T19:22:57.771203,KXBTCD-25MAY2223-T112249.99,DELTA,,0,6,1000,723,no,7,-20000
2025-05-22T19:22:57.911982,KXBTCD-25MAY2223-T112249.99,DELTA,,0,6,1000,724,no,9,20000
2025-05-22T19:22:59.549476,KXBTCD-25MAY2223-T112249.99,DELTA,,0,6,1000,725,no,93,-100
2025-05-22T19:22:59.610495,KXBTCD-25MAY2223-T112249.99,DELTA,,0,20,3000,726,no,94,-1000
2025-05-22T19:22:59.830667,KXBTCD-25MAY2223-T112249.99,DELTA,,0,20,3000,727,no,61,1000
2025-05-22T19:23:01.090398,KXBTCD-25MAY2223-T112249.99,DELTA,,0,6,100,728,no,94,100
2025-05-22T19:23:01.210182,KXBTCD-25MAY2223-T112249.99,DELTA,,0,6,100,729,no,81,9
2025-05-22T19:23:01.698680,KXBTCD-25MAY2223-T112249.99,DELTA,,0,6,100,730,no,61,-1000
2025-05-22T19:23:01.751072,KXBTCD-25MAY2223-T112249.99,DELTA,,0,5,1000,731,no,95,1000
2025-05-22T19:23:10.111773,KXBTCD-25MAY2223-T112249.99,DELTA,,0,5,1000,732,no,8,-3240
2025-05-22T19:23:10.112919,KXBTCD-25MAY2223-T112249.99,DELTA,,0,5,1000,733,no,10,2592
2025-05-22T19:23:10.191793,KXBTCD-25MAY2223-T112249.99,DELTA,,0,5,1000,734,no,9,-20000
2025-05-22T19:23:10.234756,KXBTCD-25MAY2223-T112249.99,DELTA,,0,5,1000,735,no,81,-9
2025-05-22T19:23:22.610136,KXBTCD-25MAY2223-T112249.99,DELTA,,0,5,1000,736,no,10,-2592
2025-05-22T19:23:22.610812,KXBTCD-25MAY2223-T112249.99,DELTA,,0,5,1000,737,no,4,6480
2025-05-22T19:23:22.770184,KXBTCD-25MAY2223-T112249.99,DELTA,,0,5,1000,738,no,5,20000
2025-05-22T19:23:36.002781,KXBTCD-25MAY2223-T112249.99,DELTA,,0,5,1000,739,no,4,-6480
2025-05-22T19:23:36.003936,KXBTCD-25MAY2223-T112249.99,DELTA,,0,5,1000,740,no,6,4320
2025-05-22T19:23:36.051086,KXBTCD-25MAY2223-T112249.99,DELTA,,0,5,1000,741,no,5,-20000
2025-05-22T19:23:36.109739,KXBTCD-25MAY2223-T112249.99,DELTA,,0,5,1000,742,no,7,20000
2025-05-22T19:23:47.051111,KXBTCD-25MAY2223-T112249.99,DELTA,,0,5,1000,743,no,6,-4320
2025-05-22T19:23:47.129999,KXBTCD-25MAY2223-T112249.99,DELTA,,0,5,1000,744,no,7,-20000
2025-05-22T19:24:00.590398,KXBTCD-25MAY2223-T112249.99,DELTA,,0,5,1000,745,no,4,6480
2025-05-22T19:24:00.651215,KXBTCD-25MAY2223-T112249.99,DELTA,,0,5,1000,746,no,5,20000
2025-05-22T19:24:13.109553,KXBTCD-25MAY2223-T112249.99,DELTA,,0,5,1000,747,no,4,-6480
2025-05-22T19:24:13.110450,KXBTCD-25MAY2223-T112249.99,DELTA,,0,5,1000,748,no,6,4320
2025-05-22T19:24:13.189461,KXBTCD-25MAY2223-T112249.99,DELTA,,0,5,1000,749,no,5,-20000
2025-05-22T19:24:13.249386,KXBTCD-25MAY2223-T112249.99,DELTA,,0,5,1000,750,no,7,20000
2025-05-22T19:24:28.548460,KXBTCD-25MAY2223-T112249.99,DELTA,,0,5,1000,751,no,6,-4320
2025-05-22T19:24:28.548626,KXBTCD-25MAY2223-T112249.99,DELTA,,0,5,1000,752,no,8,3240
2025-05-22T19:24:28.649256,KXBTCD-25MAY2223-T112249.99,DELTA,,0,5,1000,753,no,7,-20000
2025-05-22T19:24:28.728657,KXBTCD-25MAY2223-T112249.99,DELTA,,0,5,1000,754,no,9,20000
2025-05-22T19:24:41.709634,KXBTCD-25MAY2223-T112249.99,DELTA,,0,5,1000,755,no,8,-3240
2025-05-22T19:24:41.710977,KXBTCD-25MAY2223-T112249.99,DELTA,,0,5,1000,756,no,10,2592
2025-05-22T19:24:41.768353,KXBTCD-25MAY2223-T112249.99,DELTA,,0,5,1000,757,no,9,-20000
2025-05-22T19:24:53.548234,KXBTCD-25MAY2223-T112249.99,DELTA,,0,5,1000,758,no,10,-2592
2025-05-22T19:24:53.548418,KXBTCD-25MAY2223-T112249.99,DELTA,,0,5,1000,759,no,4,6480
2025-05-22T19:24:53.608689,KXBTCD-25MAY2223-T112249.99,DELTA,,0,5,1000,760,no,5,20000
2025-05-22T19:25:05.148182,KXBTCD-25MAY2223-T112249.99,DELTA,,0,5,1000,761,no,4,-6480
2025-05-22T19:25:05.149091,KXBTCD-25MAY2223-T112249.99,DELTA,,0,5,1000,762,no,6,4320
2025-05-22T19:25:05.208402,KXBTCD-25MAY2223-T112249.99,DELTA,,0,5,1000,763,no,5,-20000
2025-05-22T19:25:05.249545,KXBTCD-25MAY2223-T112249.99,DELTA,,0,5,1000,764,no,7,20000
2025-05-22T19:25:17.127706,KXBTCD-25MAY2223-T112249.99,DELTA,,0,5,1000,765,no,6,-4320
2025-05-22T19:25:17.128586,KXBTCD-25MAY2223-T112249.99,DELTA,,0,5,1000,766,no,8,3240
2025-05-22T19:25:17.195489,KXBTCD-25MAY2223-T112249.99,DELTA,,0,5,1000,767,no,7,-20000
2025-05-22T19:25:17.235786,KXBTCD-25MAY2223-T112249.99,DELTA,,0,5,1000,768,no,9,20000
2025-05-22T19:25:21.090244,KXBTCD-25MAY2223-T112249.99,DELTA,,0,5,1000,769,no,94,-100
2025-05-22T19:25:21.148552,KXBTCD-25MAY2223-T112249.99,DELTA,,0,20,3000,770,no,95,-1000
2025-05-22T19:25:21.228302,KXBTCD-25MAY2223-T112249.99,DELTA,,0,20,3000,771,no,61,1000
2025-05-22T19:25:28.110868,KXBTCD-25MAY2223-T112249.99,DELTA,,0,20,3000,772,no,8,-3240
2025-05-22T19:25:28.111422,KXBTCD-25MAY2223-T112249.99,DELTA,,0,20,3000,773,no,10,2592
2025-05-22T19:25:28.168489,KXBTCD-25MAY2223-T112249.99,DELTA,,0,20,3000,774,no,9,-20000
2025-05-22T19:25:32.028407,KXBTCD-25MAY2223-T112249.99,DELTA,,0,6,100,775,no,94,100
2025-05-22T19:25:32.110148,KXBTCD-25MAY2223-T112249.99,DELTA,,0,6,100,776,no,61,-1000
2025-05-22T19:25:32.170784,KXBTCD-25MAY2223-T112249.99,DELTA,,0,6,100,777,no,81,9
2025-05-22T19:25:32.190513,KXBTCD-25MAY2223-T112249.99,DELTA,,0,5,1000,778,no,95,1000
2025-05-22T19:25:41.668465,KXBTCD-25MAY2223-T112249.99,DELTA,,0,5,1000,779,no,10,-2592
2025-05-22T19:25:41.669338,KXBTCD-25MAY2223-T112249.99,DELTA,,0,5,1000,780,no,4,6480
2025-05-22T19:25:41.748900,KXBTCD-25MAY2223-T112249.99,DELTA,,0,5,1000,781,no,5,20000
2025-05-22T19:25:41.767765,KXBTCD-25MAY2223-T112249.99,DELTA,,0,5,1000,782,no,81,-9
2025-05-22T19:25:54.156179,KXBTCD-25MAY2223-T112249.99,DELTA,,0,5,1000,783,no,4,-6480
2025-05-22T19:25:54.157020,KXBTCD-25MAY2223-T112249.99,DELTA,,0,5,1000,784,no,6,4320
2025-05-22T19:25:54.207575,KXBTCD-25MAY2223-T112249.99,DELTA,,0,5,1000,785,no,5,-20000
2025-05-22T19:25:54.267912,KXBTCD-25MAY2223-T112249.99,DELTA,,0,5,1000,786,no,7,20000
2025-05-22T19:26:00.149911,KXBTCD-25MAY2223-T112249.99,DELTA,,0,5,1000,787,no,6,-4320
2025-05-22T19:26:00.227790,KXBTCD-25MAY2223-T112249.99,DELTA,,0,5,1000,788,no,7,-20000
2025-05-22T19:26:08.088161,KXBTCD-25MAY2223-T112249.99,DELTA,,0,5,1000,789,no,4,6480
2025-05-22T19:26:08.148334,KXBTCD-25MAY2223-T112249.99,DELTA,,0,5,1000,790,no,5,20000
2025-05-22T19:26:19.369016,KXBTCD-25MAY2223-T112249.99,DELTA,,0,5,1000,791,no,4,-6480
2025-05-22T19:26:19.369969,KXBTCD-25MAY2223-T112249.99,DELTA,,0,5,1000,792,no,6,4320
2025-05-22T19:26:19.427970,KXBTCD-25MAY2223-T112249.99,DELTA,,0,5,1000,793,no,5,-20000
2025-05-22T19:26:19.469123,KXBTCD-25MAY2223-T112249.99,DELTA,,0,5,1000,794,no,7,20000
2025-05-22T19:26:30.029323,KXBTCD-25MAY2223-T112249.99,DELTA,,0,5,1000,795,no,6,-4320
2025-05-22T19:26:30.029450,KXBTCD-25MAY2223-T112249.99,DELTA,,0,5,1000,796,no,8,3240
2025-05-22T19:26:30.106878,KXBTCD-25MAY2223-T112249.99,DELTA,,0,5,1000,797,no,7,-20000
2025-05-22T19:26:30.148203,KXBTCD-25MAY2223-T112249.99,DELTA,,0,5,1000,798,no,9,20000
2025-05-22T19:26:41.248938,KXBTCD-25MAY2223-T112249.99,DELTA,,0,5,1000,799,no,8,-3240
2025-05-22T19:26:41.250190,KXBTCD-25MAY2223-T112249.99,DELTA,,0,5,1000,800,no,10,2592
2025-05-22T19:26:41.307024,KXBTCD-25MAY2223-T112249.99,DELTA,,0,5,1000,801,no,9,-20000
2025-05-22T19:26:52.309795,KXBTCD-25MAY2223-T112249.99,DELTA,,0,5,1000,802,no,10,-2592
2025-05-22T19:26:52.310728,KXBTCD-25MAY2223-T112249.99,DELTA,,0,5,1000,803,no,4,6480
2025-05-22T19:26:52.369088,KXBTCD-25MAY2223-T112249.99,DELTA,,0,5,1000,804,no,5,20000
2025-05-22T19:27:02.327428,KXBTCD-25MAY2223-T112249.99,DELTA,,0,5,1000,805,no,4,-6480
2025-05-22T19:27:02.328618,KXBTCD-25MAY2223-T112249.99,DELTA,,0,5,1000,806,no,6,4320
2025-05-22T19:27:02.387153,KXBTCD-25MAY2223-T112249.99,DELTA,,0,5,1000,807,no,5,-20000
2025-05-22T19:27:02.467599,KXBTCD-25MAY2223-T112249.99,DELTA,,0,5,1000,808,no,7,20000
2025-05-22T19:27:13.647428,KXBTCD-25MAY2223-T112249.99,DELTA,,0,5,1000,809,no,6,-4320
2025-05-22T19:27:13.647966,KXBTCD-25MAY2223-T112249.99,DELTA,,0,5,1000,810,no,8,3240
2025-05-22T19:27:13.708127,KXBTCD-25MAY2223-T112249.99,DELTA,,0,5,1000,811,no,7,-20000
2025-05-22T19:27:13.748613,KXBTCD-25MAY2223-T112249.99,DELTA,,0,5,1000,812,no,9,20000
2025-05-22T19:27:19.388078,KXBTCD-25MAY2223-T112249.99,DELTA,,0,5,1000,813,no,94,-100
2025-05-22T19:27:19.446735,KXBTCD-25MAY2223-T112249.99,DELTA,,0,20,3000,814,no,95,-1000
2025-05-22T19:27:19.488534,KXBTCD-25MAY2223-T112249.99,DELTA,,0,20,3000,815,no,61,1000
2025-05-22T19:27:25.306793,KXBTCD-25MAY2223-T112249.99,DELTA,,0,20,3000,816,no,8,-3240
2025-05-22T19:27:25.307422,KXBTCD-25MAY2223-T112249.99,DELTA,,0,20,3000,817,no,10,2592
2025-05-22T19:27:25.367338,KXBTCD-25MAY2223-T112249.99,DELTA,,0,20,3000,818,no,9,-20000
2025-05-22T19:27:39.266312,KXBTCD-25MAY2223-T112249.99,DELTA,,0,20,3000,819,no,10,-2592
2025-05-22T19:27:39.267318,KXBTCD-25MAY2223-T112249.99,DELTA,,0,20,3000,820,no,4,6480
2025-05-22T19:27:39.326313,KXBTCD-25MAY2223-T112249.99,DELTA,,0,20,3000,821,no,5,20000
2025-05-22T19:27:45.029160,KXBTCD-25MAY2223-T112249.99,DELTA,,0,20,3000,822,no,61,-2000
2025-05-22T19:27:51.627320,KXBTCD-25MAY2223-T112249.99,DELTA,,0,20,3000,823,no,4,-6480
2025-05-22T19:27:51.628310,KXBTCD-25MAY2223-T112249.99,DELTA,,0,20,3000,824,no,6,4320
2025-05-22T19:27:51.685880,KXBTCD-25MAY2223-T112249.99,DELTA,,0,20,3000,825,no,5,-20000
2025-05-22T19:27:51.727901,KXBTCD-25MAY2223-T112249.99,DELTA,,0,20,3000,826,no,7,20000
2025-05-22T19:28:03.665529,KXBTCD-25MAY2223-T112249.99,DELTA,,0,20,3000,827,no,6,-4320
2025-05-22T19:28:03.665751,KXBTCD-25MAY2223-T112249.99,DELTA,,0,20,3000,828,no,8,3240
2025-05-22T19:28:03.726386,KXBTCD-25MAY2223-T112249.99,DELTA,,0,20,3000,829,no,7,-20000
2025-05-22T19:28:03.768061,KXBTCD-25MAY2223-T112249.99,DELTA,,0,20,3000,830,no,9,20000
2025-05-22T19:28:08.026359,KXBTCD-25MAY2223-T112249.99,DELTA,,0,20,3000,831,no,8,-3240
2025-05-22T19:28:08.166068,KXBTCD-25MAY2223-T112249.99,DELTA,,0,20,3000,832,no,9,-20000
2025-05-22T19:28:16.546929,KXBTCD-25MAY2223-T112249.99,DELTA,,0,20,3000,833,no,4,6480
2025-05-22T19:28:16.609828,KXBTCD-25MAY2223-T112249.99,DELTA,,0,20,3000,834,no,5,20000
2025-05-22T19:28:19.306818,KXBTCD-25MAY2223-T112249.99,DELTA,,0,20,3000,835,no,61,2000
2025-05-22T19:28:20.225862,KXBTCD-25MAY2223-T112249.99,DELTA,,0,6,100,836,no,94,100
2025-05-22T19:28:20.305484,KXBTCD-25MAY2223-T112249.99,DELTA,,0,6,100,837,no,61,-1000
2025-05-22T19:28:20.344546,KXBTCD-25MAY2223-T112249.99,DELTA,,0,6,100,838,no,81,9
2025-05-22T19:28:20.345117,KXBTCD-25MAY2223-T112249.99,DELTA,,0,5,1000,839,no,95,1000
2025-05-22T19:28:29.045323,KXBTCD-25MAY2223-T112249.99,DELTA,,0,5,1000,840,no,4,-6480
2025-05-22T19:28:29.045552,KXBTCD-25MAY2223-T112249.99,DELTA,,0,5,1000,841,no,6,4320
2025-05-22T19:28:29.145027,KXBTCD-25MAY2223-T112249.99,DELTA,,0,5,1000,842,no,5,-20000
2025-05-22T19:28:29.145746,KXBTCD-25MAY2223-T112249.99,DELTA,,0,5,1000,843,no,81,-9
2025-05-22T19:28:29.204863,KXBTCD-25MAY2223-T112249.99,DELTA,,0,5,1000,844,no,7,20000
2025-05-22T19:28:41.587928,KXBTCD-25MAY2223-T112249.99,DELTA,,0,5,1000,845,no,6,-4320
2025-05-22T19:28:41.588393,KXBTCD-25MAY2223-T112249.99,DELTA,,0,5,1000,846,no,8,3240
2025-05-22T19:28:41.645648,KXBTCD-25MAY2223-T112249.99,DELTA,,0,5,1000,847,no,7,-20000
2025-05-22T19:28:41.719683,KXBTCD-25MAY2223-T112249.99,DELTA,,0,5,1000,848,no,9,20000
2025-05-22T19:28:54.207800,KXBTCD-25MAY2223-T112249.99,DELTA,,0,5,1000,849,no,8,-3240
2025-05-22T19:28:54.210149,KXBTCD-25MAY2223-T112249.99,DELTA,,0,5,1000,850,no,10,2592
2025-05-22T19:28:54.264995,KXBTCD-25MAY2223-T112249.99,DELTA,,0,5,1000,851,no,9,-20000
2025-05-22T19:29:05.966067,KXBTCD-25MAY2223-T112249.99,DELTA,,0,5,1000,852,no,10,-2592
2025-05-22T19:29:05.967127,KXBTCD-25MAY2223-T112249.99,DELTA,,0,5,1000,853,no,4,6480
2025-05-22T19:29:06.067775,KXBTCD-25MAY2223-T112249.99,DELTA,,0,5,1000,854,no,5,20000
2025-05-22T19:29:18.824874,KXBTCD-25MAY2223-T112249.99,DELTA,,0,5,1000,855,no,4,-6480
2025-05-22T19:29:18.825560,KXBTCD-25MAY2223-T112249.99,DELTA,,0,5,1000,856,no,6,4320
2025-05-22T19:29:18.886161,KXBTCD-25MAY2223-T112249.99,DELTA,,0,5,1000,857,no,5,-20000
2025-05-22T19:29:18.945761,KXBTCD-25MAY2223-T112249.99,DELTA,,0,5,1000,858,no,7,20000
2025-05-22T19:29:30.646138,KXBTCD-25MAY2223-T112249.99,DELTA,,0,5,1000,859,no,6,-4320
2025-05-22T19:29:30.647019,KXBTCD-25MAY2223-T112249.99,DELTA,,0,5,1000,860,no,8,3240
2025-05-22T19:29:30.725100,KXBTCD-25MAY2223-T112249.99,DELTA,,0,5,1000,861,no,7,-20000
2025-05-22T19:29:30.785263,KXBTCD-25MAY2223-T112249.99,DELTA,,0,5,1000,862,no,9,20000
2025-05-22T19:29:42.406402,KXBTCD-25MAY2223-T112249.99,DELTA,,0,5,1000,863,no,8,-3240
2025-05-22T19:29:42.407863,KXBTCD-25MAY2223-T112249.99,DELTA,,0,5,1000,864,no,10,2592
2025-05-22T19:29:42.465778,KXBTCD-25MAY2223-T112249.99,DELTA,,0,5,1000,865,no,9,-20000
2025-05-22T19:29:42.466730,KXBTCD-25MAY2223-T112249.99,DELTA,,0,5,1000,866,no,94,-100
2025-05-22T19:29:42.525237,KXBTCD-25MAY2223-T112249.99,DELTA,,0,20,3000,867,no,95,-1000
2025-05-22T19:29:42.564920,KXBTCD-25MAY2223-T112249.99,DELTA,,0,20,3000,868,no,61,1000
2025-05-22T19:29:54.784399,KXBTCD-25MAY2223-T112249.99,DELTA,,0,20,3000,869,no,10,-2592
2025-05-22T19:29:54.785521,KXBTCD-25MAY2223-T112249.99,DELTA,,0,20,3000,870,no,4,6480
2025-05-22T19:29:54.844388,KXBTCD-25MAY2223-T112249.99,DELTA,,0,20,3000,871,no,5,20000
2025-05-22T19:30:07.727650,KXBTCD-25MAY2223-T112249.99,DELTA,,0,20,3000,872,no,4,-6480
2025-05-22T19:30:07.728690,KXBTCD-25MAY2223-T112249.99,DELTA,,0,20,3000,873,no,6,3780
2025-05-22T19:30:07.785884,KXBTCD-25MAY2223-T112249.99,DELTA,,0,20,3000,874,no,5,-20000
2025-05-22T19:30:07.844904,KXBTCD-25MAY2223-T112249.99,DELTA,,0,20,3000,875,no,7,20000
2025-05-22T19:30:16.048030,KXBTCD-25MAY2223-T112249.99,DELTA,,0,20,3000,876,no,6,-3780
2025-05-22T19:30:16.125968,KXBTCD-25MAY2223-T112249.99,DELTA,,0,20,3000,877,no,7,-20000
2025-05-22T19:30:28.548331,KXBTCD-25MAY2223-T112249.99,DELTA,,0,20,3000,878,no,4,5670
2025-05-22T19:30:28.606533,KXBTCD-25MAY2223-T112249.99,DELTA,,0,20,3000,879,no,5,20000
2025-05-22T19:30:38.744549,KXBTCD-25MAY2223-T112249.99,DELTA,,0,20,3000,880,no,4,-5670
2025-05-22T19:30:38.745353,KXBTCD-25MAY2223-T112249.99,DELTA,,0,20,3000,881,no,6,3780
2025-05-22T19:30:38.803270,KXBTCD-25MAY2223-T112249.99,DELTA,,0,20,3000,882,no,5,-20000
2025-05-22T19:30:38.846388,KXBTCD-25MAY2223-T112249.99,DELTA,,0,20,3000,883,no,7,20000
2025-05-22T19:30:49.644416,KXBTCD-25MAY2223-T112249.99,DELTA,,0,20,3000,884,no,6,-3780
2025-05-22T19:30:49.645576,KXBTCD-25MAY2223-T112249.99,DELTA,,0,20,3000,885,no,8,2835
2025-05-22T19:30:49.703282,KXBTCD-25MAY2223-T112249.99,DELTA,,0,20,3000,886,no,7,-20000
2025-05-22T19:31:00.164971,KXBTCD-25MAY2223-T112249.99,DELTA,,0,20,3000,887,no,8,-2835
2025-05-22T19:31:00.165742,KXBTCD-25MAY2223-T112249.99,DELTA,,0,20,3000,888,no,4,5670
2025-05-22T19:31:00.224501,KXBTCD-25MAY2223-T112249.99,DELTA,,0,20,3000,889,no,5,20000
2025-05-22T19:31:10.823025,KXBTCD-25MAY2223-T112249.99,DELTA,,0,20,3000,890,no,4,-5670
2025-05-22T19:31:10.824184,KXBTCD-25MAY2223-T112249.99,DELTA,,0,20,3000,891,no,6,3780
2025-05-22T19:31:10.884958,KXBTCD-25MAY2223-T112249.99,DELTA,,0,20,3000,892,no,5,-20000
2025-05-22T19:31:10.945047,KXBTCD-25MAY2223-T112249.99,DELTA,,0,20,3000,893,no,7,20000
2025-05-22T19:31:22.043401,KXBTCD-25MAY2223-T112249.99,DELTA,,0,20,3000,894,no,6,-3780
2025-05-22T19:31:22.043594,KXBTCD-25MAY2223-T112249.99,DELTA,,0,20,3000,895,no,8,2835
2025-05-22T19:31:22.103124,KXBTCD-25MAY2223-T112249.99,DELTA,,0,20,3000,896,no,7,-20000
2025-05-22T19:31:33.942764,KXBTCD-25MAY2223-T112249.99,DELTA,,0,20,3000,897,no,8,-2835
2025-05-22T19:31:33.943776,KXBTCD-25MAY2223-T112249.99,DELTA,,0,20,3000,898,no,4,5670
2025-05-22T19:31:34.002968,KXBTCD-25MAY2223-T112249.99,DELTA,,0,20,3000,899,no,5,20000
2025-05-22T19:31:45.544117,KXBTCD-25MAY2223-T112249.99,DELTA,,0,20,3000,900,no,4,-5670
2025-05-22T19:31:45.545268,KXBTCD-25MAY2223-T112249.99,DELTA,,0,20,3000,901,no,6,3780
2025-05-22T19:31:45.603185,KXBTCD-25MAY2223-T112249.99,DELTA,,0,20,3000,902,no,5,-20000
2025-05-22T19:31:45.642511,KXBTCD-25MAY2223-T112249.99,DELTA,,0,20,3000,903,no,7,20000
2025-05-22T19:31:58.163492,KXBTCD-25MAY2223-T112249.99,DELTA,,0,20,3000,904,no,6,-3780
2025-05-22T19:31:58.163699,KXBTCD-25MAY2223-T112249.99,DELTA,,0,20,3000,905,no,8,2835
2025-05-22T19:31:58.221981,KXBTCD-25MAY2223-T112249.99,DELTA,,0,20,3000,906,no,7,-20000
2025-05-22T19:32:05.283660,KXBTCD-25MAY2223-T112249.99,DELTA,,0,20,3000,907,no,60,-200
2025-05-22T19:32:05.283874,KXBTCD-25MAY2223-T112249.99,DELTA,,0,20,3000,908,no,70,200
2025-05-22T19:32:05.422171,KXBTCD-25MAY2223-T112249.99,DELTA,,0,20,3000,909,no,61,-2000
2025-05-22T19:32:05.423906,KXBTCD-25MAY2223-T112249.99,DELTA,,0,20,3000,910,no,61,-1000
2025-05-22T19:32:05.462628,KXBTCD-25MAY2223-T112249.99,DELTA,,0,20,3000,911,no,71,2000
2025-05-22T19:32:05.482731,KXBTCD-25MAY2223-T112249.99,DELTA,,0,20,3000,912,no,71,1000
2025-05-22T19:32:08.663158,KXBTCD-25MAY2223-T112249.99,DELTA,,0,20,3000,913,no,8,-2835
2025-05-22T19:32:08.664005,KXBTCD-25MAY2223-T112249.99,DELTA,,0,20,3000,914,no,4,5670
2025-05-22T19:32:08.762997,KXBTCD-25MAY2223-T112249.99,DELTA,,0,20,3000,915,no,5,20000
2025-05-22T19:32:20.142572,KXBTCD-25MAY2223-T112249.99,DELTA,,0,20,3000,916,no,4,-5670
2025-05-22T19:32:20.143973,KXBTCD-25MAY2223-T112249.99,DELTA,,0,20,3000,917,no,6,3780
2025-05-22T19:32:20.202647,KXBTCD-25MAY2223-T112249.99,DELTA,,0,20,3000,918,no,5,-20000
2025-05-22T19:32:20.262862,KXBTCD-25MAY2223-T112249.99,DELTA,,0,20,3000,919,no,7,20000
2025-05-22T19:32:28.029088,KXBTCD-25MAY2223-T112249.99,DELTA,,0,20,3000,920,no,6,-3780
2025-05-22T19:32:28.107240,KXBTCD-25MAY2223-T112249.99,DELTA,,0,20,3000,921,no,7,-20000
2025-05-22T19:32:45.883533,KXBTCD-25MAY2223-T112249.99,DELTA,,0,20,3000,922,no,4,5670
2025-05-22T19:32:45.942211,KXBTCD-25MAY2223-T112249.99,DELTA,,0,20,3000,923,no,5,20000
2025-05-22T19:32:59.122551,KXBTCD-25MAY2223-T112249.99,DELTA,,0,20,3000,924,no,4,-5670
2025-05-22T19:32:59.123389,KXBTCD-25MAY2223-T112249.99,DELTA,,0,20,3000,925,no,6,3780
2025-05-22T19:32:59.182519,KXBTCD-25MAY2223-T112249.99,DELTA,,0,20,3000,926,no,5,-20000
2025-05-22T19:32:59.223253,KXBTCD-25MAY2223-T112249.99,DELTA,,0,20,3000,927,no,7,20000
2025-05-22T19:33:10.742502,KXBTCD-25MAY2223-T112249.99,DELTA,,0,20,3000,928,no,6,-3780
2025-05-22T19:33:10.743154,KXBTCD-25MAY2223-T112249.99,DELTA,,0,20,3000,929,no,8,2835
2025-05-22T19:33:10.803055,KXBTCD-25MAY2223-T112249.99,DELTA,,0,20,3000,930,no,7,-20000
2025-05-22T19:33:22.463120,KXBTCD-25MAY2223-T112249.99,DELTA,,0,20,3000,931,no,8,-2835
2025-05-22T19:33:22.464387,KXBTCD-25MAY2223-T112249.99,DELTA,,0,20,3000,932,no,4,5670
2025-05-22T19:33:22.522736,KXBTCD-25MAY2223-T112249.99,DELTA,,0,20,3000,933,no,5,20000
2025-05-22T19:33:28.203405,KXBTCD-25MAY2223-T112249.99,DELTA,,0,20,3000,934,no,70,-200
2025-05-22T19:33:28.203716,KXBTCD-25MAY2223-T112249.99,DELTA,,0,20,3000,935,no,60,200
2025-05-22T19:33:28.300126,KXBTCD-25MAY2223-T112249.99,DELTA,,0,20,3000,936,no,71,-2000
2025-05-22T19:33:28.300296,KXBTCD-25MAY2223-T112249.99,DELTA,,0,20,3000,937,no,71,-1000
2025-05-22T19:33:28.402141,KXBTCD-25MAY2223-T112249.99,DELTA,,0,20,3000,938,no,61,2000
2025-05-22T19:33:28.422198,KXBTCD-25MAY2223-T112249.99,DELTA,,0,20,3000,939,no,61,1000
2025-05-22T19:33:33.783212,KXBTCD-25MAY2223-T112249.99,DELTA,,0,20,3000,940,no,4,-5670
2025-05-22T19:33:33.784268,KXBTCD-25MAY2223-T112249.99,DELTA,,0,20,3000,941,no,6,3780
2025-05-22T19:33:33.843121,KXBTCD-25MAY2223-T112249.99,DELTA,,0,20,3000,942,no,5,-20000
2025-05-22T19:33:33.882199,KXBTCD-25MAY2223-T112249.99,DELTA,,0,20,3000,943,no,7,20000
2025-05-22T19:33:44.541461,KXBTCD-25MAY2223-T112249.99,DELTA,,0,20,3000,944,no,6,-3780
2025-05-22T19:33:44.542513,KXBTCD-25MAY2223-T112249.99,DELTA,,0,20,3000,945,no,8,2835
2025-05-22T19:33:44.604542,KXBTCD-25MAY2223-T112249.99,DELTA,,0,20,3000,946,no,7,-20000
2025-05-22T19:33:56.698206,KXBTCD-25MAY2223-T112249.99,DELTA,,0,20,3000,947,no,8,-2835
2025-05-22T19:33:56.699149,KXBTCD-25MAY2223-T112249.99,DELTA,,0,20,3000,948,no,4,5670
2025-05-22T19:33:56.700186,KXBTCD-25MAY2223-T112249.99,DELTA,,0,20,3000,949,no,5,20000
2025-05-22T19:34:08.977280,KXBTCD-25MAY2223-T112249.99,DELTA,,0,20,3000,950,no,4,-5670
2025-05-22T19:34:08.978418,KXBTCD-25MAY2223-T112249.99,DELTA,,0,20,3000,951,no,6,3780
2025-05-22T19:34:09.037275,KXBTCD-25MAY2223-T112249.99,DELTA,,0,20,3000,952,no,5,-20000
2025-05-22T19:34:09.077189,KXBTCD-25MAY2223-T112249.99,DELTA,,0,20,3000,953,no,7,20000
2025-05-22T19:34:22.109473,KXBTCD-25MAY2223-T112249.99,DELTA,,0,20,3000,954,no,6,-3780
2025-05-22T19:34:22.110124,KXBTCD-25MAY2223-T112249.99,DELTA,,0,20,3000,955,no,8,2835
2025-05-22T19:34:22.185171,KXBTCD-25MAY2223-T112249.99,DELTA,,0,20,3000,956,no,7,-20000
2025-05-22T19:34:32.189456,KXBTCD-25MAY2223-T112249.99,DELTA,,0,20,3000,957,no,60,-200
2025-05-22T19:34:32.190204,KXBTCD-25MAY2223-T112249.99,DELTA,,0,20,3000,958,no,70,200
2025-05-22T19:34:32.266992,KXBTCD-25MAY2223-T112249.99,DELTA,,0,20,3000,959,no,61,-2000
2025-05-22T19:34:32.267730,KXBTCD-25MAY2223-T112249.99,DELTA,,0,20,3000,960,no,61,-1000
2025-05-22T19:34:32.368066,KXBTCD-25MAY2223-T112249.99,DELTA,,0,20,3000,961,no,71,1000
2025-05-22T19:34:32.368366,KXBTCD-25MAY2223-T112249.99,DELTA,,0,20,3000,962,no,71,2000
2025-05-22T19:34:35.628132,KXBTCD-25MAY2223-T112249.99,DELTA,,0,20,3000,963,no,8,-2835
2025-05-22T19:34:35.628869,KXBTCD-25MAY2223-T112249.99,DELTA,,0,20,3000,964,no,4,5670
2025-05-22T19:34:35.690954,KXBTCD-25MAY2223-T112249.99,DELTA,,0,20,3000,965,no,5,20000
2025-05-22T19:34:45.111904,KXBTCD-25MAY2223-T112249.99,DELTA,,0,20,3000,966,no,4,-5670
2025-05-22T19:34:45.172019,KXBTCD-25MAY2223-T112249.99,DELTA,,0,20,3000,967,no,5,-20000
2025-05-22T19:34:59.371716,KXBTCD-25MAY2223-T112249.99,DELTA,,0,20,3000,968,no,4,5670
2025-05-22T19:34:59.811470,KXBTCD-25MAY2223-T112249.99,DELTA,,0,20,3000,969,no,5,20000
2025-05-22T19:35:12.174972,KXBTCD-25MAY2223-T112249.99,DELTA,,0,20,3000,970,no,4,-5670
2025-05-22T19:35:12.176066,KXBTCD-25MAY2223-T112249.99,DELTA,,0,20,3000,971,no,6,3780
2025-05-22T19:35:12.257901,KXBTCD-25MAY2223-T112249.99,DELTA,,0,20,3000,972,no,5,-20000
2025-05-22T19:35:12.291256,KXBTCD-25MAY2223-T112249.99,DELTA,,0,20,3000,973,no,7,20000
2025-05-22T19:35:24.731798,KXBTCD-25MAY2223-T112249.99,DELTA,,0,20,3000,974,no,6,-3780
2025-05-22T19:35:24.732665,KXBTCD-25MAY2223-T112249.99,DELTA,,0,20,3000,975,no,8,2835
2025-05-22T19:35:24.792524,KXBTCD-25MAY2223-T112249.99,DELTA,,0,20,3000,976,no,7,-20000
2025-05-22T19:35:37.353013,KXBTCD-25MAY2223-T112249.99,DELTA,,0,20,3000,977,no,8,-2835
2025-05-22T19:35:37.354093,KXBTCD-25MAY2223-T112249.99,DELTA,,0,20,3000,978,no,4,5670
2025-05-22T19:35:37.435632,KXBTCD-25MAY2223-T112249.99,DELTA,,0,20,3000,979,no,5,20000
2025-05-22T19:35:51.713148,KXBTCD-25MAY2223-T112249.99,DELTA,,0,20,3000,980,no,4,-5670
2025-05-22T19:35:51.714267,KXBTCD-25MAY2223-T112249.99,DELTA,,0,20,3000,981,no,6,3780
2025-05-22T19:35:51.772730,KXBTCD-25MAY2223-T112249.99,DELTA,,0,20,3000,982,no,5,-20000
2025-05-22T19:35:51.821170,KXBTCD-25MAY2223-T112249.99,DELTA,,0,20,3000,983,no,7,20000
2025-05-22T19:36:02.291540,KXBTCD-25MAY2223-T112249.99,DELTA,,0,20,3000,984,no,6,-3780
2025-05-22T19:36:02.292705,KXBTCD-25MAY2223-T112249.99,DELTA,,0,20,3000,985,no,8,2835
2025-05-22T19:36:02.511619,KXBTCD-25MAY2223-T112249.99,DELTA,,0,20,3000,986,no,7,-20000
2025-05-22T19:36:14.792612,KXBTCD-25MAY2223-T112249.99,DELTA,,0,20,3000,987,no,8,-2835
2025-05-22T19:36:14.793942,KXBTCD-25MAY2223-T112249.99,DELTA,,0,20,3000,988,no,4,5670
2025-05-22T19:36:14.852229,KXBTCD-25MAY2223-T112249.99,DELTA,,0,20,3000,989,no,5,20000
2025-05-22T19:36:25.713741,KXBTCD-25MAY2223-T112249.99,DELTA,,0,20,3000,990,no,4,-5670
2025-05-22T19:36:25.715380,KXBTCD-25MAY2223-T112249.99,DELTA,,0,20,3000,991,no,6,3780
2025-05-22T19:36:25.811511,KXBTCD-25MAY2223-T112249.99,DELTA,,0,20,3000,992,no,5,-20000
2025-05-22T19:36:25.953871,KXBTCD-25MAY2223-T112249.99,DELTA,,0,20,3000,993,no,7,20000
2025-05-22T19:36:36.053279,KXBTCD-25MAY2223-T112249.99,DELTA,,0,20,3000,994,no,6,-3780
2025-05-22T19:36:36.055142,KXBTCD-25MAY2223-T112249.99,DELTA,,0,20,3000,995,no,8,2835
2025-05-22T19:36:36.332244,KXBTCD-25MAY2223-T112249.99,DELTA,,0,20,3000,996,no,7,-20000
2025-05-22T19:36:47.252686,KXBTCD-25MAY2223-T112249.99,DELTA,,0,20,3000,997,no,71,-2000
2025-05-22T19:36:47.273269,KXBTCD-25MAY2223-T112249.99,DELTA,,0,20,3000,998,no,71,-1000
2025-05-22T19:36:47.274284,KXBTCD-25MAY2223-T112249.99,DELTA,,0,30,200,999,no,80,-3000
2025-05-22T19:36:47.292324,KXBTCD-25MAY2223-T112249.99,DELTA,,0,30,200,1000,no,55,-8000
2025-05-22T19:36:47.293250,KXBTCD-25MAY2223-T112249.99,DELTA,,0,30,200,1001,no,3,-80000
2025-05-22T19:36:47.391372,KXBTCD-25MAY2223-T112249.99,DELTA,,0,30,200,1002,no,8,-2835
2025-05-22T19:36:47.392430,KXBTCD-25MAY2223-T112249.99,DELTA,,0,30,200,1003,no,4,5670
2025-05-22T19:36:58.353636,KXBTCD-25MAY2223-T112249.99,DELTA,,0,30,200,1004,no,4,-5670
2025-05-22T19:36:58.355846,KXBTCD-25MAY2223-T112249.99,DELTA,,0,30,200,1005,no,1,22680
2025-05-22T19:36:58.472503,KXBTCD-25MAY2223-T112249.99,DELTA,,0,30,200,1006,no,2,9
2025-05-22T19:36:59.073040,KXBTCD-25MAY2223-T112249.99,DELTA,,0,30,200,1007,no,1,-22680
2025-05-22T19:37:08.373281,KXBTCD-25MAY2223-T112249.99,DELTA,,0,30,200,1008,no,1,22680
2025-05-22T19:37:33.104807,KXBTCD-25MAY2223-T112249.99,DELTA,,0,30,200,1009,no,3,80000
2025-05-22T19:37:33.106331,KXBTCD-25MAY2223-T112249.99,DELTA,,0,30,200,1010,no,59,8000
2025-05-22T19:37:33.106677,KXBTCD-25MAY2223-T112249.99,DELTA,,0,16,3000,1011,no,84,3000
2025-05-22T19:37:33.106973,KXBTCD-25MAY2223-T112249.99,DELTA,,0,16,3000,1012,no,71,2000
2025-05-22T19:37:33.107251,KXBTCD-25MAY2223-T112249.99,DELTA,,0,16,3000,1013,no,71,1000
2025-05-22T19:37:33.107514,KXBTCD-25MAY2223-T112249.99,DELTA,,0,16,3000,1014,no,2,20000
2025-05-22T19:37:33.173685,KXBTCD-25MAY2223-T112249.99,DELTA,,0,16,3000,1015,no,2,-9
2025-05-22T19:37:33.192991,KXBTCD-25MAY2223-T112249.99,DELTA,,0,16,3000,1016,no,4,9
2025-05-22T19:37:45.734840,KXBTCD-25MAY2223-T112249.99,DELTA,,0,16,3000,1017,no,1,-22680
2025-05-22T19:37:45.735734,KXBTCD-25MAY2223-T112249.99,DELTA,,0,16,3000,1018,no,5,4536
2025-05-22T19:37:45.794407,KXBTCD-25MAY2223-T112249.99,DELTA,,0,16,3000,1019,no,2,-20000
2025-05-22T19:37:45.833353,KXBTCD-25MAY2223-T112249.99,DELTA,,0,16,3000,1020,no,6,20000
2025-05-22T19:37:45.871450,KXBTCD-25MAY2223-T112249.99,DELTA,,0,16,3000,1021,no,4,-9
2025-05-22T19:37:57.014295,KXBTCD-25MAY2223-T112249.99,DELTA,,0,16,3000,1022,no,5,-4536
2025-05-22T19:37:57.015284,KXBTCD-25MAY2223-T112249.99,DELTA,,0,16,3000,1023,no,7,3240
2025-05-22T19:37:57.072479,KXBTCD-25MAY2223-T112249.99,DELTA,,0,16,3000,1024,no,6,-20000
2025-05-22T19:37:57.114663,KXBTCD-25MAY2223-T112249.99,DELTA,,0,16,3000,1025,no,8,20000
2025-05-22T19:38:08.212603,KXBTCD-25MAY2223-T112249.99,DELTA,,0,16,3000,1026,no,7,-3240
2025-05-22T19:38:08.213036,KXBTCD-25MAY2223-T112249.99,DELTA,,0,16,3000,1027,no,9,2520
2025-05-22T19:38:08.313031,KXBTCD-25MAY2223-T112249.99,DELTA,,0,16,3000,1028,no,8,-20000
2025-05-22T19:38:21.576876,KXBTCD-25MAY2223-T112249.99,DELTA,,0,16,3000,1029,no,9,-2520
2025-05-22T19:38:21.577914,KXBTCD-25MAY2223-T112249.99,DELTA,,0,16,3000,1030,no,4,5670
2025-05-22T19:38:21.632831,KXBTCD-25MAY2223-T112249.99,DELTA,,0,16,3000,1031,no,5,20000
2025-05-22T19:38:34.015882,KXBTCD-25MAY2223-T112249.99,DELTA,,0,16,3000,1032,no,4,-5670
2025-05-22T19:38:34.016772,KXBTCD-25MAY2223-T112249.99,DELTA,,0,16,3000,1033,no,6,3780
2025-05-22T19:38:34.073679,KXBTCD-25MAY2223-T112249.99,DELTA,,0,16,3000,1034,no,5,-20000
2025-05-22T19:38:34.114226,KXBTCD-25MAY2223-T112249.99,DELTA,,0,16,3000,1035,no,7,20000
2025-05-22T19:38:45.054173,KXBTCD-25MAY2223-T112249.99,DELTA,,0,16,3000,1036,no,6,-3780
2025-05-22T19:38:45.055093,KXBTCD-25MAY2223-T112249.99,DELTA,,0,16,3000,1037,no,8,2835
2025-05-22T19:38:45.115307,KXBTCD-25MAY2223-T112249.99,DELTA,,0,16,3000,1038,no,7,-20000
2025-05-22T19:38:56.172834,KXBTCD-25MAY2223-T112249.99,DELTA,,0,16,3000,1039,no,8,-2835
2025-05-22T19:38:56.173481,KXBTCD-25MAY2223-T112249.99,DELTA,,0,16,3000,1040,no,4,5670
2025-05-22T19:38:56.259961,KXBTCD-25MAY2223-T112249.99,DELTA,,0,16,3000,1041,no,5,20000
2025-05-22T19:39:07.033801,KXBTCD-25MAY2223-T112249.99,DELTA,,0,16,3000,1042,no,4,-5670
2025-05-22T19:39:07.033990,KXBTCD-25MAY2223-T112249.99,DELTA,,0,16,3000,1043,no,6,3780
2025-05-22T19:39:07.092435,KXBTCD-25MAY2223-T112249.99,DELTA,,0,16,3000,1044,no,5,-20000
2025-05-22T19:39:07.133361,KXBTCD-25MAY2223-T112249.99,DELTA,,0,16,3000,1045,no,7,20000
2025-05-22T19:39:08.130931,KXBTCD-25MAY2223-T112249.99,DELTA,,0,16,3000,1046,no,6,-3780
2025-05-22T19:39:08.152915,KXBTCD-25MAY2223-T112249.99,DELTA,,0,16,3000,1047,no,7,-20000
2025-05-22T19:39:17.882390,KXBTCD-25MAY2223-T112249.99,DELTA,,0,16,3000,1048,no,4,5670
2025-05-22T19:39:17.953708,KXBTCD-25MAY2223-T112249.99,DELTA,,0,16,3000,1049,no,5,20000
2025-05-22T19:39:28.513171,KXBTCD-25MAY2223-T112249.99,DELTA,,0,16,3000,1050,no,4,-5670
2025-05-22T19:39:28.513779,KXBTCD-25MAY2223-T112249.99,DELTA,,0,16,3000,1051,no,6,3780
2025-05-22T19:39:28.574260,KXBTCD-25MAY2223-T112249.99,DELTA,,0,16,3000,1052,no,5,-20000
2025-05-22T19:39:28.614957,KXBTCD-25MAY2223-T112249.99,DELTA,,0,16,3000,1053,no,7,20000
2025-05-22T19:39:42.854264,KXBTCD-25MAY2223-T112249.99,DELTA,,0,16,3000,1054,no,6,-3780
2025-05-22T19:39:42.855330,KXBTCD-25MAY2223-T112249.99,DELTA,,0,16,3000,1055,no,8,2835
2025-05-22T19:39:42.915118,KXBTCD-25MAY2223-T112249.99,DELTA,,0,16,3000,1056,no,7,-20000
2025-05-22T19:39:55.293866,KXBTCD-25MAY2223-T112249.99,DELTA,,0,16,3000,1057,no,8,-2835
2025-05-22T19:39:55.294676,KXBTCD-25MAY2223-T112249.99,DELTA,,0,16,3000,1058,no,4,5670
2025-05-22T19:39:55.374779,KXBTCD-25MAY2223-T112249.99,DELTA,,0,16,3000,1059,no,5,20000
2025-05-22T19:40:08.654670,KXBTCD-25MAY2223-T112249.99,DELTA,,0,16,3000,1060,no,4,-5670
2025-05-22T19:40:08.655699,KXBTCD-25MAY2223-T112249.99,DELTA,,0,16,3000,1061,no,6,3240
2025-05-22T19:40:08.714108,KXBTCD-25MAY2223-T112249.99,DELTA,,0,16,3000,1062,no,5,-20000
2025-05-22T19:40:08.753487,KXBTCD-25MAY2223-T112249.99,DELTA,,0,16,3000,1063,no,7,20000
2025-05-22T19:40:20.455932,KXBTCD-25MAY2223-T112249.99,DELTA,,0,16,3000,1064,no,6,-3240
2025-05-22T19:40:20.457008,KXBTCD-25MAY2223-T112249.99,DELTA,,0,16,3000,1065,no,8,2430
2025-05-22T19:40:20.514374,KXBTCD-25MAY2223-T112249.99,DELTA,,0,16,3000,1066,no,7,-20000
2025-05-22T19:40:33.134742,KXBTCD-25MAY2223-T112249.99,DELTA,,0,16,3000,1067,no,8,-2430
2025-05-22T19:40:33.135499,KXBTCD-25MAY2223-T112249.99,DELTA,,0,16,3000,1068,no,4,4860
2025-05-22T19:40:33.215062,KXBTCD-25MAY2223-T112249.99,DELTA,,0,16,3000,1069,no,5,20000
2025-05-22T19:40:44.773559,KXBTCD-25MAY2223-T112249.99,DELTA,,0,16,3000,1070,no,4,-4860
2025-05-22T19:40:44.773932,KXBTCD-25MAY2223-T112249.99,DELTA,,0,16,3000,1071,no,6,3240
2025-05-22T19:40:44.832952,KXBTCD-25MAY2223-T112249.99,DELTA,,0,16,3000,1072,no,5,-20000
2025-05-22T19:40:44.873396,KXBTCD-25MAY2223-T112249.99,DELTA,,0,16,3000,1073,no,7,20000
2025-05-22T19:40:58.373932,KXBTCD-25MAY2223-T112249.99,DELTA,,0,16,3000,1074,no,6,-3240
2025-05-22T19:40:58.374192,KXBTCD-25MAY2223-T112249.99,DELTA,,0,16,3000,1075,no,8,2430
2025-05-22T19:40:58.434126,KXBTCD-25MAY2223-T112249.99,DELTA,,0,16,3000,1076,no,7,-20000
2025-05-22T19:41:10.135167,KXBTCD-25MAY2223-T112249.99,DELTA,,0,16,3000,1077,no,8,-2430
2025-05-22T19:41:10.136209,KXBTCD-25MAY2223-T112249.99,DELTA,,0,16,3000,1078,no,4,4860
2025-05-22T19:41:10.275016,KXBTCD-25MAY2223-T112249.99,DELTA,,0,16,3000,1079,no,5,20000
2025-05-22T19:41:17.073363,KXBTCD-25MAY2223-T112249.99,DELTA,,0,16,3000,1080,no,4,-4860
2025-05-22T19:41:17.154567,KXBTCD-25MAY2223-T112249.99,DELTA,,0,16,3000,1081,no,5,-20000
2025-05-22T19:41:29.854666,KXBTCD-25MAY2223-T112249.99,DELTA,,0,16,3000,1082,no,4,4860
2025-05-22T19:41:29.955386,KXBTCD-25MAY2223-T112249.99,DELTA,,0,16,3000,1083,no,5,20000
2025-05-22T19:41:40.822992,KXBTCD-25MAY2223-T112249.99,DELTA,,0,16,3000,1084,no,4,-4860
2025-05-22T19:41:40.824035,KXBTCD-25MAY2223-T112249.99,DELTA,,0,16,3000,1085,no,6,3240
2025-05-22T19:41:40.834236,KXBTCD-25MAY2223-T112249.99,DELTA,,0,16,3000,1086,no,5,-20000
2025-05-22T19:41:40.874298,KXBTCD-25MAY2223-T112249.99,DELTA,,0,16,3000,1087,no,7,20000
2025-05-22T19:41:50.494658,KXBTCD-25MAY2223-T112249.99,DELTA,,0,16,3000,1088,no,6,-3240
2025-05-22T19:41:50.496139,KXBTCD-25MAY2223-T112249.99,DELTA,,0,16,3000,1089,no,8,2430
2025-05-22T19:41:50.555466,KXBTCD-25MAY2223-T112249.99,DELTA,,0,16,3000,1090,no,7,-20000
2025-05-22T19:42:01.636615,KXBTCD-25MAY2223-T112249.99,DELTA,,0,16,3000,1091,no,8,-2430
2025-05-22T19:42:01.637408,KXBTCD-25MAY2223-T112249.99,DELTA,,0,16,3000,1092,no,4,4860
2025-05-22T19:42:01.695060,KXBTCD-25MAY2223-T112249.99,DELTA,,0,16,3000,1093,no,5,20000
2025-05-22T19:42:14.714976,KXBTCD-25MAY2223-T112249.99,DELTA,,0,16,3000,1094,no,4,-4860
2025-05-22T19:42:14.716061,KXBTCD-25MAY2223-T112249.99,DELTA,,0,16,3000,1095,no,6,3240
2025-05-22T19:42:14.774714,KXBTCD-25MAY2223-T112249.99,DELTA,,0,16,3000,1096,no,5,-20000
2025-05-22T19:42:14.814832,KXBTCD-25MAY2223-T112249.99,DELTA,,0,16,3000,1097,no,7,20000
2025-05-22T19:42:24.315483,KXBTCD-25MAY2223-T112249.99,DELTA,,0,16,3000,1098,no,6,-3240
2025-05-22T19:42:24.316458,KXBTCD-25MAY2223-T112249.99,DELTA,,0,16,3000,1099,no,8,2430
2025-05-22T19:42:24.376569,KXBTCD-25MAY2223-T112249.99,DELTA,,0,16,3000,1100,no,7,-20000
2025-05-22T19:42:36.137250,KXBTCD-25MAY2223-T112249.99,DELTA,,0,16,3000,1101,no,8,-2430
2025-05-22T19:42:36.138024,KXBTCD-25MAY2223-T112249.99,DELTA,,0,16,3000,1102,no,4,4860
2025-05-22T19:42:36.196228,KXBTCD-25MAY2223-T112249.99,DELTA,,0,16,3000,1103,no,5,20000
2025-05-22T19:42:47.580598,KXBTCD-25MAY2223-T112249.99,DELTA,,0,16,3000,1104,no,4,-4860
2025-05-22T19:42:47.581612,KXBTCD-25MAY2223-T112249.99,DELTA,,0,16,3000,1105,no,6,3240
2025-05-22T19:42:47.635794,KXBTCD-25MAY2223-T112249.99,DELTA,,0,16,3000,1106,no,5,-20000
2025-05-22T19:42:47.675549,KXBTCD-25MAY2223-T112249.99,DELTA,,0,16,3000,1107,no,7,20000
2025-05-22T19:42:58.079162,KXBTCD-25MAY2223-T112249.99,DELTA,,0,16,3000,1108,no,6,-3240
2025-05-22T19:42:58.080049,KXBTCD-25MAY2223-T112249.99,DELTA,,0,16,3000,1109,no,8,2430
2025-05-22T19:42:58.136242,KXBTCD-25MAY2223-T112249.99,DELTA,,0,16,3000,1110,no,7,-20000
2025-05-22T19:43:08.395967,KXBTCD-25MAY2223-T112249.99,DELTA,,0,16,3000,1111,no,8,-2430
2025-05-22T19:43:08.396997,KXBTCD-25MAY2223-T112249.99,DELTA,,0,16,3000,1112,no,4,4860
2025-05-22T19:43:08.456506,KXBTCD-25MAY2223-T112249.99,DELTA,,0,16,3000,1113,no,5,20000
2025-05-22T19:43:19.015346,KXBTCD-25MAY2223-T112249.99,DELTA,,0,16,3000,1114,no,4,-4860
2025-05-22T19:43:19.015818,KXBTCD-25MAY2223-T112249.99,DELTA,,0,16,3000,1115,no,6,3240
2025-05-22T19:43:19.085177,KXBTCD-25MAY2223-T112249.99,DELTA,,0,16,3000,1116,no,5,-20000
2025-05-22T19:43:19.115596,KXBTCD-25MAY2223-T112249.99,DELTA,,0,16,3000,1117,no,7,20000
2025-05-22T19:43:29.075465,KXBTCD-25MAY2223-T112249.99,DELTA,,0,16,3000,1118,no,6,-3240
2025-05-22T19:43:29.140560,KXBTCD-25MAY2223-T112249.99,DELTA,,0,16,3000,1119,no,7,-20000
2025-05-22T19:43:39.436066,KXBTCD-25MAY2223-T112249.99,DELTA,,0,16,3000,1120,no,4,4860
2025-05-22T19:43:39.517124,KXBTCD-25MAY2223-T112249.99,DELTA,,0,16,3000,1121,no,5,20000
2025-05-22T19:43:50.816764,KXBTCD-25MAY2223-T112249.99,DELTA,,0,16,3000,1122,no,4,-4860
2025-05-22T19:43:50.817864,KXBTCD-25MAY2223-T112249.99,DELTA,,0,16,3000,1123,no,6,3240
2025-05-22T19:43:50.876387,KXBTCD-25MAY2223-T112249.99,DELTA,,0,16,3000,1124,no,5,-20000
2025-05-22T19:43:50.936146,KXBTCD-25MAY2223-T112249.99,DELTA,,0,16,3000,1125,no,7,20000
2025-05-22T19:44:02.475307,KXBTCD-25MAY2223-T112249.99,DELTA,,0,16,3000,1126,no,6,-3240
2025-05-22T19:44:02.476340,KXBTCD-25MAY2223-T112249.99,DELTA,,0,16,3000,1127,no,8,2430
2025-05-22T19:44:02.538165,KXBTCD-25MAY2223-T112249.99,DELTA,,0,16,3000,1128,no,7,-20000
2025-05-22T19:44:12.575862,KXBTCD-25MAY2223-T112249.99,DELTA,,0,16,3000,1129,no,8,-2430
2025-05-22T19:44:12.576930,KXBTCD-25MAY2223-T112249.99,DELTA,,0,16,3000,1130,no,4,4860
2025-05-22T19:44:12.637335,KXBTCD-25MAY2223-T112249.99,DELTA,,0,16,3000,1131,no,5,20000
2025-05-22T19:44:22.897682,KXBTCD-25MAY2223-T112249.99,DELTA,,0,16,3000,1132,no,4,-4860
2025-05-22T19:44:22.898790,KXBTCD-25MAY2223-T112249.99,DELTA,,0,16,3000,1133,no,6,3240
2025-05-22T19:44:22.955336,KXBTCD-25MAY2223-T112249.99,DELTA,,0,16,3000,1134,no,5,-20000
2025-05-22T19:44:22.996069,KXBTCD-25MAY2223-T112249.99,DELTA,,0,16,3000,1135,no,7,20000
2025-05-22T19:44:33.235789,KXBTCD-25MAY2223-T112249.99,DELTA,,0,16,3000,1136,no,6,-3240
2025-05-22T19:44:33.236858,KXBTCD-25MAY2223-T112249.99,DELTA,,0,16,3000,1137,no,8,2430
2025-05-22T19:44:33.295193,KXBTCD-25MAY2223-T112249.99,DELTA,,0,16,3000,1138,no,7,-20000
2025-05-22T19:44:35.436634,KXBTCD-25MAY2223-T112249.99,DELTA,,0,14,2,1139,no,86,2
2025-05-22T19:44:45.662705,KXBTCD-25MAY2223-T112249.99,DELTA,,0,14,2,1140,no,8,-2430
2025-05-22T19:44:45.663788,KXBTCD-25MAY2223-T112249.99,DELTA,,0,14,2,1141,no,4,4860
2025-05-22T19:44:45.717337,KXBTCD-25MAY2223-T112249.99,DELTA,,0,14,2,1142,no,5,20000
2025-05-22T19:44:56.356245,KXBTCD-25MAY2223-T112249.99,DELTA,,0,14,2,1143,no,4,-4860
2025-05-22T19:44:56.357341,KXBTCD-25MAY2223-T112249.99,DELTA,,0,14,2,1144,no,6,3240
2025-05-22T19:44:56.437576,KXBTCD-25MAY2223-T112249.99,DELTA,,0,14,2,1145,no,5,-20000
