timestamp,market_ticker,type,yes_bid_price_cents,yes_bid_qty,yes_ask_price_cents,yes_ask_qty_on_no_side,sequence_num,delta_side,delta_price_cents,delta_quantity
2025-05-22T19:00:16.935277,KXBTCD-25MAY2223-T111499.99,SNAPSHOT,31,100,39,100,1,,,
2025-05-22T19:00:17.289404,KXBTCD-25MAY2223-T111499.99,DELTA,31,100,39,100,2,yes,1,-373104
2025-05-22T19:00:17.349599,KXBTCD-25MAY2223-T111499.99,DELTA,31,100,39,100,3,no,1,-373104
2025-05-22T19:00:17.389938,KXBTCD-25MAY2223-T111499.99,DELTA,31,100,39,100,4,no,2,9
2025-05-22T19:00:20.710490,KXBTCD-25MAY2223-T111499.99,DELTA,2,9,39,100,5,yes,31,-100
2025-05-22T19:00:20.829540,KXBTCD-25MAY2223-T111499.99,DELTA,1,32400,39,100,6,yes,2,-9
2025-05-22T19:00:21.188331,KXBTCD-25MAY2223-T111499.99,DELTA,,0,39,100,7,yes,1,-32400
2025-05-22T19:00:21.188740,KXBTCD-25MAY2223-T111499.99,DELTA,3,10800,39,100,8,yes,3,10800
2025-05-22T19:00:21.289359,KXBTCD-25MAY2223-T111499.99,DELTA,10,200,39,100,9,yes,10,200
2025-05-22T19:00:21.348480,KXBTCD-25MAY2223-T111499.99,DELTA,10,200,39,100,10,no,30,200
2025-05-22T19:00:21.781697,KXBTCD-25MAY2223-T111499.99,DELTA,31,100,39,100,11,yes,31,100
2025-05-22T19:00:21.909571,KXBTCD-25MAY2223-T111499.99,DELTA,31,100,39,100,12,no,2,-9
2025-05-22T19:00:21.910001,KXBTCD-25MAY2223-T111499.99,DELTA,31,100,39,100,13,yes,11,9
2025-05-22T19:00:21.910431,KXBTCD-25MAY2223-T111499.99,DELTA,31,100,39,100,14,no,31,9
2025-05-22T19:00:22.410611,KXBTCD-25MAY2223-T111499.99,DELTA,11,9,39,100,15,yes,31,-100
2025-05-22T19:00:22.547722,KXBTCD-25MAY2223-T111499.99,DELTA,11,9,38,9,16,no,62,9
2025-05-22T19:00:22.568984,KXBTCD-25MAY2223-T111499.99,DELTA,11,18,38,9,17,yes,11,9
2025-05-22T19:00:22.688412,KXBTCD-25MAY2223-T111499.99,DELTA,11,9,38,9,18,yes,11,-9
2025-05-22T19:00:24.450794,KXBTCD-25MAY2223-T111499.99,DELTA,11,9,38,9,19,no,61,-100
2025-05-22T19:00:24.548452,KXBTCD-25MAY2223-T111499.99,DELTA,11,9,38,9,20,no,31,-9
2025-05-22T19:00:24.548933,KXBTCD-25MAY2223-T111499.99,DELTA,11,9,38,9,21,yes,4,9
2025-05-22T19:00:24.549262,KXBTCD-25MAY2223-T111499.99,DELTA,11,9,38,9,22,no,2,9
2025-05-22T19:00:24.568490,KXBTCD-25MAY2223-T111499.99,DELTA,11,9,70,200,23,no,62,-9
2025-05-22T19:00:24.568842,KXBTCD-25MAY2223-T111499.99,DELTA,11,9,69,9,24,no,31,9
2025-05-22T19:00:24.834598,KXBTCD-25MAY2223-T111499.99,DELTA,31,100,69,9,25,yes,31,100
2025-05-22T19:00:26.268048,KXBTCD-25MAY2223-T111499.99,DELTA,31,100,38,100,26,no,62,100
2025-05-22T19:00:26.472545,KXBTCD-25MAY2223-T111499.99,DELTA,31,100,38,100,27,yes,11,-9
2025-05-22T19:00:26.473076,KXBTCD-25MAY2223-T111499.99,DELTA,31,100,38,100,28,yes,4,-9
2025-05-22T19:00:26.473429,KXBTCD-25MAY2223-T111499.99,DELTA,31,100,38,100,29,no,31,-9
2025-05-22T19:00:26.473565,KXBTCD-25MAY2223-T111499.99,DELTA,31,100,38,100,30,no,2,-9
2025-05-22T19:00:26.488494,KXBTCD-25MAY2223-T111499.99,DELTA,31,100,38,100,31,yes,11,9
2025-05-22T19:00:26.488856,KXBTCD-25MAY2223-T111499.99,DELTA,31,100,38,100,32,no,31,9
2025-05-22T19:00:27.989078,KXBTCD-25MAY2223-T111499.99,DELTA,31,100,38,100,33,yes,3,-10800
2025-05-22T19:00:27.989469,KXBTCD-25MAY2223-T111499.99,DELTA,31,100,38,100,34,yes,11,2945
2025-05-22T19:00:28.107939,KXBTCD-25MAY2223-T111499.99,DELTA,31,100,38,100,35,yes,11,-9
2025-05-22T19:00:28.127999,KXBTCD-25MAY2223-T111499.99,DELTA,31,100,38,100,36,yes,12,9
2025-05-22T19:00:31.083074,KXBTCD-25MAY2223-T111499.99,DELTA,12,9,38,100,37,yes,31,-100
2025-05-22T19:00:31.083719,KXBTCD-25MAY2223-T111499.99,DELTA,12,9,69,9,38,no,62,-100
2025-05-22T19:00:31.168716,KXBTCD-25MAY2223-T111499.99,DELTA,11,2945,69,9,39,yes,12,-9
2025-05-22T19:00:31.168885,KXBTCD-25MAY2223-T111499.99,DELTA,11,2945,69,9,40,no,2,9
2025-05-22T19:00:31.168974,KXBTCD-25MAY2223-T111499.99,DELTA,11,2945,70,200,41,no,31,-9
2025-05-22T19:00:31.169035,KXBTCD-25MAY2223-T111499.99,DELTA,11,2945,69,9,42,no,31,9
2025-05-22T19:00:31.169093,KXBTCD-25MAY2223-T111499.99,DELTA,12,9,69,9,43,yes,12,9
2025-05-22T19:00:31.389584,KXBTCD-25MAY2223-T111499.99,DELTA,12,9,69,9,44,no,1,-32400
2025-05-22T19:00:31.390166,KXBTCD-25MAY2223-T111499.99,DELTA,12,9,69,9,45,no,3,10800
2025-05-22T19:00:33.667456,KXBTCD-25MAY2223-T111499.99,DELTA,32,100,69,9,46,yes,32,100
2025-05-22T19:00:33.668064,KXBTCD-25MAY2223-T111499.99,DELTA,32,100,40,100,47,no,60,100
2025-05-22T19:00:33.808810,KXBTCD-25MAY2223-T111499.99,DELTA,32,100,40,100,48,no,31,-9
2025-05-22T19:00:33.809207,KXBTCD-25MAY2223-T111499.99,DELTA,32,100,40,100,49,no,2,-9
2025-05-22T19:00:33.828030,KXBTCD-25MAY2223-T111499.99,DELTA,32,100,40,100,50,yes,12,9
2025-05-22T19:00:33.828292,KXBTCD-25MAY2223-T111499.99,DELTA,32,100,40,100,51,no,31,9
2025-05-22T19:00:33.828538,KXBTCD-25MAY2223-T111499.99,DELTA,32,100,40,100,52,yes,12,-9
2025-05-22T19:00:34.049949,KXBTCD-25MAY2223-T111499.99,DELTA,32,100,69,9,53,no,60,-100
2025-05-22T19:00:34.170171,KXBTCD-25MAY2223-T111499.99,DELTA,32,100,69,9,54,no,3,-10800
2025-05-22T19:00:34.170512,KXBTCD-25MAY2223-T111499.99,DELTA,32,100,69,9,55,no,1,32400
2025-05-22T19:00:34.289155,KXBTCD-25MAY2223-T111499.99,DELTA,33,9,69,9,56,yes,33,9
2025-05-22T19:00:34.289589,KXBTCD-25MAY2223-T111499.99,DELTA,33,9,69,18,57,no,31,9
2025-05-22T19:00:35.668614,KXBTCD-25MAY2223-T111499.99,DELTA,33,9,69,18,58,yes,32,-100
2025-05-22T19:00:35.808942,KXBTCD-25MAY2223-T111499.99,DELTA,33,9,69,18,59,no,2,9
2025-05-22T19:00:35.831104,KXBTCD-25MAY2223-T111499.99,DELTA,33,9,69,18,60,yes,12,-9
2025-05-22T19:00:35.831888,KXBTCD-25MAY2223-T111499.99,DELTA,33,9,69,9,61,no,31,-9
2025-05-22T19:00:35.850204,KXBTCD-25MAY2223-T111499.99,DELTA,11,2945,69,9,62,yes,33,-9
2025-05-22T19:00:35.850902,KXBTCD-25MAY2223-T111499.99,DELTA,12,9,69,9,63,yes,12,9
2025-05-22T19:00:35.928898,KXBTCD-25MAY2223-T111499.99,DELTA,12,9,38,100,64,no,62,100
2025-05-22T19:00:36.828641,KXBTCD-25MAY2223-T111499.99,DELTA,31,100,38,100,65,yes,31,100
2025-05-22T19:00:37.028063,KXBTCD-25MAY2223-T111499.99,DELTA,31,100,38,100,66,no,31,-9
2025-05-22T19:00:37.028264,KXBTCD-25MAY2223-T111499.99,DELTA,31,100,38,100,67,yes,12,-9
2025-05-22T19:00:37.028536,KXBTCD-25MAY2223-T111499.99,DELTA,31,100,38,100,68,no,2,-9
2025-05-22T19:00:37.028594,KXBTCD-25MAY2223-T111499.99,DELTA,31,100,38,100,69,yes,12,9
2025-05-22T19:00:37.028650,KXBTCD-25MAY2223-T111499.99,DELTA,31,100,38,100,70,no,31,9
2025-05-22T19:00:41.448713,KXBTCD-25MAY2223-T111499.99,DELTA,12,9,38,100,71,yes,31,-100
2025-05-22T19:00:41.450067,KXBTCD-25MAY2223-T111499.99,DELTA,12,9,69,9,72,no,62,-100
2025-05-22T19:00:41.588557,KXBTCD-25MAY2223-T111499.99,DELTA,12,18,69,9,73,yes,12,9
2025-05-22T19:00:41.589023,KXBTCD-25MAY2223-T111499.99,DELTA,12,18,37,9,74,no,63,9
2025-05-22T19:00:41.628140,KXBTCD-25MAY2223-T111499.99,DELTA,12,9,37,9,75,yes,12,-9
2025-05-22T19:00:43.607782,KXBTCD-25MAY2223-T111499.99,DELTA,12,9,37,9,76,no,60,100
2025-05-22T19:00:43.631171,KXBTCD-25MAY2223-T111499.99,DELTA,32,100,37,9,77,yes,32,100
2025-05-22T19:00:43.750560,KXBTCD-25MAY2223-T111499.99,DELTA,32,100,40,100,78,no,63,-9
2025-05-22T19:00:43.751609,KXBTCD-25MAY2223-T111499.99,DELTA,32,100,39,9,79,no,61,9
2025-05-22T19:00:44.669932,KXBTCD-25MAY2223-T111499.99,DELTA,32,100,39,9,80,no,60,-100
2025-05-22T19:00:44.789354,KXBTCD-25MAY2223-T111499.99,DELTA,32,100,39,9,81,yes,12,9
2025-05-22T19:00:44.790173,KXBTCD-25MAY2223-T111499.99,DELTA,32,100,39,9,82,no,31,-9
2025-05-22T19:00:44.810339,KXBTCD-25MAY2223-T111499.99,DELTA,32,100,70,200,83,no,61,-9
2025-05-22T19:00:44.811127,KXBTCD-25MAY2223-T111499.99,DELTA,32,100,69,9,84,no,31,9
2025-05-22T19:00:44.811608,KXBTCD-25MAY2223-T111499.99,DELTA,32,100,69,9,85,no,2,9
2025-05-22T19:00:44.811837,KXBTCD-25MAY2223-T111499.99,DELTA,32,100,69,9,86,yes,12,-9
2025-05-22T19:00:44.811980,KXBTCD-25MAY2223-T111499.99,DELTA,33,9,69,9,87,yes,33,9
2025-05-22T19:00:45.189808,KXBTCD-25MAY2223-T111499.99,DELTA,33,9,69,9,88,no,1,-32400
2025-05-22T19:00:45.190697,KXBTCD-25MAY2223-T111499.99,DELTA,33,9,69,9,89,no,3,10800
2025-05-22T19:00:45.826350,KXBTCD-25MAY2223-T111499.99,DELTA,33,9,40,100,90,no,60,100
2025-05-22T19:00:45.849179,KXBTCD-25MAY2223-T111499.99,DELTA,33,9,40,100,91,no,31,9
2025-05-22T19:00:45.849472,KXBTCD-25MAY2223-T111499.99,DELTA,33,9,40,100,92,no,2,-9
2025-05-22T19:00:45.869458,KXBTCD-25MAY2223-T111499.99,DELTA,32,100,40,100,93,yes,33,-9
2025-05-22T19:00:45.869821,KXBTCD-25MAY2223-T111499.99,DELTA,32,100,40,100,94,no,31,-9
2025-05-22T19:00:46.070072,KXBTCD-25MAY2223-T111499.99,DELTA,32,100,40,100,95,no,3,-10800
2025-05-22T19:00:46.070319,KXBTCD-25MAY2223-T111499.99,DELTA,32,100,40,100,96,no,1,32400
2025-05-22T19:00:48.228026,KXBTCD-25MAY2223-T111499.99,DELTA,32,100,40,100,97,no,6,8000
2025-05-22T19:00:48.268265,KXBTCD-25MAY2223-T111499.99,DELTA,32,100,40,100,98,no,3,80000
2025-05-22T19:00:48.290821,KXBTCD-25MAY2223-T111499.99,DELTA,32,100,40,100,99,yes,3,80000
2025-05-22T19:00:48.291407,KXBTCD-25MAY2223-T111499.99,DELTA,32,100,40,100,100,no,41,3000
2025-05-22T19:00:48.291648,KXBTCD-25MAY2223-T111499.99,DELTA,32,100,40,100,101,yes,11,3000
2025-05-22T19:00:48.590613,KXBTCD-25MAY2223-T111499.99,DELTA,32,100,59,3000,102,no,60,-100
2025-05-22T19:00:49.288509,KXBTCD-25MAY2223-T111499.99,DELTA,32,100,59,3000,103,no,31,1000
2025-05-22T19:00:49.289219,KXBTCD-25MAY2223-T111499.99,DELTA,32,100,59,3000,104,yes,12,2000
2025-05-22T19:00:49.289686,KXBTCD-25MAY2223-T111499.99,DELTA,32,100,59,3000,105,no,2,20000
2025-05-22T19:00:49.290549,KXBTCD-25MAY2223-T111499.99,DELTA,32,100,59,3000,106,no,31,2000
2025-05-22T19:00:49.291539,KXBTCD-25MAY2223-T111499.99,DELTA,32,1100,59,3000,107,yes,32,1000
2025-05-22T19:00:49.674413,KXBTCD-25MAY2223-T111499.99,DELTA,32,1100,59,3000,108,yes,12,-9
2025-05-22T19:00:49.675584,KXBTCD-25MAY2223-T111499.99,DELTA,32,1100,58,9,109,no,42,9
2025-05-22T19:00:49.676107,KXBTCD-25MAY2223-T111499.99,DELTA,33,9,58,9,110,yes,33,9
2025-05-22T19:00:49.676514,KXBTCD-25MAY2223-T111499.99,DELTA,33,9,58,9,111,no,31,-9
2025-05-22T19:00:49.676895,KXBTCD-25MAY2223-T111499.99,DELTA,33,9,58,9,112,yes,13,9
2025-05-22T19:00:50.408775,KXBTCD-25MAY2223-T111499.99,DELTA,33,9,39,100,113,no,61,100
2025-05-22T19:00:50.469536,KXBTCD-25MAY2223-T111499.99,DELTA,33,9,39,100,114,no,31,-1000
2025-05-22T19:00:50.534861,KXBTCD-25MAY2223-T111499.99,DELTA,33,9,38,1000,115,no,62,1000
2025-05-22T19:00:50.549220,KXBTCD-25MAY2223-T111499.99,DELTA,33,9,38,1000,116,no,42,-9
2025-05-22T19:00:50.549481,KXBTCD-25MAY2223-T111499.99,DELTA,33,9,38,1000,117,yes,13,-9
2025-05-22T19:00:50.549569,KXBTCD-25MAY2223-T111499.99,DELTA,32,1100,38,1000,118,yes,33,-9
2025-05-22T19:00:50.549645,KXBTCD-25MAY2223-T111499.99,DELTA,32,1100,38,1000,119,no,42,9
2025-05-22T19:00:51.828266,KXBTCD-25MAY2223-T111499.99,DELTA,32,1100,38,1000,120,yes,11,-2945
2025-05-22T19:00:51.828704,KXBTCD-25MAY2223-T111499.99,DELTA,32,1100,38,1000,121,yes,13,2492
2025-05-22T19:00:51.889786,KXBTCD-25MAY2223-T111499.99,DELTA,32,1100,38,1000,122,no,1,-32400
2025-05-22T19:00:51.890126,KXBTCD-25MAY2223-T111499.99,DELTA,32,1100,38,1000,123,no,7,4628
2025-05-22T19:00:51.890253,KXBTCD-25MAY2223-T111499.99,DELTA,32,1100,38,1000,124,yes,12,-2000
2025-05-22T19:00:51.929378,KXBTCD-25MAY2223-T111499.99,DELTA,32,1100,38,1000,125,yes,14,2000
2025-05-22T19:00:51.948793,KXBTCD-25MAY2223-T111499.99,DELTA,32,1100,38,1000,126,no,2,-20000
2025-05-22T19:00:51.949033,KXBTCD-25MAY2223-T111499.99,DELTA,32,1100,38,1000,127,no,42,-9
2025-05-22T19:00:52.009125,KXBTCD-25MAY2223-T111499.99,DELTA,32,1100,38,1000,128,no,8,20000
2025-05-22T19:00:54.088156,KXBTCD-25MAY2223-T111499.99,DELTA,32,1100,38,1000,129,yes,29,30
2025-05-22T19:00:54.089065,KXBTCD-25MAY2223-T111499.99,DELTA,32,1100,38,1000,130,no,60,30
2025-05-22T19:00:54.149640,KXBTCD-25MAY2223-T111499.99,DELTA,32,1100,38,1000,131,yes,30,14
2025-05-22T19:00:54.150347,KXBTCD-25MAY2223-T111499.99,DELTA,32,1100,38,1000,132,no,61,14
2025-05-22T19:00:54.528292,KXBTCD-25MAY2223-T111499.99,DELTA,32,1100,38,1000,133,yes,13,-2492
2025-05-22T19:00:54.529168,KXBTCD-25MAY2223-T111499.99,DELTA,32,1100,38,1000,134,yes,12,2700
2025-05-22T19:00:54.569054,KXBTCD-25MAY2223-T111499.99,DELTA,32,1100,38,1000,135,no,7,-4628
2025-05-22T19:00:54.569985,KXBTCD-25MAY2223-T111499.99,DELTA,32,1100,38,1000,136,no,9,3600
2025-05-22T19:00:54.588542,KXBTCD-25MAY2223-T111499.99,DELTA,32,1100,38,1000,137,yes,14,-2000
2025-05-22T19:00:54.629006,KXBTCD-25MAY2223-T111499.99,DELTA,32,1100,38,1000,138,yes,13,2000
2025-05-22T19:00:54.629987,KXBTCD-25MAY2223-T111499.99,DELTA,32,1100,38,1000,139,no,8,-20000
2025-05-22T19:00:54.716608,KXBTCD-25MAY2223-T111499.99,DELTA,32,1100,38,1000,140,no,10,20000
2025-05-22T19:00:55.628565,KXBTCD-25MAY2223-T111499.99,DELTA,32,1100,38,1000,141,yes,12,-2700
2025-05-22T19:00:55.629487,KXBTCD-25MAY2223-T111499.99,DELTA,32,1100,38,1000,142,yes,13,2492
2025-05-22T19:00:55.689499,KXBTCD-25MAY2223-T111499.99,DELTA,32,1100,38,1000,143,no,9,-3600
2025-05-22T19:00:55.690588,KXBTCD-25MAY2223-T111499.99,DELTA,32,1100,38,1000,144,no,11,2945
2025-05-22T19:00:55.691313,KXBTCD-25MAY2223-T111499.99,DELTA,32,1100,38,1000,145,yes,13,-2000
2025-05-22T19:00:55.731849,KXBTCD-25MAY2223-T111499.99,DELTA,32,1100,38,1000,146,yes,14,2000
2025-05-22T19:00:55.788954,KXBTCD-25MAY2223-T111499.99,DELTA,32,1100,38,1000,147,no,10,-20000
2025-05-22T19:00:56.908222,KXBTCD-25MAY2223-T111499.99,DELTA,32,1100,38,1000,148,yes,13,-2492
2025-05-22T19:00:56.909051,KXBTCD-25MAY2223-T111499.99,DELTA,32,1100,38,1000,149,yes,12,2700
2025-05-22T19:00:56.949268,KXBTCD-25MAY2223-T111499.99,DELTA,32,1100,38,1000,150,no,11,-2945
2025-05-22T19:00:56.950213,KXBTCD-25MAY2223-T111499.99,DELTA,32,1100,38,1000,151,no,7,4628
2025-05-22T19:00:56.968181,KXBTCD-25MAY2223-T111499.99,DELTA,32,1100,38,1000,152,yes,14,-2000
2025-05-22T19:00:57.008566,KXBTCD-25MAY2223-T111499.99,DELTA,32,1100,38,1000,153,yes,13,2000
2025-05-22T19:00:57.009647,KXBTCD-25MAY2223-T111499.99,DELTA,32,1100,38,1000,154,no,8,20000
2025-05-22T19:00:58.119273,KXBTCD-25MAY2223-T111499.99,DELTA,32,1100,38,1000,155,yes,12,-2700
2025-05-22T19:00:58.120338,KXBTCD-25MAY2223-T111499.99,DELTA,32,1100,38,1000,156,yes,13,2492
2025-05-22T19:00:58.151283,KXBTCD-25MAY2223-T111499.99,DELTA,32,1100,38,1000,157,no,7,-4628
2025-05-22T19:00:58.152677,KXBTCD-25MAY2223-T111499.99,DELTA,32,1100,38,1000,158,no,9,3600
2025-05-22T19:00:58.168550,KXBTCD-25MAY2223-T111499.99,DELTA,32,1100,38,1000,159,yes,13,-2000
2025-05-22T19:00:58.209588,KXBTCD-25MAY2223-T111499.99,DELTA,32,1100,38,1000,160,yes,14,2000
2025-05-22T19:00:58.210819,KXBTCD-25MAY2223-T111499.99,DELTA,32,1100,38,1000,161,no,8,-20000
2025-05-22T19:00:58.288788,KXBTCD-25MAY2223-T111499.99,DELTA,32,1100,38,1000,162,no,10,20000
2025-05-22T19:00:58.308865,KXBTCD-25MAY2223-T111499.99,DELTA,32,1100,38,1000,163,yes,29,150
2025-05-22T19:00:58.309972,KXBTCD-25MAY2223-T111499.99,DELTA,32,1100,34,100,164,no,66,100
2025-05-22T19:00:58.407830,KXBTCD-25MAY2223-T111499.99,DELTA,32,1100,34,100,165,yes,14,-2000
2025-05-22T19:00:58.509821,KXBTCD-25MAY2223-T111499.99,DELTA,32,1100,34,100,166,yes,29,2000
2025-05-22T19:00:58.668873,KXBTCD-25MAY2223-T111499.99,DELTA,32,1100,38,1000,167,no,66,-100
2025-05-22T19:00:58.687929,KXBTCD-25MAY2223-T111499.99,DELTA,32,1100,35,300,168,no,65,300
2025-05-22T19:00:59.367673,KXBTCD-25MAY2223-T111499.99,DELTA,32,1100,35,300,169,yes,13,-2492
2025-05-22T19:00:59.368487,KXBTCD-25MAY2223-T111499.99,DELTA,32,1100,35,300,170,yes,12,2700
2025-05-22T19:00:59.408526,KXBTCD-25MAY2223-T111499.99,DELTA,32,1100,35,300,171,no,9,-3600
2025-05-22T19:00:59.409679,KXBTCD-25MAY2223-T111499.99,DELTA,32,1100,35,300,172,no,11,2945
2025-05-22T19:00:59.467500,KXBTCD-25MAY2223-T111499.99,DELTA,32,1100,35,300,173,no,10,-20000
2025-05-22T19:00:59.908083,KXBTCD-25MAY2223-T111499.99,DELTA,32,1100,35,300,174,no,61,-100
2025-05-22T19:00:59.928883,KXBTCD-25MAY2223-T111499.99,DELTA,32,1000,35,300,175,yes,32,-100
2025-05-22T19:00:59.988946,KXBTCD-25MAY2223-T111499.99,DELTA,32,1000,35,300,176,no,62,-1000
2025-05-22T19:00:59.990098,KXBTCD-25MAY2223-T111499.99,DELTA,30,14,35,300,177,yes,32,-1000
2025-05-22T19:01:00.030187,KXBTCD-25MAY2223-T111499.99,DELTA,30,14,35,300,178,no,61,1000
2025-05-22T19:01:00.069172,KXBTCD-25MAY2223-T111499.99,DELTA,30,1014,35,300,179,yes,30,1000
2025-05-22T19:01:00.648209,KXBTCD-25MAY2223-T111499.99,DELTA,30,1014,35,300,180,yes,29,-2000
2025-05-22T19:01:00.668735,KXBTCD-25MAY2223-T111499.99,DELTA,30,1014,35,300,181,no,6,-8000
2025-05-22T19:01:00.709001,KXBTCD-25MAY2223-T111499.99,DELTA,30,1014,35,300,182,yes,13,2000
2025-05-22T19:01:00.728947,KXBTCD-25MAY2223-T111499.99,DELTA,30,1014,35,300,183,no,7,8000
2025-05-22T19:01:01.190442,KXBTCD-25MAY2223-T111499.99,DELTA,30,1014,35,300,184,yes,29,-150
2025-05-22T19:01:01.208720,KXBTCD-25MAY2223-T111499.99,DELTA,30,1014,39,1014,185,no,65,-300
2025-05-22T19:01:01.309592,KXBTCD-25MAY2223-T111499.99,DELTA,30,1014,39,1014,186,yes,27,300
2025-05-22T19:01:01.328828,KXBTCD-25MAY2223-T111499.99,DELTA,30,1014,33,200,187,no,67,200
2025-05-22T19:01:01.387881,KXBTCD-25MAY2223-T111499.99,DELTA,30,1014,33,200,188,yes,13,-2000
2025-05-22T19:01:01.568087,KXBTCD-25MAY2223-T111499.99,DELTA,30,1014,33,200,189,yes,28,2000
2025-05-22T19:01:01.689450,KXBTCD-25MAY2223-T111499.99,DELTA,30,1014,33,200,190,no,62,9
2025-05-22T19:01:01.766984,KXBTCD-25MAY2223-T111499.99,DELTA,30,1014,33,200,191,yes,27,1250
2025-05-22T19:01:01.867037,KXBTCD-25MAY2223-T111499.99,DELTA,30,1014,33,200,192,yes,29,100
2025-05-22T19:01:01.867448,KXBTCD-25MAY2223-T111499.99,DELTA,30,1014,33,200,193,no,63,100
2025-05-22T19:01:01.887423,KXBTCD-25MAY2223-T111499.99,DELTA,30,1014,33,200,194,no,61,-1000
2025-05-22T19:01:01.928016,KXBTCD-25MAY2223-T111499.99,DELTA,30,1014,33,200,195,no,64,1000
2025-05-22T19:01:02.248056,KXBTCD-25MAY2223-T111499.99,DELTA,30,1014,33,200,196,yes,29,-100
2025-05-22T19:01:02.407773,KXBTCD-25MAY2223-T111499.99,DELTA,30,1014,33,200,197,yes,27,-1250
2025-05-22T19:01:02.507890,KXBTCD-25MAY2223-T111499.99,DELTA,30,1014,33,200,198,no,62,-9
2025-05-22T19:01:03.746982,KXBTCD-25MAY2223-T111499.99,DELTA,30,1014,33,200,199,no,64,-1000
2025-05-22T19:01:03.747971,KXBTCD-25MAY2223-T111499.99,DELTA,30,1014,33,200,200,yes,27,1250
2025-05-22T19:01:03.789148,KXBTCD-25MAY2223-T111499.99,DELTA,30,1014,33,200,201,no,63,1000
2025-05-22T19:01:03.828357,KXBTCD-25MAY2223-T111499.99,DELTA,30,1014,33,200,202,no,63,-1000
2025-05-22T19:01:03.851430,KXBTCD-25MAY2223-T111499.99,DELTA,30,1014,33,200,203,no,42,9
2025-05-22T19:01:03.868752,KXBTCD-25MAY2223-T111499.99,DELTA,30,1014,33,200,204,no,64,1000
2025-05-22T19:01:04.713783,KXBTCD-25MAY2223-T111499.99,DELTA,30,1114,33,200,205,yes,30,100
2025-05-22T19:01:04.770587,KXBTCD-25MAY2223-T111499.99,DELTA,30,114,33,200,206,yes,30,-1000
2025-05-22T19:01:04.828857,KXBTCD-25MAY2223-T111499.99,DELTA,31,1000,33,200,207,yes,31,1000
2025-05-22T19:01:04.829636,KXBTCD-25MAY2223-T111499.99,DELTA,31,1000,33,200,208,no,42,-9
2025-05-22T19:01:06.348954,KXBTCD-25MAY2223-T111499.99,DELTA,31,1000,33,200,209,no,11,-2945
2025-05-22T19:01:06.350085,KXBTCD-25MAY2223-T111499.99,DELTA,31,1000,33,200,210,no,8,4050
2025-05-22T19:01:06.408967,KXBTCD-25MAY2223-T111499.99,DELTA,31,1000,33,200,211,no,9,20000
2025-05-22T19:01:07.050228,KXBTCD-25MAY2223-T111499.99,DELTA,30,114,33,200,212,yes,31,-1000
2025-05-22T19:01:07.052025,KXBTCD-25MAY2223-T111499.99,DELTA,30,114,33,200,213,yes,27,-1250
2025-05-22T19:01:07.089478,KXBTCD-25MAY2223-T111499.99,DELTA,30,1114,33,200,214,yes,30,1000
2025-05-22T19:01:08.887938,KXBTCD-25MAY2223-T111499.99,DELTA,30,1114,33,200,215,no,8,-4050
2025-05-22T19:01:08.888686,KXBTCD-25MAY2223-T111499.99,DELTA,30,1114,33,200,216,no,10,3240
2025-05-22T19:01:08.950078,KXBTCD-25MAY2223-T111499.99,DELTA,30,1114,33,200,217,no,9,-20000
2025-05-22T19:01:09.020653,KXBTCD-25MAY2223-T111499.99,DELTA,30,1114,33,200,218,no,11,20000
2025-05-22T19:01:09.668793,KXBTCD-25MAY2223-T111499.99,DELTA,30,114,33,200,219,yes,30,-1000
2025-05-22T19:01:09.707852,KXBTCD-25MAY2223-T111499.99,DELTA,31,1000,33,200,220,yes,31,1000
2025-05-22T19:01:09.987236,KXBTCD-25MAY2223-T111499.99,DELTA,31,1000,33,200,221,no,10,-3240
2025-05-22T19:01:09.987478,KXBTCD-25MAY2223-T111499.99,DELTA,31,1000,33,200,222,no,12,2700
2025-05-22T19:01:10.050548,KXBTCD-25MAY2223-T111499.99,DELTA,31,1000,33,200,223,no,11,-20000
2025-05-22T19:01:10.067668,KXBTCD-25MAY2223-T111499.99,DELTA,31,1000,33,200,224,yes,27,1250
2025-05-22T19:01:10.650762,KXBTCD-25MAY2223-T111499.99,DELTA,31,1000,33,200,225,yes,29,14
2025-05-22T19:01:10.651615,KXBTCD-25MAY2223-T111499.99,DELTA,31,1000,33,200,226,yes,28,30
2025-05-22T19:01:10.652647,KXBTCD-25MAY2223-T111499.99,DELTA,31,1000,33,200,227,no,62,14
2025-05-22T19:01:10.669183,KXBTCD-25MAY2223-T111499.99,DELTA,31,1000,33,200,228,no,61,30
2025-05-22T19:01:10.670383,KXBTCD-25MAY2223-T111499.99,DELTA,31,1000,33,200,229,yes,30,-14
2025-05-22T19:01:10.671079,KXBTCD-25MAY2223-T111499.99,DELTA,31,1000,33,200,230,yes,29,-30
2025-05-22T19:01:10.688800,KXBTCD-25MAY2223-T111499.99,DELTA,31,1000,33,200,231,no,60,-30
2025-05-22T19:01:10.689485,KXBTCD-25MAY2223-T111499.99,DELTA,31,1000,33,200,232,no,61,-14
2025-05-22T19:01:11.029016,KXBTCD-25MAY2223-T111499.99,DELTA,31,1000,33,200,233,no,12,-2700
2025-05-22T19:01:11.029812,KXBTCD-25MAY2223-T111499.99,DELTA,31,1000,33,200,234,no,8,4050
2025-05-22T19:01:11.108503,KXBTCD-25MAY2223-T111499.99,DELTA,31,1000,33,200,235,no,9,20000
2025-05-22T19:01:11.128435,KXBTCD-25MAY2223-T111499.99,DELTA,30,100,33,200,236,yes,31,-1000
2025-05-22T19:01:11.129217,KXBTCD-25MAY2223-T111499.99,DELTA,30,100,33,200,237,yes,27,-1250
2025-05-22T19:01:11.192730,KXBTCD-25MAY2223-T111499.99,DELTA,30,1100,33,200,238,yes,30,1000
2025-05-22T19:01:11.488055,KXBTCD-25MAY2223-T111499.99,DELTA,30,1000,33,200,239,yes,30,-100
2025-05-22T19:01:11.509075,KXBTCD-25MAY2223-T111499.99,DELTA,30,1000,33,200,240,no,63,-100
2025-05-22T19:01:11.548490,KXBTCD-25MAY2223-T111499.99,DELTA,29,14,33,200,241,yes,30,-1000
2025-05-22T19:01:11.588439,KXBTCD-25MAY2223-T111499.99,DELTA,29,14,33,200,242,no,64,-1000
2025-05-22T19:01:11.614573,KXBTCD-25MAY2223-T111499.99,DELTA,29,1014,33,200,243,yes,29,1000
2025-05-22T19:01:11.628482,KXBTCD-25MAY2223-T111499.99,DELTA,29,1014,33,200,244,no,62,1000
2025-05-22T19:01:12.247121,KXBTCD-25MAY2223-T111499.99,DELTA,29,1014,33,200,245,no,8,-4050
2025-05-22T19:01:12.247385,KXBTCD-25MAY2223-T111499.99,DELTA,29,1014,33,200,246,no,10,3240
2025-05-22T19:01:12.308570,KXBTCD-25MAY2223-T111499.99,DELTA,29,1014,33,200,247,no,9,-20000
2025-05-22T19:01:12.349687,KXBTCD-25MAY2223-T111499.99,DELTA,29,1014,33,200,248,no,11,20000
2025-05-22T19:01:12.349997,KXBTCD-25MAY2223-T111499.99,DELTA,29,1014,33,200,249,no,63,9
2025-05-22T19:01:12.648898,KXBTCD-25MAY2223-T111499.99,DELTA,29,1014,33,200,250,yes,27,1250
2025-05-22T19:01:12.989032,KXBTCD-25MAY2223-T111499.99,DELTA,29,1114,33,200,251,yes,29,100
2025-05-22T19:01:13.008617,KXBTCD-25MAY2223-T111499.99,DELTA,29,1114,33,200,252,no,63,100
2025-05-22T19:01:13.048409,KXBTCD-25MAY2223-T111499.99,DELTA,29,114,33,200,253,yes,29,-1000
2025-05-22T19:01:13.089822,KXBTCD-25MAY2223-T111499.99,DELTA,29,114,33,200,254,no,62,-1000
2025-05-22T19:01:13.108868,KXBTCD-25MAY2223-T111499.99,DELTA,30,1000,33,200,255,yes,30,1000
2025-05-22T19:01:13.128172,KXBTCD-25MAY2223-T111499.99,DELTA,30,1000,33,200,256,no,63,-9
2025-05-22T19:01:13.128889,KXBTCD-25MAY2223-T111499.99,DELTA,30,1000,33,200,257,no,63,1000
2025-05-22T19:01:13.408109,KXBTCD-25MAY2223-T111499.99,DELTA,30,1000,33,200,258,no,10,-3240
2025-05-22T19:01:13.408423,KXBTCD-25MAY2223-T111499.99,DELTA,30,1000,33,200,259,no,12,2700
2025-05-22T19:01:13.468762,KXBTCD-25MAY2223-T111499.99,DELTA,30,1000,33,200,260,no,11,-20000
2025-05-22T19:01:13.608152,KXBTCD-25MAY2223-T111499.99,DELTA,30,1000,33,200,261,no,63,-1000
2025-05-22T19:01:13.629480,KXBTCD-25MAY2223-T111499.99,DELTA,30,1000,33,200,262,yes,28,-2000
2025-05-22T19:01:13.630425,KXBTCD-25MAY2223-T111499.99,DELTA,30,1000,33,200,263,yes,27,-1250
2025-05-22T19:01:13.650518,KXBTCD-25MAY2223-T111499.99,DELTA,30,1000,33,200,264,no,7,-8000
2025-05-22T19:01:13.651493,KXBTCD-25MAY2223-T111499.99,DELTA,30,1000,33,200,265,yes,27,-300
2025-05-22T19:01:13.652481,KXBTCD-25MAY2223-T111499.99,DELTA,30,1000,33,200,266,no,64,1000
2025-05-22T19:01:13.669038,KXBTCD-25MAY2223-T111499.99,DELTA,30,1000,36,1000,267,no,67,-200
2025-05-22T19:01:13.688555,KXBTCD-25MAY2223-T111499.99,DELTA,30,1000,36,1000,268,yes,13,1250
2025-05-22T19:01:13.689102,KXBTCD-25MAY2223-T111499.99,DELTA,30,1000,36,1000,269,no,8,8000
2025-05-22T19:01:13.708899,KXBTCD-25MAY2223-T111499.99,DELTA,30,1000,36,1000,270,yes,27,2000
2025-05-22T19:01:13.749035,KXBTCD-25MAY2223-T111499.99,DELTA,30,1000,36,1000,271,yes,26,50
2025-05-22T19:01:13.749859,KXBTCD-25MAY2223-T111499.99,DELTA,30,1000,36,1000,272,yes,27,-2000
2025-05-22T19:01:13.750310,KXBTCD-25MAY2223-T111499.99,DELTA,30,1000,31,200,273,no,69,200
2025-05-22T19:01:13.788747,KXBTCD-25MAY2223-T111499.99,DELTA,30,1000,31,200,274,yes,26,-50
2025-05-22T19:01:13.789785,KXBTCD-25MAY2223-T111499.99,DELTA,29,114,31,200,275,yes,30,-1000
2025-05-22T19:01:13.808953,KXBTCD-25MAY2223-T111499.99,DELTA,29,114,31,200,276,yes,13,2000
2025-05-22T19:01:13.809800,KXBTCD-25MAY2223-T111499.99,DELTA,29,114,31,200,277,no,8,-8000
2025-05-22T19:01:13.810280,KXBTCD-25MAY2223-T111499.99,DELTA,29,114,31,200,278,yes,25,300
2025-05-22T19:01:13.854784,KXBTCD-25MAY2223-T111499.99,DELTA,29,114,31,200,279,yes,10,-200
2025-05-22T19:01:13.855421,KXBTCD-25MAY2223-T111499.99,DELTA,29,114,31,200,280,no,10,8000
2025-05-22T19:01:13.869833,KXBTCD-25MAY2223-T111499.99,DELTA,29,114,31,200,281,yes,28,1000
2025-05-22T19:01:13.870688,KXBTCD-25MAY2223-T111499.99,DELTA,29,114,31,200,282,no,30,-200
2025-05-22T19:01:13.871352,KXBTCD-25MAY2223-T111499.99,DELTA,29,114,31,200,283,no,40,200
2025-05-22T19:01:13.909537,KXBTCD-25MAY2223-T111499.99,DELTA,29,114,31,200,284,yes,25,-300
2025-05-22T19:01:13.910295,KXBTCD-25MAY2223-T111499.99,DELTA,29,114,31,200,285,no,65,9
2025-05-22T19:01:13.910963,KXBTCD-25MAY2223-T111499.99,DELTA,29,114,31,200,286,yes,14,9
2025-05-22T19:01:13.929646,KXBTCD-25MAY2223-T111499.99,DELTA,29,114,31,200,287,yes,13,-2000
2025-05-22T19:01:13.930551,KXBTCD-25MAY2223-T111499.99,DELTA,29,114,31,200,288,no,31,-2000
2025-05-22T19:01:13.968915,KXBTCD-25MAY2223-T111499.99,DELTA,29,114,31,200,289,yes,24,300
2025-05-22T19:01:13.969833,KXBTCD-25MAY2223-T111499.99,DELTA,29,114,31,200,290,yes,25,2000
2025-05-22T19:01:13.970644,KXBTCD-25MAY2223-T111499.99,DELTA,29,114,31,200,291,no,41,2000
2025-05-22T19:01:13.971374,KXBTCD-25MAY2223-T111499.99,DELTA,29,114,31,200,292,no,63,-100
2025-05-22T19:01:14.009193,KXBTCD-25MAY2223-T111499.99,DELTA,29,114,31,200,293,yes,25,-2000
2025-05-22T19:01:14.048801,KXBTCD-25MAY2223-T111499.99,DELTA,29,114,31,200,294,no,64,-1000
2025-05-22T19:01:14.071415,KXBTCD-25MAY2223-T111499.99,DELTA,29,114,31,200,295,yes,26,14
2025-05-22T19:01:14.072352,KXBTCD-25MAY2223-T111499.99,DELTA,29,100,31,200,296,yes,29,-14
2025-05-22T19:01:14.073003,KXBTCD-25MAY2223-T111499.99,DELTA,29,100,31,200,297,yes,13,-1250
2025-05-22T19:01:14.073478,KXBTCD-25MAY2223-T111499.99,DELTA,29,100,31,200,298,yes,25,2000
2025-05-22T19:01:14.073896,KXBTCD-25MAY2223-T111499.99,DELTA,29,100,31,200,299,no,62,-14
2025-05-22T19:01:14.074294,KXBTCD-25MAY2223-T111499.99,DELTA,29,100,31,200,300,no,65,14
2025-05-22T19:01:14.089814,KXBTCD-25MAY2223-T111499.99,DELTA,29,100,31,200,301,yes,25,30
2025-05-22T19:01:14.090394,KXBTCD-25MAY2223-T111499.99,DELTA,29,100,31,200,302,yes,28,-30
2025-05-22T19:01:14.090908,KXBTCD-25MAY2223-T111499.99,DELTA,29,100,31,200,303,no,62,1000
2025-05-22T19:01:14.108196,KXBTCD-25MAY2223-T111499.99,DELTA,29,100,31,200,304,no,61,-30
2025-05-22T19:01:14.109104,KXBTCD-25MAY2223-T111499.99,DELTA,29,100,31,200,305,no,64,30
2025-05-22T19:01:14.109783,KXBTCD-25MAY2223-T111499.99,DELTA,29,100,31,200,306,yes,24,1250
2025-05-22T19:01:14.148531,KXBTCD-25MAY2223-T111499.99,DELTA,29,100,31,200,307,yes,28,-1000
2025-05-22T19:01:14.168950,KXBTCD-25MAY2223-T111499.99,DELTA,29,100,31,200,308,no,62,-1000
2025-05-22T19:01:14.194873,KXBTCD-25MAY2223-T111499.99,DELTA,29,100,31,200,309,yes,26,1000
2025-05-22T19:01:14.228624,KXBTCD-25MAY2223-T111499.99,DELTA,29,100,31,200,310,no,65,1000
2025-05-22T19:01:14.247620,KXBTCD-25MAY2223-T111499.99,DELTA,29,100,31,200,311,yes,25,-2000
2025-05-22T19:01:14.267652,KXBTCD-25MAY2223-T111499.99,DELTA,29,100,31,200,312,yes,24,-1250
2025-05-22T19:01:14.268402,KXBTCD-25MAY2223-T111499.99,DELTA,29,100,31,200,313,no,10,-8000
2025-05-22T19:01:14.308878,KXBTCD-25MAY2223-T111499.99,DELTA,29,100,31,200,314,yes,24,2000
2025-05-22T19:01:14.309956,KXBTCD-25MAY2223-T111499.99,DELTA,29,100,31,200,315,yes,13,1250
2025-05-22T19:01:14.311020,KXBTCD-25MAY2223-T111499.99,DELTA,29,100,31,200,316,no,11,8000
2025-05-22T19:01:14.428559,KXBTCD-25MAY2223-T111499.99,DELTA,29,100,35,1023,317,no,69,-200
2025-05-22T19:01:14.528605,KXBTCD-25MAY2223-T111499.99,DELTA,29,50,35,1023,318,yes,29,-50
2025-05-22T19:01:14.628476,KXBTCD-25MAY2223-T111499.99,DELTA,26,1014,35,1023,319,yes,29,-50
2025-05-22T19:01:14.629642,KXBTCD-25MAY2223-T111499.99,DELTA,26,1014,29,100,320,no,71,100
2025-05-22T19:01:14.748983,KXBTCD-25MAY2223-T111499.99,DELTA,26,1014,29,100,321,no,65,-9
2025-05-22T19:01:14.750075,KXBTCD-25MAY2223-T111499.99,DELTA,26,1014,29,100,322,no,66,9
2025-05-22T19:01:14.767760,KXBTCD-25MAY2223-T111499.99,DELTA,26,1014,29,100,323,yes,14,-9
2025-05-22T19:01:15.368669,KXBTCD-25MAY2223-T111499.99,DELTA,26,1014,29,100,324,no,68,100
2025-05-22T19:01:15.429059,KXBTCD-25MAY2223-T111499.99,DELTA,26,1014,29,100,325,no,65,-1000
2025-05-22T19:01:15.468048,KXBTCD-25MAY2223-T111499.99,DELTA,26,1014,29,100,326,no,68,1000
2025-05-22T19:01:15.549532,KXBTCD-25MAY2223-T111499.99,DELTA,26,1014,29,100,327,no,66,-9
2025-05-22T19:01:15.550581,KXBTCD-25MAY2223-T111499.99,DELTA,26,1014,29,100,328,no,65,9
2025-05-22T19:01:16.367778,KXBTCD-25MAY2223-T111499.99,DELTA,26,1014,29,100,329,yes,24,100
2025-05-22T19:01:16.468118,KXBTCD-25MAY2223-T111499.99,DELTA,26,1014,29,100,330,no,65,-9
2025-05-22T19:01:17.041675,KXBTCD-25MAY2223-T111499.99,DELTA,26,1014,29,100,331,yes,24,-2000
2025-05-22T19:01:17.047327,KXBTCD-25MAY2223-T111499.99,DELTA,26,1014,29,100,332,yes,24,-300
2025-05-22T19:01:17.048539,KXBTCD-25MAY2223-T111499.99,DELTA,26,1014,32,1100,333,no,71,-100
2025-05-22T19:01:17.088189,KXBTCD-25MAY2223-T111499.99,DELTA,26,1014,32,1100,334,yes,13,2000
2025-05-22T19:01:17.110084,KXBTCD-25MAY2223-T111499.99,DELTA,26,1014,32,1100,335,yes,23,250
2025-05-22T19:01:17.110815,KXBTCD-25MAY2223-T111499.99,DELTA,26,1014,29,300,336,no,71,300
2025-05-22T19:01:17.170334,KXBTCD-25MAY2223-T111499.99,DELTA,26,1014,29,300,337,yes,13,-2000
2025-05-22T19:01:17.208327,KXBTCD-25MAY2223-T111499.99,DELTA,26,1014,29,300,338,yes,23,2000
2025-05-22T19:01:18.128847,KXBTCD-25MAY2223-T111499.99,DELTA,26,1014,29,300,339,yes,12,-2700
2025-05-22T19:01:18.129853,KXBTCD-25MAY2223-T111499.99,DELTA,26,1014,29,300,340,yes,4,8100
2025-05-22T19:01:18.189670,KXBTCD-25MAY2223-T111499.99,DELTA,26,1014,29,300,341,yes,13,-1250
2025-05-22T19:01:18.347708,KXBTCD-25MAY2223-T111499.99,DELTA,26,1014,29,300,342,yes,23,-2000
2025-05-22T19:01:18.389595,KXBTCD-25MAY2223-T111499.99,DELTA,26,1014,29,300,343,yes,5,20000
2025-05-22T19:01:18.390478,KXBTCD-25MAY2223-T111499.99,DELTA,26,1014,29,300,344,yes,23,1250
2025-05-22T19:01:18.408100,KXBTCD-25MAY2223-T111499.99,DELTA,26,1014,29,300,345,yes,24,2000
2025-05-22T19:01:19.618312,KXBTCD-25MAY2223-T111499.99,DELTA,26,1014,29,300,346,no,68,-100
2025-05-22T19:01:19.628010,KXBTCD-25MAY2223-T111499.99,DELTA,26,1014,29,300,347,no,68,-1000
2025-05-22T19:01:19.688534,KXBTCD-25MAY2223-T111499.99,DELTA,26,1014,29,300,348,no,65,1000
2025-05-22T19:01:21.032292,KXBTCD-25MAY2223-T111499.99,DELTA,26,1014,29,300,349,yes,4,-8100
2025-05-22T19:01:21.033480,KXBTCD-25MAY2223-T111499.99,DELTA,26,1014,29,300,350,yes,6,5400
2025-05-22T19:01:21.088548,KXBTCD-25MAY2223-T111499.99,DELTA,26,1014,29,300,351,yes,5,-20000
2025-05-22T19:01:21.128429,KXBTCD-25MAY2223-T111499.99,DELTA,26,1014,29,300,352,no,68,100
2025-05-22T19:01:21.129206,KXBTCD-25MAY2223-T111499.99,DELTA,26,1014,29,300,353,yes,7,20000
2025-05-22T19:01:21.129598,KXBTCD-25MAY2223-T111499.99,DELTA,26,1014,29,300,354,no,66,9
2025-05-22T19:01:21.188197,KXBTCD-25MAY2223-T111499.99,DELTA,26,1014,29,300,355,no,65,-1000
2025-05-22T19:01:21.228689,KXBTCD-25MAY2223-T111499.99,DELTA,26,1014,29,300,356,no,68,1000
2025-05-22T19:01:22.208007,KXBTCD-25MAY2223-T111499.99,DELTA,26,1014,29,300,357,yes,6,-5400
2025-05-22T19:01:22.208389,KXBTCD-25MAY2223-T111499.99,DELTA,26,1014,29,300,358,yes,8,4050
2025-05-22T19:01:22.267447,KXBTCD-25MAY2223-T111499.99,DELTA,26,1014,29,300,359,yes,7,-20000
2025-05-22T19:01:22.308008,KXBTCD-25MAY2223-T111499.99,DELTA,26,1014,29,300,360,yes,9,20000
2025-05-22T19:01:22.327228,KXBTCD-25MAY2223-T111499.99,DELTA,26,1014,29,300,361,no,66,-9
2025-05-22T19:01:22.668597,KXBTCD-25MAY2223-T111499.99,DELTA,26,1014,29,300,362,yes,24,-100
2025-05-22T19:01:23.427686,KXBTCD-25MAY2223-T111499.99,DELTA,26,1014,29,300,363,yes,8,-4050
2025-05-22T19:01:23.428119,KXBTCD-25MAY2223-T111499.99,DELTA,26,1014,29,300,364,yes,10,3240
2025-05-22T19:01:23.487430,KXBTCD-25MAY2223-T111499.99,DELTA,26,1014,29,300,365,yes,9,-20000
2025-05-22T19:01:23.527852,KXBTCD-25MAY2223-T111499.99,DELTA,26,1014,29,300,366,yes,11,20000
2025-05-22T19:01:24.648846,KXBTCD-25MAY2223-T111499.99,DELTA,26,1014,29,300,367,yes,10,-3240
2025-05-22T19:01:24.649056,KXBTCD-25MAY2223-T111499.99,DELTA,26,1014,29,300,368,yes,4,8100
2025-05-22T19:01:24.729492,KXBTCD-25MAY2223-T111499.99,DELTA,26,1014,29,300,369,yes,11,-20000
2025-05-22T19:01:24.767775,KXBTCD-25MAY2223-T111499.99,DELTA,26,1014,29,300,370,yes,5,20000
2025-05-22T19:01:25.008835,KXBTCD-25MAY2223-T111499.99,DELTA,26,1014,29,300,371,no,68,-1000
2025-05-22T19:01:25.048113,KXBTCD-25MAY2223-T111499.99,DELTA,26,1014,29,300,372,no,65,1000
2025-05-22T19:01:25.409471,KXBTCD-25MAY2223-T111499.99,DELTA,26,1014,29,300,373,yes,24,100
2025-05-22T19:01:25.548914,KXBTCD-25MAY2223-T111499.99,DELTA,26,1014,29,300,374,no,66,9
2025-05-22T19:01:25.887755,KXBTCD-25MAY2223-T111499.99,DELTA,26,1014,29,300,375,yes,24,-100
2025-05-22T19:01:25.907751,KXBTCD-25MAY2223-T111499.99,DELTA,26,1014,29,300,376,yes,4,-8100
2025-05-22T19:01:25.908422,KXBTCD-25MAY2223-T111499.99,DELTA,26,1014,29,300,377,yes,6,5400
2025-05-22T19:01:25.969951,KXBTCD-25MAY2223-T111499.99,DELTA,26,1014,29,300,378,yes,5,-20000
2025-05-22T19:01:26.007502,KXBTCD-25MAY2223-T111499.99,DELTA,26,1014,29,300,379,yes,7,20000
2025-05-22T19:01:26.629454,KXBTCD-25MAY2223-T111499.99,DELTA,26,1014,29,300,380,yes,23,-1250
2025-05-22T19:01:26.668501,KXBTCD-25MAY2223-T111499.99,DELTA,26,1014,29,300,381,yes,24,1250
2025-05-22T19:01:26.708543,KXBTCD-25MAY2223-T111499.99,DELTA,26,1014,29,300,382,yes,23,-250
2025-05-22T19:01:26.709576,KXBTCD-25MAY2223-T111499.99,DELTA,26,1014,32,100,383,no,71,-300
2025-05-22T19:01:26.788108,KXBTCD-25MAY2223-T111499.99,DELTA,26,1064,32,100,384,yes,26,50
2025-05-22T19:01:26.788809,KXBTCD-25MAY2223-T111499.99,DELTA,26,1064,31,200,385,no,69,200
2025-05-22T19:01:26.849585,KXBTCD-25MAY2223-T111499.99,DELTA,26,1064,31,200,386,yes,24,-2000
2025-05-22T19:01:26.850553,KXBTCD-25MAY2223-T111499.99,DELTA,26,1064,31,200,387,yes,24,-1250
2025-05-22T19:01:26.889175,KXBTCD-25MAY2223-T111499.99,DELTA,26,1064,31,200,388,yes,7,2000
2025-05-22T19:01:26.890073,KXBTCD-25MAY2223-T111499.99,DELTA,26,64,31,200,389,yes,26,-1000
2025-05-22T19:01:26.927659,KXBTCD-25MAY2223-T111499.99,DELTA,27,1000,31,200,390,yes,27,1000
2025-05-22T19:01:27.750340,KXBTCD-25MAY2223-T111499.99,DELTA,27,1000,31,200,391,yes,26,100
2025-05-22T19:01:27.810722,KXBTCD-25MAY2223-T111499.99,DELTA,27,1000,31,200,392,yes,7,-2000
2025-05-22T19:01:27.855439,KXBTCD-25MAY2223-T111499.99,DELTA,27,1000,31,200,393,no,68,-100
2025-05-22T19:01:27.868043,KXBTCD-25MAY2223-T111499.99,DELTA,27,1000,31,200,394,yes,26,2000
2025-05-22T19:01:27.908708,KXBTCD-25MAY2223-T111499.99,DELTA,27,1000,31,200,395,no,66,-9
2025-05-22T19:01:28.791208,KXBTCD-25MAY2223-T111499.99,DELTA,27,1000,31,200,396,yes,26,-50
2025-05-22T19:01:28.812713,KXBTCD-25MAY2223-T111499.99,DELTA,27,1000,31,200,397,yes,25,350
2025-05-22T19:01:28.847732,KXBTCD-25MAY2223-T111499.99,DELTA,27,1000,31,200,398,yes,26,-2000
2025-05-22T19:01:28.890179,KXBTCD-25MAY2223-T111499.99,DELTA,27,1000,31,200,399,yes,25,1250
2025-05-22T19:01:28.891242,KXBTCD-25MAY2223-T111499.99,DELTA,27,1000,31,200,400,yes,26,2000
2025-05-22T19:01:29.367777,KXBTCD-25MAY2223-T111499.99,DELTA,27,1000,31,200,401,yes,25,-1250
2025-05-22T19:01:29.429359,KXBTCD-25MAY2223-T111499.99,DELTA,27,1000,31,200,402,yes,26,1250
2025-05-22T19:01:29.607906,KXBTCD-25MAY2223-T111499.99,DELTA,27,1000,31,200,403,no,66,100
2025-05-22T19:01:29.727375,KXBTCD-25MAY2223-T111499.99,DELTA,27,1000,31,200,404,no,65,-1000
2025-05-22T19:01:29.769140,KXBTCD-25MAY2223-T111499.99,DELTA,27,1000,31,200,405,yes,10,200
2025-05-22T19:01:29.770027,KXBTCD-25MAY2223-T111499.99,DELTA,27,1000,31,200,406,no,41,1000
2025-05-22T19:01:29.809103,KXBTCD-25MAY2223-T111499.99,DELTA,27,1000,31,200,407,no,40,-200
2025-05-22T19:01:29.810151,KXBTCD-25MAY2223-T111499.99,DELTA,27,1000,31,200,408,no,30,200
2025-05-22T19:01:29.868377,KXBTCD-25MAY2223-T111499.99,DELTA,27,1000,31,200,409,yes,25,-350
2025-05-22T19:01:29.888996,KXBTCD-25MAY2223-T111499.99,DELTA,27,1000,34,100,410,no,69,-200
2025-05-22T19:01:29.910359,KXBTCD-25MAY2223-T111499.99,DELTA,27,1000,34,100,411,no,41,-2000
2025-05-22T19:01:29.911253,KXBTCD-25MAY2223-T111499.99,DELTA,27,1000,34,100,412,no,41,-1000
2025-05-22T19:01:29.929327,KXBTCD-25MAY2223-T111499.99,DELTA,27,1000,34,100,413,yes,26,-2000
2025-05-22T19:01:29.949032,KXBTCD-25MAY2223-T111499.99,DELTA,27,1000,34,100,414,yes,26,-1250
2025-05-22T19:01:29.969784,KXBTCD-25MAY2223-T111499.99,DELTA,27,1000,34,100,415,no,31,2000
2025-05-22T19:01:29.970629,KXBTCD-25MAY2223-T111499.99,DELTA,27,1000,34,100,416,no,31,1000
2025-05-22T19:01:29.988356,KXBTCD-25MAY2223-T111499.99,DELTA,27,1000,34,100,417,yes,11,2000
2025-05-22T19:01:30.008891,KXBTCD-25MAY2223-T111499.99,DELTA,28,100,34,100,418,yes,28,100
2025-05-22T19:01:30.009562,KXBTCD-25MAY2223-T111499.99,DELTA,28,100,33,150,419,no,67,150
2025-05-22T19:01:30.088858,KXBTCD-25MAY2223-T111499.99,DELTA,28,100,33,150,420,yes,27,-1000
2025-05-22T19:01:30.228664,KXBTCD-25MAY2223-T111499.99,DELTA,29,1000,33,150,421,yes,29,1000
2025-05-22T19:01:30.576628,KXBTCD-25MAY2223-T111499.99,DELTA,29,1000,33,150,422,no,66,-100
2025-05-22T19:01:30.588706,KXBTCD-25MAY2223-T111499.99,DELTA,29,1000,33,150,423,yes,26,-14
2025-05-22T19:01:30.589422,KXBTCD-25MAY2223-T111499.99,DELTA,29,1000,33,150,424,yes,28,14
2025-05-22T19:01:30.589984,KXBTCD-25MAY2223-T111499.99,DELTA,29,1000,33,150,425,yes,27,30
2025-05-22T19:01:30.590548,KXBTCD-25MAY2223-T111499.99,DELTA,29,1000,33,150,426,no,63,14
2025-05-22T19:01:30.591207,KXBTCD-25MAY2223-T111499.99,DELTA,29,1000,33,150,427,no,65,-14
2025-05-22T19:01:30.591752,KXBTCD-25MAY2223-T111499.99,DELTA,29,1000,33,150,428,no,62,30
2025-05-22T19:01:30.608109,KXBTCD-25MAY2223-T111499.99,DELTA,29,1000,33,150,429,yes,25,-30
2025-05-22T19:01:30.608703,KXBTCD-25MAY2223-T111499.99,DELTA,29,1000,33,150,430,no,64,-30
2025-05-22T19:01:30.648022,KXBTCD-25MAY2223-T111499.99,DELTA,29,1000,33,150,431,no,31,-1000
2025-05-22T19:01:30.668274,KXBTCD-25MAY2223-T111499.99,DELTA,29,1000,33,150,432,no,42,9
2025-05-22T19:01:30.688842,KXBTCD-25MAY2223-T111499.99,DELTA,29,1000,33,150,433,no,63,1000
2025-05-22T19:01:30.768359,KXBTCD-25MAY2223-T111499.99,DELTA,29,1000,33,150,434,yes,6,-5400
2025-05-22T19:01:30.769058,KXBTCD-25MAY2223-T111499.99,DELTA,29,1000,33,150,435,yes,10,3240
2025-05-22T19:01:30.827785,KXBTCD-25MAY2223-T111499.99,DELTA,29,1000,33,150,436,yes,7,-20000
2025-05-22T19:01:30.888175,KXBTCD-25MAY2223-T111499.99,DELTA,29,1000,33,150,437,yes,11,20000
2025-05-22T19:01:31.387736,KXBTCD-25MAY2223-T111499.99,DELTA,29,1000,33,150,438,yes,28,-100
2025-05-22T19:01:31.408244,KXBTCD-25MAY2223-T111499.99,DELTA,29,1000,33,150,439,yes,27,300
2025-05-22T19:01:31.447625,KXBTCD-25MAY2223-T111499.99,DELTA,28,14,33,150,440,yes,29,-1000
2025-05-22T19:01:31.489266,KXBTCD-25MAY2223-T111499.99,DELTA,28,14,33,150,441,yes,27,1250
2025-05-22T19:01:31.489621,KXBTCD-25MAY2223-T111499.99,DELTA,28,1014,33,150,442,yes,28,1000
2025-05-22T19:01:31.528927,KXBTCD-25MAY2223-T111499.99,DELTA,28,1014,33,150,443,no,42,-9
2025-05-22T19:01:31.587741,KXBTCD-25MAY2223-T111499.99,DELTA,28,1014,33,150,444,yes,11,-2000
2025-05-22T19:01:31.607901,KXBTCD-25MAY2223-T111499.99,DELTA,28,1014,33,150,445,yes,26,-100
2025-05-22T19:01:31.628957,KXBTCD-25MAY2223-T111499.99,DELTA,28,3014,33,150,446,yes,28,2000
2025-05-22T19:01:32.090242,KXBTCD-25MAY2223-T111499.99,DELTA,28,3014,33,150,447,yes,27,-300
2025-05-22T19:01:32.090773,KXBTCD-25MAY2223-T111499.99,DELTA,28,3014,37,1014,448,no,67,-150
2025-05-22T19:01:32.091139,KXBTCD-25MAY2223-T111499.99,DELTA,28,3000,37,1014,449,yes,28,-14
2025-05-22T19:01:32.091307,KXBTCD-25MAY2223-T111499.99,DELTA,30,14,37,1014,450,yes,30,14
2025-05-22T19:01:32.112962,KXBTCD-25MAY2223-T111499.99,DELTA,30,14,37,1014,451,no,61,14
2025-05-22T19:01:32.113258,KXBTCD-25MAY2223-T111499.99,DELTA,30,14,37,1000,452,no,63,-14
2025-05-22T19:01:32.130366,KXBTCD-25MAY2223-T111499.99,DELTA,30,14,37,1000,453,yes,29,50
2025-05-22T19:01:32.148208,KXBTCD-25MAY2223-T111499.99,DELTA,30,14,34,200,454,no,66,200
2025-05-22T19:01:32.170095,KXBTCD-25MAY2223-T111499.99,DELTA,30,14,34,200,455,yes,29,-50
2025-05-22T19:01:32.189050,KXBTCD-25MAY2223-T111499.99,DELTA,30,14,34,200,456,yes,28,250
2025-05-22T19:01:32.208413,KXBTCD-25MAY2223-T111499.99,DELTA,30,14,34,200,457,yes,28,-2000
2025-05-22T19:01:32.208771,KXBTCD-25MAY2223-T111499.99,DELTA,30,14,34,200,458,yes,29,30
2025-05-22T19:01:32.209235,KXBTCD-25MAY2223-T111499.99,DELTA,30,14,34,200,459,yes,27,-1250
2025-05-22T19:01:32.209414,KXBTCD-25MAY2223-T111499.99,DELTA,30,14,34,200,460,no,60,30
2025-05-22T19:01:32.229565,KXBTCD-25MAY2223-T111499.99,DELTA,30,14,34,200,461,yes,27,-30
2025-05-22T19:01:32.229820,KXBTCD-25MAY2223-T111499.99,DELTA,30,14,34,200,462,no,62,-30
2025-05-22T19:01:32.279252,KXBTCD-25MAY2223-T111499.99,DELTA,30,14,34,200,463,yes,29,2000
2025-05-22T19:01:32.279469,KXBTCD-25MAY2223-T111499.99,DELTA,30,14,34,200,464,yes,28,-1000
2025-05-22T19:01:32.308746,KXBTCD-25MAY2223-T111499.99,DELTA,30,14,34,200,465,no,63,-1000
2025-05-22T19:01:32.309229,KXBTCD-25MAY2223-T111499.99,DELTA,30,1014,34,200,466,yes,30,1000
2025-05-22T19:01:32.368670,KXBTCD-25MAY2223-T111499.99,DELTA,30,1014,34,200,467,no,61,1000
2025-05-22T19:01:32.409307,KXBTCD-25MAY2223-T111499.99,DELTA,30,1000,34,200,468,yes,30,-14
2025-05-22T19:01:32.429967,KXBTCD-25MAY2223-T111499.99,DELTA,30,1000,34,200,469,no,61,-14
2025-05-22T19:01:32.467626,KXBTCD-25MAY2223-T111499.99,DELTA,30,1000,34,200,470,no,65,100
2025-05-22T19:01:32.487795,KXBTCD-25MAY2223-T111499.99,DELTA,31,14,34,200,471,yes,31,14
2025-05-22T19:01:32.508179,KXBTCD-25MAY2223-T111499.99,DELTA,31,14,34,200,472,no,60,14
2025-05-22T19:01:32.530675,KXBTCD-25MAY2223-T111499.99,DELTA,31,14,34,200,473,yes,28,1250
2025-05-22T19:01:32.668973,KXBTCD-25MAY2223-T111499.99,DELTA,31,14,34,200,474,yes,28,-1250
2025-05-22T19:01:32.867497,KXBTCD-25MAY2223-T111499.99,DELTA,31,14,34,200,475,yes,28,1250
2025-05-22T19:01:32.969752,KXBTCD-25MAY2223-T111499.99,DELTA,31,14,34,200,476,yes,30,30
2025-05-22T19:01:32.990599,KXBTCD-25MAY2223-T111499.99,DELTA,31,14,34,200,477,yes,29,-30
2025-05-22T19:01:32.991653,KXBTCD-25MAY2223-T111499.99,DELTA,31,14,34,200,478,no,59,30
2025-05-22T19:01:32.992325,KXBTCD-25MAY2223-T111499.99,DELTA,31,14,34,200,479,no,60,-30
2025-05-22T19:01:33.027942,KXBTCD-25MAY2223-T111499.99,DELTA,31,14,34,200,480,yes,30,-1000
2025-05-22T19:01:33.069402,KXBTCD-25MAY2223-T111499.99,DELTA,31,14,34,200,481,no,61,-1000
2025-05-22T19:01:33.088803,KXBTCD-25MAY2223-T111499.99,DELTA,31,1014,34,200,482,yes,31,1000
2025-05-22T19:01:33.091329,KXBTCD-25MAY2223-T111499.99,DELTA,31,1014,34,200,483,no,62,9
2025-05-22T19:01:33.127258,KXBTCD-25MAY2223-T111499.99,DELTA,31,1014,34,200,484,no,60,1000
2025-05-22T19:01:33.427579,KXBTCD-25MAY2223-T111499.99,DELTA,31,1014,34,200,485,no,65,-100
2025-05-22T19:01:33.988068,KXBTCD-25MAY2223-T111499.99,DELTA,31,1014,34,200,486,yes,29,100
2025-05-22T19:01:34.107416,KXBTCD-25MAY2223-T111499.99,DELTA,31,1014,34,200,487,no,62,-9
2025-05-22T19:01:34.107985,KXBTCD-25MAY2223-T111499.99,DELTA,31,1014,34,200,488,no,61,9
2025-05-22T19:01:34.208604,KXBTCD-25MAY2223-T111499.99,DELTA,31,1014,39,9,489,no,66,-200
2025-05-22T19:01:34.247705,KXBTCD-25MAY2223-T111499.99,DELTA,31,1014,35,300,490,no,65,300
2025-05-22T19:01:35.087497,KXBTCD-25MAY2223-T111499.99,DELTA,31,1014,35,300,491,no,62,100
2025-05-22T19:01:35.207595,KXBTCD-25MAY2223-T111499.99,DELTA,31,1014,35,300,492,no,60,-1000
2025-05-22T19:01:35.248408,KXBTCD-25MAY2223-T111499.99,DELTA,31,1014,35,300,493,no,62,1000
2025-05-22T19:01:35.828029,KXBTCD-25MAY2223-T111499.99,DELTA,31,1014,35,300,494,yes,10,-3240
2025-05-22T19:01:35.828848,KXBTCD-25MAY2223-T111499.99,DELTA,31,1014,35,300,495,yes,11,2945
2025-05-22T19:01:35.888257,KXBTCD-25MAY2223-T111499.99,DELTA,31,1014,35,300,496,yes,11,-20000
2025-05-22T19:01:35.909730,KXBTCD-25MAY2223-T111499.99,DELTA,31,1014,35,300,497,no,62,-100
2025-05-22T19:01:35.968469,KXBTCD-25MAY2223-T111499.99,DELTA,31,1014,35,300,498,no,62,-1000
2025-05-22T19:01:36.008721,KXBTCD-25MAY2223-T111499.99,DELTA,31,1014,35,300,499,no,61,-9
2025-05-22T19:01:36.009341,KXBTCD-25MAY2223-T111499.99,DELTA,31,1014,35,300,500,no,60,1000
2025-05-22T19:01:37.069058,KXBTCD-25MAY2223-T111499.99,DELTA,31,1014,35,300,501,yes,29,-100
2025-05-22T19:01:37.167619,KXBTCD-25MAY2223-T111499.99,DELTA,31,1014,35,300,502,no,61,9
2025-05-22T19:01:38.408335,KXBTCD-25MAY2223-T111499.99,DELTA,31,1014,35,300,503,no,62,100
2025-05-22T19:01:38.467915,KXBTCD-25MAY2223-T111499.99,DELTA,31,1014,35,300,504,no,60,-1000
2025-05-22T19:01:38.526600,KXBTCD-25MAY2223-T111499.99,DELTA,31,1014,35,300,505,no,62,1000
2025-05-22T19:01:39.689089,KXBTCD-25MAY2223-T111499.99,DELTA,31,1014,35,300,506,yes,30,100
2025-05-22T19:01:39.728393,KXBTCD-25MAY2223-T111499.99,DELTA,31,1014,35,300,507,no,61,-9
2025-05-22T19:01:41.769007,KXBTCD-25MAY2223-T111499.99,DELTA,31,1014,35,300,508,no,62,-100
2025-05-22T19:01:41.828325,KXBTCD-25MAY2223-T111499.99,DELTA,31,1014,35,300,509,no,62,-1000
2025-05-22T19:01:41.867712,KXBTCD-25MAY2223-T111499.99,DELTA,31,1014,35,300,510,no,60,1000
2025-05-22T19:01:42.373692,KXBTCD-25MAY2223-T111499.99,DELTA,31,1014,35,300,511,yes,28,-1250
2025-05-22T19:01:42.412037,KXBTCD-25MAY2223-T111499.99,DELTA,31,1014,40,1014,512,no,65,-300
2025-05-22T19:01:42.431406,KXBTCD-25MAY2223-T111499.99,DELTA,31,1014,40,1014,513,yes,28,-250
2025-05-22T19:01:42.488062,KXBTCD-25MAY2223-T111499.99,DELTA,31,1014,40,1014,514,yes,29,-2000
2025-05-22T19:01:42.488256,KXBTCD-25MAY2223-T111499.99,DELTA,31,1014,40,1014,515,yes,27,150
2025-05-22T19:01:42.507319,KXBTCD-25MAY2223-T111499.99,DELTA,31,1014,32,50,516,no,68,50
2025-05-22T19:01:42.526187,KXBTCD-25MAY2223-T111499.99,DELTA,31,1014,32,50,517,yes,12,2000
2025-05-22T19:01:42.568893,KXBTCD-25MAY2223-T111499.99,DELTA,31,1014,40,1014,518,no,68,-50
2025-05-22T19:01:42.570218,KXBTCD-25MAY2223-T111499.99,DELTA,31,1014,40,1014,519,yes,12,-2000
2025-05-22T19:01:42.588029,KXBTCD-25MAY2223-T111499.99,DELTA,31,1014,32,150,520,no,68,150
2025-05-22T19:01:42.628618,KXBTCD-25MAY2223-T111499.99,DELTA,31,1014,32,150,521,yes,28,2000
2025-05-22T19:01:42.649035,KXBTCD-25MAY2223-T111499.99,DELTA,31,1014,32,150,522,no,61,9
2025-05-22T19:01:42.788494,KXBTCD-25MAY2223-T111499.99,DELTA,31,1014,32,150,523,yes,28,-2000
2025-05-22T19:01:42.789899,KXBTCD-25MAY2223-T111499.99,DELTA,31,14,32,150,524,yes,31,-1000
2025-05-22T19:01:42.869526,KXBTCD-25MAY2223-T111499.99,DELTA,31,14,32,150,525,yes,30,1000
2025-05-22T19:01:42.870286,KXBTCD-25MAY2223-T111499.99,DELTA,31,14,32,150,526,yes,27,2000
2025-05-22T19:01:43.068288,KXBTCD-25MAY2223-T111499.99,DELTA,31,14,39,9,527,no,68,-150
2025-05-22T19:01:43.109169,KXBTCD-25MAY2223-T111499.99,DELTA,31,14,33,150,528,no,67,150
2025-05-22T19:01:43.268153,KXBTCD-25MAY2223-T111499.99,DELTA,31,14,33,150,529,yes,27,-2000
2025-05-22T19:01:43.290098,KXBTCD-25MAY2223-T111499.99,DELTA,31,14,33,150,530,yes,30,-1000
2025-05-22T19:01:43.334567,KXBTCD-25MAY2223-T111499.99,DELTA,31,1014,33,150,531,yes,31,1000
2025-05-22T19:01:43.334899,KXBTCD-25MAY2223-T111499.99,DELTA,31,1014,33,150,532,yes,28,2000
2025-05-22T19:01:43.408816,KXBTCD-25MAY2223-T111499.99,DELTA,31,1014,33,150,533,yes,12,9
2025-05-22T19:01:43.467293,KXBTCD-25MAY2223-T111499.99,DELTA,31,14,33,150,534,yes,31,-1000
2025-05-22T19:01:43.533428,KXBTCD-25MAY2223-T111499.99,DELTA,31,14,33,150,535,yes,30,1000
2025-05-22T19:01:43.609353,KXBTCD-25MAY2223-T111499.99,DELTA,31,14,33,150,536,yes,30,-100
2025-05-22T19:01:44.007856,KXBTCD-25MAY2223-T111499.99,DELTA,31,14,33,150,537,no,64,100
2025-05-22T19:01:44.088889,KXBTCD-25MAY2223-T111499.99,DELTA,31,14,33,150,538,no,60,-1000
2025-05-22T19:01:44.127533,KXBTCD-25MAY2223-T111499.99,DELTA,31,14,33,150,539,no,64,1000
2025-05-22T19:01:44.208586,KXBTCD-25MAY2223-T111499.99,DELTA,31,14,33,150,540,no,60,9
2025-05-22T19:01:44.227884,KXBTCD-25MAY2223-T111499.99,DELTA,31,14,33,150,541,yes,12,-9
2025-05-22T19:01:44.247186,KXBTCD-25MAY2223-T111499.99,DELTA,31,14,33,150,542,no,61,-9
2025-05-22T19:01:44.288244,KXBTCD-25MAY2223-T111499.99,DELTA,31,14,33,150,543,yes,11,-2945
2025-05-22T19:01:44.288929,KXBTCD-25MAY2223-T111499.99,DELTA,31,14,33,150,544,yes,10,3240
2025-05-22T19:01:44.347775,KXBTCD-25MAY2223-T111499.99,DELTA,31,14,33,150,545,yes,11,20000
2025-05-22T19:01:44.908506,KXBTCD-25MAY2223-T111499.99,DELTA,31,14,33,150,546,yes,30,-1000
2025-05-22T19:01:44.928798,KXBTCD-25MAY2223-T111499.99,DELTA,31,14,33,150,547,no,64,-1000
2025-05-22T19:01:44.989384,KXBTCD-25MAY2223-T111499.99,DELTA,31,1014,33,150,548,yes,31,1000
2025-05-22T19:01:44.989890,KXBTCD-25MAY2223-T111499.99,DELTA,31,1014,33,150,549,no,60,1000
2025-05-22T19:01:45.028710,KXBTCD-25MAY2223-T111499.99,DELTA,31,1014,33,150,550,no,60,-9
2025-05-22T19:01:45.068350,KXBTCD-25MAY2223-T111499.99,DELTA,31,1014,33,150,551,yes,28,100
2025-05-22T19:01:47.246482,KXBTCD-25MAY2223-T111499.99,DELTA,31,1014,36,100,552,no,67,-150
2025-05-22T19:01:47.293560,KXBTCD-25MAY2223-T111499.99,DELTA,31,1014,34,250,553,no,66,250
2025-05-22T19:01:50.854318,KXBTCD-25MAY2223-T111499.99,DELTA,31,1000,34,250,554,yes,31,-14
2025-05-22T19:01:50.855241,KXBTCD-25MAY2223-T111499.99,DELTA,31,514,34,250,555,yes,31,-486
2025-05-22T19:01:50.928491,KXBTCD-25MAY2223-T111499.99,DELTA,31,514,34,250,556,yes,27,14
2025-05-22T19:01:50.929460,KXBTCD-25MAY2223-T111499.99,DELTA,31,514,34,250,557,no,60,-14
2025-05-22T19:01:50.930169,KXBTCD-25MAY2223-T111499.99,DELTA,31,514,34,250,558,no,64,14
2025-05-22T19:01:51.007038,KXBTCD-25MAY2223-T111499.99,DELTA,31,514,34,250,559,no,61,9
2025-05-22T19:01:55.044624,KXBTCD-25MAY2223-T111499.99,DELTA,31,514,36,114,560,no,66,-250
2025-05-22T19:01:55.049561,KXBTCD-25MAY2223-T111499.99,DELTA,31,514,32,50,561,no,68,50
2025-05-22T19:01:55.109053,KXBTCD-25MAY2223-T111499.99,DELTA,31,514,32,50,562,no,60,-1000
2025-05-22T19:01:55.149099,KXBTCD-25MAY2223-T111499.99,DELTA,31,514,32,50,563,no,61,-9
2025-05-22T19:01:55.172493,KXBTCD-25MAY2223-T111499.99,DELTA,31,514,32,50,564,no,64,1000
2025-05-22T19:01:55.407869,KXBTCD-25MAY2223-T111499.99,DELTA,31,514,32,50,565,no,64,-100
2025-05-22T19:01:55.468696,KXBTCD-25MAY2223-T111499.99,DELTA,31,514,32,50,566,no,64,-1000
2025-05-22T19:01:55.507217,KXBTCD-25MAY2223-T111499.99,DELTA,31,514,32,50,567,no,60,1000
2025-05-22T19:01:57.790005,KXBTCD-25MAY2223-T111499.99,DELTA,31,514,36,14,568,no,68,-50
2025-05-22T19:01:57.812931,KXBTCD-25MAY2223-T111499.99,DELTA,31,514,32,150,569,no,68,150
2025-05-22T19:01:58.209711,KXBTCD-25MAY2223-T111499.99,DELTA,31,514,32,150,570,no,64,100
2025-05-22T19:01:58.269627,KXBTCD-25MAY2223-T111499.99,DELTA,31,514,32,150,571,no,60,-1000
2025-05-22T19:01:58.307922,KXBTCD-25MAY2223-T111499.99,DELTA,31,514,32,150,572,no,64,1000
2025-05-22T19:01:58.327923,KXBTCD-25MAY2223-T111499.99,DELTA,31,514,36,1114,573,no,68,-150
2025-05-22T19:01:58.367675,KXBTCD-25MAY2223-T111499.99,DELTA,31,514,33,200,574,no,67,200
2025-05-22T19:01:58.447936,KXBTCD-25MAY2223-T111499.99,DELTA,31,514,33,200,575,no,64,-100
2025-05-22T19:01:58.470422,KXBTCD-25MAY2223-T111499.99,DELTA,31,514,33,200,576,no,64,-1000
2025-05-22T19:01:58.509300,KXBTCD-25MAY2223-T111499.99,DELTA,31,514,33,200,577,no,60,1000
2025-05-22T19:02:00.049169,KXBTCD-25MAY2223-T111499.99,DELTA,31,514,33,200,578,no,65,100
2025-05-22T19:02:00.169295,KXBTCD-25MAY2223-T111499.99,DELTA,31,514,33,200,579,no,61,9
2025-05-22T19:02:01.607919,KXBTCD-25MAY2223-T111499.99,DELTA,31,514,33,200,580,yes,30,-30
2025-05-22T19:02:01.608686,KXBTCD-25MAY2223-T111499.99,DELTA,31,514,33,200,581,yes,29,30
2025-05-22T19:02:01.608956,KXBTCD-25MAY2223-T111499.99,DELTA,31,514,33,200,582,no,59,-30
2025-05-22T19:02:01.628074,KXBTCD-25MAY2223-T111499.99,DELTA,31,514,33,200,583,no,60,30
2025-05-22T19:02:01.748531,KXBTCD-25MAY2223-T111499.99,DELTA,29,30,33,200,584,yes,31,-514
2025-05-22T19:02:01.749316,KXBTCD-25MAY2223-T111499.99,DELTA,29,30,33,200,585,no,60,-1000
2025-05-22T19:02:01.788443,KXBTCD-25MAY2223-T111499.99,DELTA,29,30,33,200,586,no,61,1000
2025-05-22T19:02:01.789217,KXBTCD-25MAY2223-T111499.99,DELTA,30,1000,33,200,587,yes,30,1000
2025-05-22T19:02:08.167658,KXBTCD-25MAY2223-T111499.99,DELTA,30,1000,33,70,588,no,67,-130
2025-05-22T19:02:08.288942,KXBTCD-25MAY2223-T111499.99,DELTA,30,1000,33,70,589,no,61,-9
2025-05-22T19:02:08.290101,KXBTCD-25MAY2223-T111499.99,DELTA,30,1000,33,70,590,no,62,9
2025-05-22T19:02:09.088404,KXBTCD-25MAY2223-T111499.99,DELTA,30,1000,33,70,591,yes,28,-2000
2025-05-22T19:02:09.129228,KXBTCD-25MAY2223-T111499.99,DELTA,30,1000,33,70,592,yes,27,2000
2025-05-22T19:02:12.968824,KXBTCD-25MAY2223-T111499.99,DELTA,30,1000,33,70,593,yes,27,-2000
2025-05-22T19:02:12.987910,KXBTCD-25MAY2223-T111499.99,DELTA,30,1000,35,100,594,no,67,-70
2025-05-22T19:02:13.007369,KXBTCD-25MAY2223-T111499.99,DELTA,30,1000,35,100,595,yes,28,2000
2025-05-22T19:02:13.026948,KXBTCD-25MAY2223-T111499.99,DELTA,30,1000,34,300,596,no,66,300
2025-05-22T19:02:13.228202,KXBTCD-25MAY2223-T111499.99,DELTA,30,1000,34,300,597,yes,10,-3240
2025-05-22T19:02:13.229221,KXBTCD-25MAY2223-T111499.99,DELTA,30,1000,34,300,598,yes,11,2945
2025-05-22T19:02:13.372651,KXBTCD-25MAY2223-T111499.99,DELTA,30,1000,34,300,599,yes,11,-20000
2025-05-22T19:02:15.668089,KXBTCD-25MAY2223-T111499.99,DELTA,30,1000,34,300,600,yes,11,-2945
2025-05-22T19:02:15.669007,KXBTCD-25MAY2223-T111499.99,DELTA,30,1000,34,300,601,yes,12,2700
2025-05-22T19:02:20.228100,KXBTCD-25MAY2223-T111499.99,DELTA,30,997,34,300,602,yes,30,-3
2025-05-22T19:02:23.063342,KXBTCD-25MAY2223-T111499.99,DELTA,30,997,35,100,603,no,66,-300
2025-05-22T19:02:23.076437,KXBTCD-25MAY2223-T111499.99,DELTA,30,997,32,50,604,no,68,50
2025-05-22T19:02:23.173193,KXBTCD-25MAY2223-T111499.99,DELTA,30,997,32,50,605,no,62,-9
2025-05-22T19:02:23.304216,KXBTCD-25MAY2223-T111499.99,DELTA,30,997,32,50,606,yes,28,-2000
2025-05-22T19:02:23.305065,KXBTCD-25MAY2223-T111499.99,DELTA,30,997,32,50,607,yes,13,1250
2025-05-22T19:02:23.334400,KXBTCD-25MAY2223-T111499.99,DELTA,30,997,32,50,608,yes,27,2000
2025-05-22T19:02:23.413564,KXBTCD-25MAY2223-T111499.99,DELTA,30,997,32,50,609,yes,27,-150
2025-05-22T19:02:23.431207,KXBTCD-25MAY2223-T111499.99,DELTA,30,997,35,100,610,no,68,-50
2025-05-22T19:02:23.475308,KXBTCD-25MAY2223-T111499.99,DELTA,30,997,35,100,611,yes,26,250
2025-05-22T19:02:23.475867,KXBTCD-25MAY2223-T111499.99,DELTA,30,997,32,300,612,no,68,300
2025-05-22T19:02:23.476266,KXBTCD-25MAY2223-T111499.99,DELTA,30,997,32,300,613,yes,27,-2000
2025-05-22T19:02:23.507758,KXBTCD-25MAY2223-T111499.99,DELTA,30,997,32,300,614,yes,13,2000
2025-05-22T19:02:23.567500,KXBTCD-25MAY2223-T111499.99,DELTA,30,997,32,300,615,yes,13,-2000
2025-05-22T19:02:23.568180,KXBTCD-25MAY2223-T111499.99,DELTA,30,997,32,300,616,yes,13,-1250
2025-05-22T19:02:23.628245,KXBTCD-25MAY2223-T111499.99,DELTA,30,997,32,300,617,yes,26,1250
2025-05-22T19:02:23.629241,KXBTCD-25MAY2223-T111499.99,DELTA,30,997,32,300,618,yes,27,2000
2025-05-22T19:02:24.389563,KXBTCD-25MAY2223-T111499.99,DELTA,30,997,32,300,619,yes,26,-1250
2025-05-22T19:02:24.408368,KXBTCD-25MAY2223-T111499.99,DELTA,30,997,32,300,620,no,65,-100
2025-05-22T19:02:24.428029,KXBTCD-25MAY2223-T111499.99,DELTA,30,997,32,300,621,yes,28,-100
2025-05-22T19:02:24.428462,KXBTCD-25MAY2223-T111499.99,DELTA,30,997,32,300,622,yes,27,1250
2025-05-22T19:02:24.507355,KXBTCD-25MAY2223-T111499.99,DELTA,30,997,32,300,623,no,62,9
2025-05-22T19:02:25.058453,KXBTCD-25MAY2223-T111499.99,DELTA,30,997,32,300,624,yes,27,-1250
2025-05-22T19:02:25.059412,KXBTCD-25MAY2223-T111499.99,DELTA,30,997,32,300,625,yes,27,-2000
2025-05-22T19:02:25.060081,KXBTCD-25MAY2223-T111499.99,DELTA,29,30,32,300,626,yes,30,-997
2025-05-22T19:02:25.067650,KXBTCD-25MAY2223-T111499.99,DELTA,29,30,32,300,627,yes,13,1250
2025-05-22T19:02:25.068311,KXBTCD-25MAY2223-T111499.99,DELTA,29,30,32,300,628,yes,10,-200
2025-05-22T19:02:25.106621,KXBTCD-25MAY2223-T111499.99,DELTA,29,30,32,300,629,no,30,-200
2025-05-22T19:02:25.107633,KXBTCD-25MAY2223-T111499.99,DELTA,29,30,32,300,630,no,40,200
2025-05-22T19:02:25.132121,KXBTCD-25MAY2223-T111499.99,DELTA,29,1030,32,300,631,yes,29,1000
2025-05-22T19:02:25.148166,KXBTCD-25MAY2223-T111499.99,DELTA,29,1030,32,300,632,yes,26,2000
2025-05-22T19:02:25.166750,KXBTCD-25MAY2223-T111499.99,DELTA,29,1030,32,300,633,no,31,-2000
2025-05-22T19:02:25.206936,KXBTCD-25MAY2223-T111499.99,DELTA,29,1030,32,300,634,no,41,2000
2025-05-22T19:02:25.565476,KXBTCD-25MAY2223-T111499.99,DELTA,29,1030,32,300,635,yes,26,-2000
2025-05-22T19:02:25.566604,KXBTCD-25MAY2223-T111499.99,DELTA,29,30,32,300,636,yes,29,-1000
2025-05-22T19:02:25.567401,KXBTCD-25MAY2223-T111499.99,DELTA,29,30,32,300,637,yes,13,-1250
2025-05-22T19:02:25.589437,KXBTCD-25MAY2223-T111499.99,DELTA,30,1000,32,300,638,yes,30,1000
2025-05-22T19:02:25.590209,KXBTCD-25MAY2223-T111499.99,DELTA,30,1000,32,300,639,yes,27,2000
2025-05-22T19:02:25.590638,KXBTCD-25MAY2223-T111499.99,DELTA,30,1000,32,300,640,yes,27,1250
2025-05-22T19:02:26.388432,KXBTCD-25MAY2223-T111499.99,DELTA,30,1000,32,300,641,yes,26,100
2025-05-22T19:02:26.389235,KXBTCD-25MAY2223-T111499.99,DELTA,30,1000,32,300,642,no,65,100
2025-05-22T19:02:26.998184,KXBTCD-25MAY2223-T111499.99,DELTA,30,1000,32,300,643,no,65,-100
2025-05-22T19:02:27.326302,KXBTCD-25MAY2223-T111499.99,DELTA,30,1000,32,300,644,yes,27,-1250
2025-05-22T19:02:27.366950,KXBTCD-25MAY2223-T111499.99,DELTA,30,1000,32,300,645,yes,26,1250
2025-05-22T19:02:27.426387,KXBTCD-25MAY2223-T111499.99,DELTA,30,1000,32,300,646,yes,26,-100
2025-05-22T19:02:28.789709,KXBTCD-25MAY2223-T111499.99,DELTA,30,1000,32,300,647,no,65,100
2025-05-22T19:02:28.846388,KXBTCD-25MAY2223-T111499.99,DELTA,30,1000,32,300,648,no,61,-1000
2025-05-22T19:02:28.889579,KXBTCD-25MAY2223-T111499.99,DELTA,30,1000,32,300,649,no,65,1000
2025-05-22T19:02:29.148971,KXBTCD-25MAY2223-T111499.99,DELTA,30,1000,32,300,650,no,65,-100
2025-05-22T19:02:29.208432,KXBTCD-25MAY2223-T111499.99,DELTA,30,1000,32,300,651,no,65,-1000
2025-05-22T19:02:29.246364,KXBTCD-25MAY2223-T111499.99,DELTA,30,1000,32,300,652,no,61,1000
2025-05-22T19:02:30.070170,KXBTCD-25MAY2223-T111499.99,DELTA,30,1000,32,300,653,yes,26,100
2025-05-22T19:02:30.309639,KXBTCD-25MAY2223-T111499.99,DELTA,30,1000,32,300,654,yes,26,-100
2025-05-22T19:02:30.908064,KXBTCD-25MAY2223-T111499.99,DELTA,30,1000,32,300,655,no,65,100
2025-05-22T19:02:30.966636,KXBTCD-25MAY2223-T111499.99,DELTA,30,1000,32,300,656,no,61,-1000
2025-05-22T19:02:31.008391,KXBTCD-25MAY2223-T111499.99,DELTA,30,1000,32,300,657,no,65,1000
2025-05-22T19:02:31.233710,KXBTCD-25MAY2223-T111499.99,DELTA,30,1000,32,300,658,no,65,-1000
2025-05-22T19:02:31.248450,KXBTCD-25MAY2223-T111499.99,DELTA,30,1000,35,100,659,no,68,-300
2025-05-22T19:02:31.268546,KXBTCD-25MAY2223-T111499.99,DELTA,30,1000,35,100,660,no,61,1000
2025-05-22T19:02:31.293616,KXBTCD-25MAY2223-T111499.99,DELTA,30,1000,35,100,661,yes,10,200
2025-05-22T19:02:31.294989,KXBTCD-25MAY2223-T111499.99,DELTA,30,1000,33,250,662,no,67,250
2025-05-22T19:02:31.348358,KXBTCD-25MAY2223-T111499.99,DELTA,30,1000,33,250,663,no,40,-200
2025-05-22T19:02:31.349370,KXBTCD-25MAY2223-T111499.99,DELTA,30,1000,33,250,664,no,30,200
2025-05-22T19:02:31.408504,KXBTCD-25MAY2223-T111499.99,DELTA,30,1000,33,250,665,no,41,-2000
2025-05-22T19:02:31.447022,KXBTCD-25MAY2223-T111499.99,DELTA,30,1000,33,250,666,no,65,-100
2025-05-22T19:02:31.448171,KXBTCD-25MAY2223-T111499.99,DELTA,30,1000,33,250,667,no,31,2000
2025-05-22T19:02:31.890774,KXBTCD-25MAY2223-T111499.99,DELTA,30,1000,33,250,668,yes,26,-250
2025-05-22T19:02:31.928009,KXBTCD-25MAY2223-T111499.99,DELTA,30,1000,33,250,669,yes,28,100
2025-05-22T19:02:31.947619,KXBTCD-25MAY2223-T111499.99,DELTA,30,1000,33,250,670,yes,27,-2000
2025-05-22T19:02:31.948568,KXBTCD-25MAY2223-T111499.99,DELTA,30,1000,33,250,671,yes,27,100
2025-05-22T19:02:31.967217,KXBTCD-25MAY2223-T111499.99,DELTA,30,1000,33,250,672,yes,26,-1250
2025-05-22T19:02:32.029398,KXBTCD-25MAY2223-T111499.99,DELTA,30,1000,33,250,673,yes,13,2000
2025-05-22T19:02:32.030751,KXBTCD-25MAY2223-T111499.99,DELTA,30,1000,33,250,674,yes,28,-100
2025-05-22T19:02:32.046735,KXBTCD-25MAY2223-T111499.99,DELTA,30,1000,36,14,675,no,67,-250
2025-05-22T19:02:32.068164,KXBTCD-25MAY2223-T111499.99,DELTA,30,1000,36,14,676,yes,28,250
2025-05-22T19:02:32.068963,KXBTCD-25MAY2223-T111499.99,DELTA,30,1000,34,300,677,no,66,300
2025-05-22T19:02:32.128059,KXBTCD-25MAY2223-T111499.99,DELTA,30,1000,34,300,678,yes,13,-2000
2025-05-22T19:02:32.168920,KXBTCD-25MAY2223-T111499.99,DELTA,30,1000,34,300,679,yes,28,2000
2025-05-22T19:02:33.487876,KXBTCD-25MAY2223-T111499.99,DELTA,30,1000,34,300,680,no,65,100
2025-05-22T19:02:33.708472,KXBTCD-25MAY2223-T111499.99,DELTA,30,1000,34,300,681,yes,28,-2000
2025-05-22T19:02:33.747446,KXBTCD-25MAY2223-T111499.99,DELTA,30,1000,34,300,682,yes,29,2000
2025-05-22T19:02:34.026888,KXBTCD-25MAY2223-T111499.99,DELTA,30,1000,34,300,683,yes,27,-100
2025-05-22T19:02:35.629451,KXBTCD-25MAY2223-T111499.99,DELTA,30,1000,34,300,684,yes,28,100
2025-05-22T19:02:36.291469,KXBTCD-25MAY2223-T111499.99,DELTA,30,1000,34,300,685,yes,29,-2000
2025-05-22T19:02:36.330350,KXBTCD-25MAY2223-T111499.99,DELTA,30,1000,34,300,686,yes,28,2000
2025-05-22T19:02:38.774831,KXBTCD-25MAY2223-T111499.99,DELTA,30,998,34,300,687,yes,30,-2
2025-05-22T19:02:40.229254,KXBTCD-25MAY2223-T111499.99,DELTA,30,998,34,300,688,yes,28,-250
2025-05-22T19:02:40.266559,KXBTCD-25MAY2223-T111499.99,DELTA,30,998,34,300,689,yes,27,300
2025-05-22T19:02:40.329089,KXBTCD-25MAY2223-T111499.99,DELTA,30,998,34,300,690,yes,27,1250
2025-05-22T19:02:40.348090,KXBTCD-25MAY2223-T111499.99,DELTA,30,998,34,300,691,yes,28,-2000
2025-05-22T19:02:40.388462,KXBTCD-25MAY2223-T111499.99,DELTA,30,998,34,300,692,yes,28,2000
2025-05-22T19:02:46.207895,KXBTCD-25MAY2223-T111499.99,DELTA,30,998,34,300,693,yes,27,-300
2025-05-22T19:02:46.248539,KXBTCD-25MAY2223-T111499.99,DELTA,30,998,34,300,694,yes,29,150
2025-05-22T19:02:46.268805,KXBTCD-25MAY2223-T111499.99,DELTA,30,998,34,300,695,yes,28,-2000
2025-05-22T19:02:46.269747,KXBTCD-25MAY2223-T111499.99,DELTA,30,998,34,300,696,yes,27,-1250
2025-05-22T19:02:46.327476,KXBTCD-25MAY2223-T111499.99,DELTA,30,998,34,300,697,yes,29,2000
2025-05-22T19:02:50.448905,KXBTCD-25MAY2223-T111499.99,DELTA,30,998,34,300,698,yes,29,-150
2025-05-22T19:02:50.488243,KXBTCD-25MAY2223-T111499.99,DELTA,30,998,34,300,699,yes,28,250
2025-05-22T19:02:50.508121,KXBTCD-25MAY2223-T111499.99,DELTA,30,998,34,300,700,yes,29,-2000
2025-05-22T19:02:50.546776,KXBTCD-25MAY2223-T111499.99,DELTA,30,998,34,300,701,yes,13,2000
2025-05-22T19:02:50.586473,KXBTCD-25MAY2223-T111499.99,DELTA,30,998,34,300,702,yes,13,-2000
2025-05-22T19:02:50.628226,KXBTCD-25MAY2223-T111499.99,DELTA,30,998,34,300,703,yes,29,2000
2025-05-22T19:02:51.608352,KXBTCD-25MAY2223-T111499.99,DELTA,30,998,34,300,704,yes,29,-2000
2025-05-22T19:02:51.647159,KXBTCD-25MAY2223-T111499.99,DELTA,30,998,34,300,705,yes,28,2000
2025-05-22T19:02:52.608355,KXBTCD-25MAY2223-T111499.99,DELTA,30,998,35,100,706,no,66,-300
2025-05-22T19:02:52.648065,KXBTCD-25MAY2223-T111499.99,DELTA,30,998,33,50,707,no,67,50
2025-05-22T19:02:52.667604,KXBTCD-25MAY2223-T111499.99,DELTA,30,998,35,100,708,no,67,-50
2025-05-22T19:02:52.708425,KXBTCD-25MAY2223-T111499.99,DELTA,30,998,34,250,709,no,66,250
2025-05-22T19:02:52.728082,KXBTCD-25MAY2223-T111499.99,DELTA,30,998,34,250,710,no,62,-9
2025-05-22T19:02:56.488764,KXBTCD-25MAY2223-T111499.99,DELTA,30,998,34,250,711,yes,28,-100
2025-05-22T19:02:56.587275,KXBTCD-25MAY2223-T111499.99,DELTA,30,998,34,250,712,no,62,9
2025-05-22T19:02:57.366710,KXBTCD-25MAY2223-T111499.99,DELTA,30,998,34,250,713,yes,28,-2000
2025-05-22T19:02:57.386386,KXBTCD-25MAY2223-T111499.99,DELTA,30,998,34,250,714,yes,28,1250
2025-05-22T19:02:57.425787,KXBTCD-25MAY2223-T111499.99,DELTA,30,998,34,250,715,yes,29,2000
2025-05-22T19:02:58.842981,KXBTCD-25MAY2223-T111499.99,DELTA,30,998,34,250,716,yes,27,100
2025-05-22T19:02:59.487416,KXBTCD-25MAY2223-T111499.99,DELTA,30,998,34,250,717,no,65,-100
2025-05-22T19:03:01.746553,KXBTCD-25MAY2223-T111499.99,DELTA,30,998,34,250,718,no,65,100
2025-05-22T19:03:02.406306,KXBTCD-25MAY2223-T111499.99,DELTA,30,998,34,250,719,no,65,-100
2025-05-22T19:03:02.588688,KXBTCD-25MAY2223-T111499.99,DELTA,30,998,34,250,720,yes,28,-250
2025-05-22T19:03:02.589987,KXBTCD-25MAY2223-T111499.99,DELTA,30,998,34,250,721,yes,28,-1250
2025-05-22T19:03:02.607957,KXBTCD-25MAY2223-T111499.99,DELTA,30,998,34,250,722,yes,27,300
2025-05-22T19:03:02.666308,KXBTCD-25MAY2223-T111499.99,DELTA,30,998,34,250,723,yes,29,-2000
2025-05-22T19:03:02.667348,KXBTCD-25MAY2223-T111499.99,DELTA,30,998,34,250,724,yes,27,1250
2025-05-22T19:03:02.707870,KXBTCD-25MAY2223-T111499.99,DELTA,30,998,34,250,725,yes,28,2000
2025-05-22T19:03:02.727776,KXBTCD-25MAY2223-T111499.99,DELTA,30,998,36,14,726,no,66,-250
2025-05-22T19:03:02.747106,KXBTCD-25MAY2223-T111499.99,DELTA,30,998,32,50,727,no,68,50
2025-05-22T19:03:02.869026,KXBTCD-25MAY2223-T111499.99,DELTA,30,998,32,50,728,yes,25,14
2025-05-22T19:03:02.869566,KXBTCD-25MAY2223-T111499.99,DELTA,30,998,32,50,729,yes,27,-14
2025-05-22T19:03:02.869923,KXBTCD-25MAY2223-T111499.99,DELTA,30,998,32,50,730,no,64,-14
2025-05-22T19:03:02.870172,KXBTCD-25MAY2223-T111499.99,DELTA,30,998,32,50,731,no,65,14
2025-05-22T19:03:02.907808,KXBTCD-25MAY2223-T111499.99,DELTA,30,998,35,14,732,no,68,-50
2025-05-22T19:03:02.947777,KXBTCD-25MAY2223-T111499.99,DELTA,30,998,35,14,733,yes,27,-1250
2025-05-22T19:03:03.009013,KXBTCD-25MAY2223-T111499.99,DELTA,30,998,35,14,734,yes,27,-300
2025-05-22T19:03:03.066676,KXBTCD-25MAY2223-T111499.99,DELTA,30,998,35,14,735,yes,28,-2000
2025-05-22T19:03:03.088216,KXBTCD-25MAY2223-T111499.99,DELTA,30,998,35,14,736,yes,13,1250
2025-05-22T19:03:03.108828,KXBTCD-25MAY2223-T111499.99,DELTA,30,998,35,14,737,yes,13,2000
2025-05-22T19:03:03.128033,KXBTCD-25MAY2223-T111499.99,DELTA,30,998,35,14,738,yes,26,250
2025-05-22T19:03:03.147868,KXBTCD-25MAY2223-T111499.99,DELTA,30,998,32,300,739,no,68,300
2025-05-22T19:03:03.188725,KXBTCD-25MAY2223-T111499.99,DELTA,30,998,32,300,740,yes,13,-2000
2025-05-22T19:03:03.207716,KXBTCD-25MAY2223-T111499.99,DELTA,30,998,32,300,741,yes,13,-1250
2025-05-22T19:03:03.249645,KXBTCD-25MAY2223-T111499.99,DELTA,30,998,32,300,742,yes,26,1250
2025-05-22T19:03:03.307606,KXBTCD-25MAY2223-T111499.99,DELTA,30,998,32,300,743,yes,27,2000
2025-05-22T19:03:03.308417,KXBTCD-25MAY2223-T111499.99,DELTA,30,998,32,300,744,yes,27,30
2025-05-22T19:03:03.308977,KXBTCD-25MAY2223-T111499.99,DELTA,30,998,32,300,745,yes,29,-30
2025-05-22T19:03:03.309460,KXBTCD-25MAY2223-T111499.99,DELTA,30,998,32,300,746,no,62,30
2025-05-22T19:03:03.326560,KXBTCD-25MAY2223-T111499.99,DELTA,30,998,32,300,747,no,60,-30
2025-05-22T19:03:03.387841,KXBTCD-25MAY2223-T111499.99,DELTA,27,2130,32,300,748,yes,30,-998
2025-05-22T19:03:03.407237,KXBTCD-25MAY2223-T111499.99,DELTA,27,2130,32,300,749,no,61,-1000
2025-05-22T19:03:03.507450,KXBTCD-25MAY2223-T111499.99,DELTA,27,2130,32,300,750,no,63,1000
2025-05-22T19:03:03.586455,KXBTCD-25MAY2223-T111499.99,DELTA,28,1000,32,300,751,yes,28,1000
2025-05-22T19:03:04.488980,KXBTCD-25MAY2223-T111499.99,DELTA,28,1000,32,300,752,no,66,100
2025-05-22T19:03:04.508404,KXBTCD-25MAY2223-T111499.99,DELTA,28,1000,32,300,753,yes,27,-100
2025-05-22T19:03:04.629392,KXBTCD-25MAY2223-T111499.99,DELTA,28,1000,32,300,754,no,62,-9
2025-05-22T19:03:04.630271,KXBTCD-25MAY2223-T111499.99,DELTA,28,1000,32,300,755,no,64,9
2025-05-22T19:03:05.787170,KXBTCD-25MAY2223-T111499.99,DELTA,28,1000,32,300,756,yes,26,-1250
2025-05-22T19:03:05.886960,KXBTCD-25MAY2223-T111499.99,DELTA,28,1000,32,300,757,yes,27,1250
2025-05-22T19:03:06.088492,KXBTCD-25MAY2223-T111499.99,DELTA,28,1000,32,300,758,yes,26,-250
2025-05-22T19:03:06.187097,KXBTCD-25MAY2223-T111499.99,DELTA,28,1000,34,100,759,no,68,-300
2025-05-22T19:03:06.287255,KXBTCD-25MAY2223-T111499.99,DELTA,28,1000,34,100,760,yes,27,-2000
2025-05-22T19:03:06.367942,KXBTCD-25MAY2223-T111499.99,DELTA,28,1000,34,100,761,yes,27,-1250
2025-05-22T19:03:06.466239,KXBTCD-25MAY2223-T111499.99,DELTA,28,1050,34,100,762,yes,28,50
2025-05-22T19:03:06.493280,KXBTCD-25MAY2223-T111499.99,DELTA,28,1050,34,100,763,yes,13,2000
2025-05-22T19:03:06.586858,KXBTCD-25MAY2223-T111499.99,DELTA,28,1050,33,200,764,no,67,200
2025-05-22T19:03:06.767772,KXBTCD-25MAY2223-T111499.99,DELTA,28,50,33,200,765,yes,28,-1000
2025-05-22T19:03:06.785438,KXBTCD-25MAY2223-T111499.99,DELTA,28,50,33,200,766,no,64,-9
2025-05-22T19:03:06.885815,KXBTCD-25MAY2223-T111499.99,DELTA,28,50,33,200,767,yes,26,100
2025-05-22T19:03:06.969404,KXBTCD-25MAY2223-T111499.99,DELTA,29,1000,33,200,768,yes,29,1000
2025-05-22T19:03:07.285548,KXBTCD-25MAY2223-T111499.99,DELTA,29,1000,33,200,769,yes,28,-50
2025-05-22T19:03:07.486654,KXBTCD-25MAY2223-T111499.99,DELTA,29,1000,33,200,770,yes,28,200
2025-05-22T19:03:07.487112,KXBTCD-25MAY2223-T111499.99,DELTA,29,1000,33,200,771,yes,26,-100
2025-05-22T19:03:07.565769,KXBTCD-25MAY2223-T111499.99,DELTA,28,200,33,200,772,yes,29,-1000
2025-05-22T19:03:07.788074,KXBTCD-25MAY2223-T111499.99,DELTA,28,200,33,200,773,yes,13,-2000
2025-05-22T19:03:07.789292,KXBTCD-25MAY2223-T111499.99,DELTA,29,1000,33,200,774,yes,29,1000
2025-05-22T19:03:07.887716,KXBTCD-25MAY2223-T111499.99,DELTA,29,3000,33,200,775,yes,29,2000
2025-05-22T19:03:08.988901,KXBTCD-25MAY2223-T111499.99,DELTA,29,1000,33,200,776,yes,29,-2000
2025-05-22T19:03:09.088249,KXBTCD-25MAY2223-T111499.99,DELTA,29,1000,33,200,777,yes,28,2000
2025-05-22T19:03:09.168341,KXBTCD-25MAY2223-T111499.99,DELTA,29,1000,33,200,778,yes,26,100
2025-05-22T19:03:10.927320,KXBTCD-25MAY2223-T111499.99,DELTA,29,1000,33,200,779,yes,28,-200
2025-05-22T19:03:10.928437,KXBTCD-25MAY2223-T111499.99,DELTA,29,1000,33,200,780,yes,27,300
2025-05-22T19:03:10.946804,KXBTCD-25MAY2223-T111499.99,DELTA,29,1000,33,200,781,yes,28,-2000
2025-05-22T19:03:10.967362,KXBTCD-25MAY2223-T111499.99,DELTA,27,330,33,200,782,yes,29,-1000
2025-05-22T19:03:10.967897,KXBTCD-25MAY2223-T111499.99,DELTA,27,1580,33,200,783,yes,27,1250
2025-05-22T19:03:11.007195,KXBTCD-25MAY2223-T111499.99,DELTA,28,2000,33,200,784,yes,28,2000
2025-05-22T19:03:11.007922,KXBTCD-25MAY2223-T111499.99,DELTA,28,3000,33,200,785,yes,28,1000
2025-05-22T19:03:12.976330,KXBTCD-25MAY2223-T111499.99,DELTA,28,3000,33,200,786,yes,27,-1250
2025-05-22T19:03:14.107600,KXBTCD-25MAY2223-T111499.99,DELTA,28,3000,33,200,787,yes,12,-2700
2025-05-22T19:03:14.108514,KXBTCD-25MAY2223-T111499.99,DELTA,28,3000,33,200,788,no,12,-2700
2025-05-22T19:03:14.614212,KXBTCD-25MAY2223-T111499.99,DELTA,28,3000,33,200,789,yes,27,1250
2025-05-22T19:03:15.969333,KXBTCD-25MAY2223-T111499.99,DELTA,28,3000,33,200,790,yes,12,2700
2025-05-22T19:03:16.027826,KXBTCD-25MAY2223-T111499.99,DELTA,28,3000,33,200,791,no,12,2700
2025-05-22T19:03:18.506540,KXBTCD-25MAY2223-T111499.99,DELTA,28,3000,34,100,792,no,67,-200
2025-05-22T19:03:18.548914,KXBTCD-25MAY2223-T111499.99,DELTA,28,3000,34,400,793,no,66,300
2025-05-22T19:03:18.788481,KXBTCD-25MAY2223-T111499.99,DELTA,28,3000,34,400,794,yes,27,-1250
2025-05-22T19:03:18.827489,KXBTCD-25MAY2223-T111499.99,DELTA,28,4250,34,400,795,yes,28,1250
2025-05-22T19:03:19.486615,KXBTCD-25MAY2223-T111499.99,DELTA,28,4250,34,400,796,yes,26,-100
2025-05-22T19:03:20.186953,KXBTCD-25MAY2223-T111499.99,DELTA,28,3000,34,400,797,yes,28,-1250
2025-05-22T19:03:20.227445,KXBTCD-25MAY2223-T111499.99,DELTA,28,3000,34,400,798,yes,27,1250
2025-05-22T19:03:21.425766,KXBTCD-25MAY2223-T111499.99,DELTA,29,500,34,400,799,yes,29,500
2025-05-22T19:03:21.486213,KXBTCD-25MAY2223-T111499.99,DELTA,29,500,34,400,800,yes,28,-2000
2025-05-22T19:03:21.506559,KXBTCD-25MAY2223-T111499.99,DELTA,29,500,34,400,801,yes,28,-1000
2025-05-22T19:03:21.525750,KXBTCD-25MAY2223-T111499.99,DELTA,29,500,34,400,802,yes,27,100
2025-05-22T19:03:21.544913,KXBTCD-25MAY2223-T111499.99,DELTA,29,2500,34,400,803,yes,29,2000
2025-05-22T19:03:21.545021,KXBTCD-25MAY2223-T111499.99,DELTA,30,1000,34,400,804,yes,30,1000
2025-05-22T19:03:21.926757,KXBTCD-25MAY2223-T111499.99,DELTA,30,1000,34,100,805,no,66,-300
2025-05-22T19:03:21.966849,KXBTCD-25MAY2223-T111499.99,DELTA,30,1000,32,50,806,no,68,50
2025-05-22T19:03:21.987271,KXBTCD-25MAY2223-T111499.99,DELTA,30,1000,32,50,807,yes,29,-2000
2025-05-22T19:03:22.006344,KXBTCD-25MAY2223-T111499.99,DELTA,30,1000,32,50,808,yes,27,-1250
2025-05-22T19:03:22.047733,KXBTCD-25MAY2223-T111499.99,DELTA,30,1000,32,50,809,yes,28,2000
2025-05-22T19:03:22.048464,KXBTCD-25MAY2223-T111499.99,DELTA,30,1000,34,100,810,no,68,-50
2025-05-22T19:03:22.088246,KXBTCD-25MAY2223-T111499.99,DELTA,30,1000,32,200,811,no,68,200
2025-05-22T19:03:22.867364,KXBTCD-25MAY2223-T111499.99,DELTA,30,1000,32,200,812,yes,27,1250
2025-05-22T19:03:22.986907,KXBTCD-25MAY2223-T111499.99,DELTA,30,1000,32,200,813,no,64,9
2025-05-22T19:03:26.187667,KXBTCD-25MAY2223-T111499.99,DELTA,30,1000,32,200,814,yes,28,-2000
2025-05-22T19:03:26.226181,KXBTCD-25MAY2223-T111499.99,DELTA,30,1000,34,100,815,no,68,-200
2025-05-22T19:03:26.227007,KXBTCD-25MAY2223-T111499.99,DELTA,30,1000,34,100,816,yes,29,2000
2025-05-22T19:03:26.246878,KXBTCD-25MAY2223-T111499.99,DELTA,30,1000,33,300,817,no,67,300
2025-05-22T19:03:26.868119,KXBTCD-25MAY2223-T111499.99,DELTA,30,1000,33,300,818,yes,29,-2000
2025-05-22T19:03:26.907992,KXBTCD-25MAY2223-T111499.99,DELTA,30,1000,33,300,819,yes,28,2000
2025-05-22T19:03:29.166766,KXBTCD-25MAY2223-T111499.99,DELTA,30,1000,33,300,820,yes,28,-2000
2025-05-22T19:03:29.207789,KXBTCD-25MAY2223-T111499.99,DELTA,30,1000,33,300,821,yes,29,2000
2025-05-22T19:03:29.288419,KXBTCD-25MAY2223-T111499.99,DELTA,30,1000,33,300,822,no,64,-9
2025-05-22T19:03:29.768529,KXBTCD-25MAY2223-T111499.99,DELTA,30,1000,33,300,823,yes,27,-1250
2025-05-22T19:03:29.807193,KXBTCD-25MAY2223-T111499.99,DELTA,30,1000,33,300,824,yes,28,1250
2025-05-22T19:03:30.469597,KXBTCD-25MAY2223-T111499.99,DELTA,30,1000,33,300,825,yes,27,-100
2025-05-22T19:03:30.470669,KXBTCD-25MAY2223-T111499.99,DELTA,30,1000,33,300,826,no,66,-100
2025-05-22T19:03:31.391659,KXBTCD-25MAY2223-T111499.99,DELTA,30,1000,35,14,827,no,67,-300
2025-05-22T19:03:31.407117,KXBTCD-25MAY2223-T111499.99,DELTA,30,1000,34,300,828,no,66,300
2025-05-22T19:03:31.490920,KXBTCD-25MAY2223-T111499.99,DELTA,30,1000,34,300,829,yes,28,-1250
2025-05-22T19:03:31.547466,KXBTCD-25MAY2223-T111499.99,DELTA,30,1000,34,300,830,yes,27,1250
2025-05-22T19:03:32.388423,KXBTCD-25MAY2223-T111499.99,DELTA,30,1000,34,300,831,yes,27,100
2025-05-22T19:03:32.406689,KXBTCD-25MAY2223-T111499.99,DELTA,30,1000,34,300,832,no,65,100
2025-05-22T19:03:33.346428,KXBTCD-25MAY2223-T111499.99,DELTA,30,1000,34,300,833,yes,27,-100
2025-05-22T19:03:34.786421,KXBTCD-25MAY2223-T111499.99,DELTA,30,1000,34,300,834,yes,27,-1250
2025-05-22T19:03:34.787417,KXBTCD-25MAY2223-T111499.99,DELTA,30,1000,34,300,835,yes,28,1250
2025-05-22T19:03:35.106391,KXBTCD-25MAY2223-T111499.99,DELTA,30,1000,34,300,836,yes,27,100
2025-05-22T19:03:37.849931,KXBTCD-25MAY2223-T111499.99,DELTA,30,1000,34,300,837,no,63,-1000
2025-05-22T19:03:37.886241,KXBTCD-25MAY2223-T111499.99,DELTA,30,1000,34,300,838,no,62,1000
2025-05-22T19:03:37.967307,KXBTCD-25MAY2223-T111499.99,DELTA,30,1000,34,300,839,no,42,9
2025-05-22T19:03:40.418548,KXBTCD-25MAY2223-T111499.99,DELTA,30,1000,35,114,840,no,66,-300
2025-05-22T19:03:40.419746,KXBTCD-25MAY2223-T111499.99,DELTA,30,1000,33,50,841,no,67,50
2025-05-22T19:03:40.427350,KXBTCD-25MAY2223-T111499.99,DELTA,30,1000,35,114,842,no,67,-50
2025-05-22T19:03:40.467489,KXBTCD-25MAY2223-T111499.99,DELTA,30,1000,35,614,843,no,65,500
2025-05-22T19:03:40.468675,KXBTCD-25MAY2223-T111499.99,DELTA,30,1000,35,614,844,no,42,-9
2025-05-22T19:03:42.308456,KXBTCD-25MAY2223-T111499.99,DELTA,30,1000,35,614,845,yes,29,-2000
2025-05-22T19:03:42.330956,KXBTCD-25MAY2223-T111499.99,DELTA,30,1000,35,614,846,yes,27,-30
2025-05-22T19:03:42.331290,KXBTCD-25MAY2223-T111499.99,DELTA,30,1000,35,614,847,yes,29,30
2025-05-22T19:03:42.331401,KXBTCD-25MAY2223-T111499.99,DELTA,30,1000,35,614,848,no,62,-30
2025-05-22T19:03:42.331506,KXBTCD-25MAY2223-T111499.99,DELTA,30,1000,35,614,849,no,60,30
2025-05-22T19:03:42.331610,KXBTCD-25MAY2223-T111499.99,DELTA,30,1000,35,614,850,no,62,-1000
2025-05-22T19:03:42.347590,KXBTCD-25MAY2223-T111499.99,DELTA,30,1000,35,614,851,yes,28,-1250
2025-05-22T19:03:42.347680,KXBTCD-25MAY2223-T111499.99,DELTA,30,3000,35,614,852,yes,30,2000
2025-05-22T19:03:42.366083,KXBTCD-25MAY2223-T111499.99,DELTA,30,3000,35,614,853,yes,25,-14
2025-05-22T19:03:42.366268,KXBTCD-25MAY2223-T111499.99,DELTA,30,3000,35,614,854,yes,27,14
2025-05-22T19:03:42.386998,KXBTCD-25MAY2223-T111499.99,DELTA,30,3000,35,614,855,no,63,14
2025-05-22T19:03:42.387107,KXBTCD-25MAY2223-T111499.99,DELTA,30,3000,35,600,856,no,65,-14
2025-05-22T19:03:42.388272,KXBTCD-25MAY2223-T111499.99,DELTA,30,3000,35,600,857,no,31,1000
2025-05-22T19:03:42.406965,KXBTCD-25MAY2223-T111499.99,DELTA,30,3000,35,600,858,yes,27,-300
2025-05-22T19:03:42.427011,KXBTCD-25MAY2223-T111499.99,DELTA,30,4250,35,600,859,yes,30,1250
2025-05-22T19:03:42.427121,KXBTCD-25MAY2223-T111499.99,DELTA,30,4250,35,100,860,no,65,-500
2025-05-22T19:03:42.446598,KXBTCD-25MAY2223-T111499.99,DELTA,30,4250,35,100,861,no,31,-1000
2025-05-22T19:03:42.486457,KXBTCD-25MAY2223-T111499.99,DELTA,32,50,35,100,862,yes,32,50
2025-05-22T19:03:42.490599,KXBTCD-25MAY2223-T111499.99,DELTA,32,50,35,100,863,no,62,450
2025-05-22T19:03:42.547692,KXBTCD-25MAY2223-T111499.99,DELTA,32,50,35,100,864,yes,30,30
2025-05-22T19:03:42.548680,KXBTCD-25MAY2223-T111499.99,DELTA,32,50,35,100,865,yes,29,-30
2025-05-22T19:03:42.570173,KXBTCD-25MAY2223-T111499.99,DELTA,32,50,35,100,866,no,60,1000
2025-05-22T19:03:42.570858,KXBTCD-25MAY2223-T111499.99,DELTA,32,50,35,100,867,no,60,-30
2025-05-22T19:03:42.571354,KXBTCD-25MAY2223-T111499.99,DELTA,32,50,35,100,868,no,59,30
2025-05-22T19:03:42.571927,KXBTCD-25MAY2223-T111499.99,DELTA,32,50,35,100,869,yes,28,14
2025-05-22T19:03:42.572655,KXBTCD-25MAY2223-T111499.99,DELTA,32,50,35,100,870,yes,27,-14
2025-05-22T19:03:42.572995,KXBTCD-25MAY2223-T111499.99,DELTA,32,50,35,100,871,yes,30,-1000
2025-05-22T19:03:42.573195,KXBTCD-25MAY2223-T111499.99,DELTA,32,50,35,100,872,no,63,-14
2025-05-22T19:03:42.573358,KXBTCD-25MAY2223-T111499.99,DELTA,32,50,35,100,873,no,62,14
2025-05-22T19:03:42.607859,KXBTCD-25MAY2223-T111499.99,DELTA,33,1000,35,100,874,yes,33,1000
2025-05-22T19:03:42.608557,KXBTCD-25MAY2223-T111499.99,DELTA,33,1030,35,100,875,yes,33,30
2025-05-22T19:03:42.608921,KXBTCD-25MAY2223-T111499.99,DELTA,33,1030,35,100,876,yes,30,-30
2025-05-22T19:03:42.627087,KXBTCD-25MAY2223-T111499.99,DELTA,33,1030,35,100,877,yes,27,-100
2025-05-22T19:03:42.627878,KXBTCD-25MAY2223-T111499.99,DELTA,33,1030,35,100,878,no,59,-30
2025-05-22T19:03:42.628570,KXBTCD-25MAY2223-T111499.99,DELTA,33,1030,35,100,879,no,56,30
2025-05-22T19:03:42.628994,KXBTCD-25MAY2223-T111499.99,DELTA,33,1030,35,100,880,yes,32,-50
2025-05-22T19:03:42.629839,KXBTCD-25MAY2223-T111499.99,DELTA,33,1030,35,100,881,no,62,-450
2025-05-22T19:03:42.667569,KXBTCD-25MAY2223-T111499.99,DELTA,33,30,35,100,882,yes,33,-1000
2025-05-22T19:03:42.687998,KXBTCD-25MAY2223-T111499.99,DELTA,33,30,35,100,883,yes,32,300
2025-05-22T19:03:42.707436,KXBTCD-25MAY2223-T111499.99,DELTA,33,30,35,100,884,no,60,-1000
2025-05-22T19:03:42.708155,KXBTCD-25MAY2223-T111499.99,DELTA,33,30,35,100,885,no,61,450
2025-05-22T19:03:42.728863,KXBTCD-25MAY2223-T111499.99,DELTA,33,30,35,100,886,yes,30,14
2025-05-22T19:03:42.729584,KXBTCD-25MAY2223-T111499.99,DELTA,33,30,35,100,887,yes,28,-14
2025-05-22T19:03:42.730097,KXBTCD-25MAY2223-T111499.99,DELTA,33,30,35,100,888,no,60,14
2025-05-22T19:03:42.730546,KXBTCD-25MAY2223-T111499.99,DELTA,33,30,35,100,889,no,62,-14
2025-05-22T19:03:42.747145,KXBTCD-25MAY2223-T111499.99,DELTA,34,1000,35,100,890,yes,34,1000
2025-05-22T19:03:42.807104,KXBTCD-25MAY2223-T111499.99,DELTA,34,1000,35,100,891,no,57,1000
2025-05-22T19:03:42.827896,KXBTCD-25MAY2223-T111499.99,DELTA,34,1000,35,100,892,yes,30,-2000
2025-05-22T19:03:42.867514,KXBTCD-25MAY2223-T111499.99,DELTA,34,1000,35,100,893,yes,33,2000
2025-05-22T19:03:42.933453,KXBTCD-25MAY2223-T111499.99,DELTA,34,1000,35,100,894,yes,30,-1250
2025-05-22T19:03:42.987729,KXBTCD-25MAY2223-T111499.99,DELTA,34,1000,35,100,895,yes,32,1250
2025-05-22T19:03:43.027099,KXBTCD-25MAY2223-T111499.99,DELTA,34,1000,35,100,896,yes,32,14
2025-05-22T19:03:43.028497,KXBTCD-25MAY2223-T111499.99,DELTA,34,1000,35,100,897,yes,33,-30
2025-05-22T19:03:43.046709,KXBTCD-25MAY2223-T111499.99,DELTA,34,1000,35,70,898,no,65,-30
2025-05-22T19:03:43.047489,KXBTCD-25MAY2223-T111499.99,DELTA,34,1000,35,70,899,yes,30,-14
2025-05-22T19:03:43.048114,KXBTCD-25MAY2223-T111499.99,DELTA,34,1000,35,70,900,no,58,14
2025-05-22T19:03:43.049296,KXBTCD-25MAY2223-T111499.99,DELTA,34,1000,35,70,901,no,56,-30
2025-05-22T19:03:43.050038,KXBTCD-25MAY2223-T111499.99,DELTA,34,1000,35,70,902,no,54,30
2025-05-22T19:03:43.050530,KXBTCD-25MAY2223-T111499.99,DELTA,34,1000,35,70,903,no,60,-14
2025-05-22T19:03:43.107166,KXBTCD-25MAY2223-T111499.99,DELTA,34,1000,35,70,904,yes,31,30
2025-05-22T19:03:43.128750,KXBTCD-25MAY2223-T111499.99,DELTA,34,1000,35,70,905,no,54,-30
2025-05-22T19:03:43.129944,KXBTCD-25MAY2223-T111499.99,DELTA,34,1000,35,70,906,no,57,-1000
2025-05-22T19:03:43.130507,KXBTCD-25MAY2223-T111499.99,DELTA,33,2000,35,70,907,yes,34,-1000
2025-05-22T19:03:43.130992,KXBTCD-25MAY2223-T111499.99,DELTA,33,2000,35,70,908,no,57,30
2025-05-22T19:03:43.166562,KXBTCD-25MAY2223-T111499.99,DELTA,33,2000,35,70,909,no,55,1000
2025-05-22T19:03:43.167468,KXBTCD-25MAY2223-T111499.99,DELTA,33,3000,35,70,910,yes,33,1000
2025-05-22T19:03:43.208330,KXBTCD-25MAY2223-T111499.99,DELTA,33,3000,35,70,911,no,55,-1000
2025-05-22T19:03:43.247081,KXBTCD-25MAY2223-T111499.99,DELTA,33,3000,35,70,912,no,58,1000
2025-05-22T19:03:43.328231,KXBTCD-25MAY2223-T111499.99,DELTA,33,3000,35,70,913,yes,32,-300
2025-05-22T19:03:43.347448,KXBTCD-25MAY2223-T111499.99,DELTA,33,3000,35,70,914,no,61,-450
2025-05-22T19:03:43.390444,KXBTCD-25MAY2223-T111499.99,DELTA,34,100,35,70,915,yes,34,100
2025-05-22T19:03:43.391366,KXBTCD-25MAY2223-T111499.99,DELTA,34,100,35,70,916,yes,33,-2000
2025-05-22T19:03:43.391884,KXBTCD-25MAY2223-T111499.99,DELTA,34,100,35,70,917,no,60,400
2025-05-22T19:03:43.408056,KXBTCD-25MAY2223-T111499.99,DELTA,34,100,35,70,918,yes,33,-1000
2025-05-22T19:03:43.410192,KXBTCD-25MAY2223-T111499.99,DELTA,34,100,35,70,919,yes,32,-1250
2025-05-22T19:03:43.426671,KXBTCD-25MAY2223-T111499.99,DELTA,34,100,35,70,920,no,60,-400
2025-05-22T19:03:43.449317,KXBTCD-25MAY2223-T111499.99,DELTA,34,1100,35,70,921,yes,34,1000
2025-05-22T19:03:43.450146,KXBTCD-25MAY2223-T111499.99,DELTA,34,1100,35,70,922,yes,30,1250
2025-05-22T19:03:43.450840,KXBTCD-25MAY2223-T111499.99,DELTA,34,1100,35,70,923,yes,30,2000
2025-05-22T19:03:43.472882,KXBTCD-25MAY2223-T111499.99,DELTA,34,1000,35,70,924,yes,34,-100
2025-05-22T19:03:43.587903,KXBTCD-25MAY2223-T111499.99,DELTA,34,1000,42,1014,925,no,65,-70
2025-05-22T19:03:43.589461,KXBTCD-25MAY2223-T111499.99,DELTA,36,180,42,1014,926,yes,36,180
2025-05-22T19:03:43.590219,KXBTCD-25MAY2223-T111499.99,DELTA,36,180,42,1014,927,yes,34,-1000
2025-05-22T19:03:43.608852,KXBTCD-25MAY2223-T111499.99,DELTA,36,180,42,1014,928,no,57,450
2025-05-22T19:03:43.667555,KXBTCD-25MAY2223-T111499.99,DELTA,36,180,42,1014,929,yes,32,1000
2025-05-22T19:03:43.707086,KXBTCD-25MAY2223-T111499.99,DELTA,36,180,42,1014,930,yes,32,-1000
2025-05-22T19:03:43.748391,KXBTCD-25MAY2223-T111499.99,DELTA,36,1180,42,1014,931,yes,36,1000
2025-05-22T19:03:43.865248,KXBTCD-25MAY2223-T111499.99,DELTA,36,180,42,1014,932,yes,36,-1000
2025-05-22T19:03:43.888230,KXBTCD-25MAY2223-T111499.99,DELTA,36,180,42,14,933,no,58,-1000
2025-05-22T19:03:43.888337,KXBTCD-25MAY2223-T111499.99,DELTA,36,180,42,14,934,no,11,-8000
2025-05-22T19:03:43.942107,KXBTCD-25MAY2223-T111499.99,DELTA,37,1000,42,14,935,yes,37,1000
2025-05-22T19:03:43.942254,KXBTCD-25MAY2223-T111499.99,DELTA,37,1000,42,14,936,no,57,1000
2025-05-22T19:03:43.942351,KXBTCD-25MAY2223-T111499.99,DELTA,37,1000,42,14,937,no,1,8000
2025-05-22T19:03:43.985690,KXBTCD-25MAY2223-T111499.99,DELTA,37,1000,42,14,938,yes,32,9
2025-05-22T19:03:44.287198,KXBTCD-25MAY2223-T111499.99,DELTA,37,1000,42,14,939,yes,12,-2700
2025-05-22T19:03:44.287873,KXBTCD-25MAY2223-T111499.99,DELTA,37,1000,42,14,940,yes,11,2945
2025-05-22T19:03:44.349411,KXBTCD-25MAY2223-T111499.99,DELTA,37,1000,42,14,941,no,12,-2700
2025-05-22T19:03:44.350543,KXBTCD-25MAY2223-T111499.99,DELTA,37,1000,42,14,942,no,4,8100
2025-05-22T19:03:44.407954,KXBTCD-25MAY2223-T111499.99,DELTA,37,1000,42,14,943,no,5,20000
2025-05-22T19:03:45.566375,KXBTCD-25MAY2223-T111499.99,DELTA,37,1000,42,14,944,no,4,-8100
2025-05-22T19:03:45.567908,KXBTCD-25MAY2223-T111499.99,DELTA,37,1000,42,14,945,no,6,5400
2025-05-22T19:03:45.625547,KXBTCD-25MAY2223-T111499.99,DELTA,37,1000,42,14,946,no,5,-20000
2025-05-22T19:03:45.667597,KXBTCD-25MAY2223-T111499.99,DELTA,37,1000,42,14,947,no,7,20000
2025-05-22T19:03:45.688452,KXBTCD-25MAY2223-T111499.99,DELTA,37,1000,42,14,948,yes,32,-9
2025-05-22T19:03:47.966987,KXBTCD-25MAY2223-T111499.99,DELTA,37,1000,42,14,949,yes,33,30
2025-05-22T19:03:47.968168,KXBTCD-25MAY2223-T111499.99,DELTA,37,1000,42,14,950,yes,31,-30
2025-05-22T19:03:47.968830,KXBTCD-25MAY2223-T111499.99,DELTA,37,1000,42,14,951,yes,34,14
2025-05-22T19:03:47.969382,KXBTCD-25MAY2223-T111499.99,DELTA,37,1000,42,14,952,no,55,30
2025-05-22T19:03:47.969996,KXBTCD-25MAY2223-T111499.99,DELTA,37,1000,42,14,953,no,56,14
2025-05-22T19:03:47.970419,KXBTCD-25MAY2223-T111499.99,DELTA,37,1000,42,14,954,no,57,-30
2025-05-22T19:03:47.985782,KXBTCD-25MAY2223-T111499.99,DELTA,37,1000,42,14,955,yes,32,-14
2025-05-22T19:03:47.986696,KXBTCD-25MAY2223-T111499.99,DELTA,37,1000,43,1450,956,no,58,-14
2025-05-22T19:03:48.526462,KXBTCD-25MAY2223-T111499.99,DELTA,37,1000,43,1450,957,yes,30,-2000
2025-05-22T19:03:48.546509,KXBTCD-25MAY2223-T111499.99,DELTA,37,1000,43,450,958,no,57,-1000
2025-05-22T19:03:48.586861,KXBTCD-25MAY2223-T111499.99,DELTA,37,1000,43,450,959,yes,36,-180
2025-05-22T19:03:48.588016,KXBTCD-25MAY2223-T111499.99,DELTA,37,1000,43,450,960,yes,36,2000
2025-05-22T19:03:48.588708,KXBTCD-25MAY2223-T111499.99,DELTA,37,1000,43,450,961,no,56,1000
2025-05-22T19:03:48.589820,KXBTCD-25MAY2223-T111499.99,DELTA,37,1000,44,1014,962,no,57,-450
2025-05-22T19:03:48.648224,KXBTCD-25MAY2223-T111499.99,DELTA,37,1000,44,1014,963,yes,36,-2000
2025-05-22T19:03:48.669016,KXBTCD-25MAY2223-T111499.99,DELTA,34,14,44,1014,964,yes,37,-1000
2025-05-22T19:03:48.670257,KXBTCD-25MAY2223-T111499.99,DELTA,39,100,44,1014,965,yes,39,100
2025-05-22T19:03:48.670931,KXBTCD-25MAY2223-T111499.99,DELTA,39,100,44,1014,966,no,55,250
2025-05-22T19:03:48.748002,KXBTCD-25MAY2223-T111499.99,DELTA,39,100,44,1014,967,yes,30,2000
2025-05-22T19:03:48.748673,KXBTCD-25MAY2223-T111499.99,DELTA,39,100,44,1014,968,yes,34,1000
2025-05-22T19:03:48.866150,KXBTCD-25MAY2223-T111499.99,DELTA,39,100,44,1014,969,yes,35,9
2025-05-22T19:03:48.955500,KXBTCD-25MAY2223-T111499.99,DELTA,39,100,44,1014,970,yes,10,-200
2025-05-22T19:03:48.955716,KXBTCD-25MAY2223-T111499.99,DELTA,39,100,44,1014,971,yes,20,200
2025-05-22T19:03:48.955795,KXBTCD-25MAY2223-T111499.99,DELTA,39,100,44,1014,972,yes,34,-1000
2025-05-22T19:03:49.135144,KXBTCD-25MAY2223-T111499.99,DELTA,39,100,44,14,973,no,56,-1000
2025-05-22T19:03:49.135386,KXBTCD-25MAY2223-T111499.99,DELTA,39,100,44,14,974,no,41,-3000
2025-05-22T19:03:49.135539,KXBTCD-25MAY2223-T111499.99,DELTA,39,100,44,14,975,no,55,1000
2025-05-22T19:03:49.135675,KXBTCD-25MAY2223-T111499.99,DELTA,39,1100,44,14,976,yes,39,1000
2025-05-22T19:03:49.135798,KXBTCD-25MAY2223-T111499.99,DELTA,39,1100,44,14,977,no,32,3000
2025-05-22T19:03:50.107235,KXBTCD-25MAY2223-T111499.99,DELTA,39,1100,44,14,978,no,6,-5400
2025-05-22T19:03:50.108441,KXBTCD-25MAY2223-T111499.99,DELTA,39,1100,44,14,979,no,8,4050
2025-05-22T19:03:50.167702,KXBTCD-25MAY2223-T111499.99,DELTA,39,1100,44,14,980,no,7,-20000
2025-05-22T19:03:50.207160,KXBTCD-25MAY2223-T111499.99,DELTA,39,1100,44,14,981,no,9,20000
2025-05-22T19:03:50.208331,KXBTCD-25MAY2223-T111499.99,DELTA,39,1100,44,14,982,yes,35,-9
2025-05-22T19:03:51.377327,KXBTCD-25MAY2223-T111499.99,DELTA,39,100,44,14,983,yes,39,-1000
2025-05-22T19:03:51.378258,KXBTCD-25MAY2223-T111499.99,DELTA,39,100,44,14,984,no,55,-1000
2025-05-22T19:03:51.407549,KXBTCD-25MAY2223-T111499.99,DELTA,39,100,44,1014,985,no,56,1000
2025-05-22T19:03:51.408373,KXBTCD-25MAY2223-T111499.99,DELTA,39,100,44,1014,986,yes,34,1000
2025-05-22T19:03:51.448543,KXBTCD-25MAY2223-T111499.99,DELTA,39,100,44,1014,987,yes,35,9
2025-05-22T19:03:51.608880,KXBTCD-25MAY2223-T111499.99,DELTA,35,9,44,1014,988,yes,39,-100
2025-05-22T19:03:51.667749,KXBTCD-25MAY2223-T111499.99,DELTA,38,100,44,1014,989,yes,38,100
2025-05-22T19:03:52.266963,KXBTCD-25MAY2223-T111499.99,DELTA,38,100,44,1014,990,yes,34,-1000
2025-05-22T19:03:52.306131,KXBTCD-25MAY2223-T111499.99,DELTA,38,1100,44,1014,991,yes,38,1000
2025-05-22T19:03:52.386668,KXBTCD-25MAY2223-T111499.99,DELTA,38,1100,44,1014,992,yes,35,-9
2025-05-22T19:03:52.386880,KXBTCD-25MAY2223-T111499.99,DELTA,38,1000,44,1014,993,yes,38,-100
2025-05-22T19:03:52.404918,KXBTCD-25MAY2223-T111499.99,DELTA,38,1000,44,1014,994,no,55,-250
2025-05-22T19:03:52.405044,KXBTCD-25MAY2223-T111499.99,DELTA,38,1000,44,1014,995,yes,34,9
2025-05-22T19:03:52.424838,KXBTCD-25MAY2223-T111499.99,DELTA,38,1000,44,1014,996,yes,37,250
2025-05-22T19:03:52.446509,KXBTCD-25MAY2223-T111499.99,DELTA,38,1000,43,150,997,no,57,150
2025-05-22T19:03:52.446651,KXBTCD-25MAY2223-T111499.99,DELTA,37,250,43,150,998,yes,38,-1000
2025-05-22T19:03:52.485942,KXBTCD-25MAY2223-T111499.99,DELTA,37,250,44,1014,999,no,57,-150
2025-05-22T19:03:52.486141,KXBTCD-25MAY2223-T111499.99,DELTA,38,1000,44,1014,1000,yes,38,1000
2025-05-22T19:03:52.505166,KXBTCD-25MAY2223-T111499.99,DELTA,38,1000,44,1364,1001,no,56,350
2025-05-22T19:03:52.727315,KXBTCD-25MAY2223-T111499.99,DELTA,38,1000,44,1364,1002,no,8,-4050
2025-05-22T19:03:52.728355,KXBTCD-25MAY2223-T111499.99,DELTA,38,1000,44,1364,1003,no,10,3240
2025-05-22T19:03:52.787065,KXBTCD-25MAY2223-T111499.99,DELTA,38,1000,44,1364,1004,no,9,-20000
2025-05-22T19:03:52.788144,KXBTCD-25MAY2223-T111499.99,DELTA,38,1000,44,1014,1005,no,56,-350
2025-05-22T19:03:52.826213,KXBTCD-25MAY2223-T111499.99,DELTA,38,1000,44,1264,1006,no,56,250
2025-05-22T19:03:52.827229,KXBTCD-25MAY2223-T111499.99,DELTA,38,1000,44,1264,1007,no,11,20000
2025-05-22T19:03:53.425320,KXBTCD-25MAY2223-T111499.99,DELTA,37,250,44,1264,1008,yes,38,-1000
2025-05-22T19:03:53.426967,KXBTCD-25MAY2223-T111499.99,DELTA,37,250,44,264,1009,no,56,-1000
2025-05-22T19:03:53.465881,KXBTCD-25MAY2223-T111499.99,DELTA,37,1250,44,264,1010,yes,37,1000
2025-05-22T19:03:53.466881,KXBTCD-25MAY2223-T111499.99,DELTA,37,1250,43,1000,1011,no,57,1000
2025-05-22T19:03:53.526537,KXBTCD-25MAY2223-T111499.99,DELTA,37,1250,43,1000,1012,yes,34,-9
2025-05-22T19:03:53.527875,KXBTCD-25MAY2223-T111499.99,DELTA,37,1250,43,1000,1013,no,33,9
2025-05-22T19:03:53.528596,KXBTCD-25MAY2223-T111499.99,DELTA,37,1250,43,1000,1014,yes,31,9
2025-05-22T19:03:53.986964,KXBTCD-25MAY2223-T111499.99,DELTA,37,1250,43,1000,1015,no,10,-3240
2025-05-22T19:03:53.987172,KXBTCD-25MAY2223-T111499.99,DELTA,37,1250,43,1000,1016,no,12,2700
2025-05-22T19:03:54.048319,KXBTCD-25MAY2223-T111499.99,DELTA,37,1250,43,1000,1017,no,11,-20000
2025-05-22T19:03:54.326729,KXBTCD-25MAY2223-T111499.99,DELTA,37,250,43,1000,1018,yes,37,-1000
2025-05-22T19:03:54.345561,KXBTCD-25MAY2223-T111499.99,DELTA,37,250,44,264,1019,no,57,-1000
2025-05-22T19:03:54.485133,KXBTCD-25MAY2223-T111499.99,DELTA,38,1000,44,264,1020,yes,38,1000
2025-05-22T19:03:54.486454,KXBTCD-25MAY2223-T111499.99,DELTA,38,1000,44,1264,1021,no,56,1000
2025-05-22T19:03:54.549355,KXBTCD-25MAY2223-T111499.99,DELTA,38,1000,44,1264,1022,no,33,-9
2025-05-22T19:03:55.061517,KXBTCD-25MAY2223-T111499.99,DELTA,38,1000,44,264,1023,no,56,-1000
2025-05-22T19:03:55.062527,KXBTCD-25MAY2223-T111499.99,DELTA,38,1000,43,1000,1024,no,57,1000
2025-05-22T19:03:55.208062,KXBTCD-25MAY2223-T111499.99,DELTA,37,250,43,1000,1025,yes,38,-1000
2025-05-22T19:03:55.267639,KXBTCD-25MAY2223-T111499.99,DELTA,37,1250,43,1000,1026,yes,37,1000
2025-05-22T19:03:55.268562,KXBTCD-25MAY2223-T111499.99,DELTA,37,1250,43,1000,1027,no,12,-2700
2025-05-22T19:03:55.269245,KXBTCD-25MAY2223-T111499.99,DELTA,37,1250,43,1000,1028,no,4,8100
2025-05-22T19:03:55.325843,KXBTCD-25MAY2223-T111499.99,DELTA,37,1250,43,1000,1029,no,5,20000
2025-05-22T19:03:56.088342,KXBTCD-25MAY2223-T111499.99,DELTA,37,250,43,1000,1030,yes,37,-1000
2025-05-22T19:03:56.090212,KXBTCD-25MAY2223-T111499.99,DELTA,37,250,44,264,1031,no,57,-1000
2025-05-22T19:03:56.091373,KXBTCD-25MAY2223-T111499.99,DELTA,34,14,44,264,1032,yes,37,-250
2025-05-22T19:03:56.094005,KXBTCD-25MAY2223-T111499.99,DELTA,34,14,44,14,1033,no,56,-250
2025-05-22T19:03:56.107988,KXBTCD-25MAY2223-T111499.99,DELTA,38,1000,44,14,1034,yes,38,1000
2025-05-22T19:03:56.108583,KXBTCD-25MAY2223-T111499.99,DELTA,38,1000,44,14,1035,no,55,1000
2025-05-22T19:03:56.126894,KXBTCD-25MAY2223-T111499.99,DELTA,39,200,44,14,1036,yes,39,200
2025-05-22T19:03:56.127503,KXBTCD-25MAY2223-T111499.99,DELTA,39,200,44,14,1037,no,55,150
2025-05-22T19:03:56.146074,KXBTCD-25MAY2223-T111499.99,DELTA,39,200,44,14,1038,yes,38,-1000
2025-05-22T19:03:56.187340,KXBTCD-25MAY2223-T111499.99,DELTA,39,1200,44,14,1039,yes,39,1000
2025-05-22T19:03:56.188288,KXBTCD-25MAY2223-T111499.99,DELTA,39,1200,44,14,1040,no,55,-150
2025-05-22T19:03:56.226068,KXBTCD-25MAY2223-T111499.99,DELTA,39,1200,44,14,1041,no,54,350
2025-05-22T19:03:56.508467,KXBTCD-25MAY2223-T111499.99,DELTA,39,1200,44,14,1042,no,4,-8100
2025-05-22T19:03:56.509344,KXBTCD-25MAY2223-T111499.99,DELTA,39,1200,44,14,1043,no,6,5400
2025-05-22T19:03:56.566654,KXBTCD-25MAY2223-T111499.99,DELTA,39,1200,44,14,1044,no,5,-20000
2025-05-22T19:03:56.606616,KXBTCD-25MAY2223-T111499.99,DELTA,39,1200,44,14,1045,no,7,20000
2025-05-22T19:03:57.687113,KXBTCD-25MAY2223-T111499.99,DELTA,39,1200,44,14,1046,yes,11,-2945
2025-05-22T19:03:57.687843,KXBTCD-25MAY2223-T111499.99,DELTA,39,1200,44,14,1047,yes,4,8100
2025-05-22T19:03:57.748426,KXBTCD-25MAY2223-T111499.99,DELTA,39,1200,44,14,1048,yes,5,20000
2025-05-22T19:03:57.768470,KXBTCD-25MAY2223-T111499.99,DELTA,39,1200,44,14,1049,no,6,-5400
2025-05-22T19:03:57.769406,KXBTCD-25MAY2223-T111499.99,DELTA,39,1200,44,14,1050,no,8,4050
2025-05-22T19:03:57.807813,KXBTCD-25MAY2223-T111499.99,DELTA,39,1200,44,14,1051,yes,31,-9
2025-05-22T19:03:57.826407,KXBTCD-25MAY2223-T111499.99,DELTA,39,1200,44,14,1052,no,7,-20000
2025-05-22T19:03:57.868879,KXBTCD-25MAY2223-T111499.99,DELTA,39,1200,44,14,1053,no,9,20000
2025-05-22T19:03:58.926621,KXBTCD-25MAY2223-T111499.99,DELTA,39,200,44,14,1054,yes,39,-1000
2025-05-22T19:03:58.946540,KXBTCD-25MAY2223-T111499.99,DELTA,39,200,44,14,1055,no,55,-1000
2025-05-22T19:03:59.005535,KXBTCD-25MAY2223-T111499.99,DELTA,39,200,44,14,1056,yes,34,1000
2025-05-22T19:03:59.006056,KXBTCD-25MAY2223-T111499.99,DELTA,39,200,44,1014,1057,no,56,1000
2025-05-22T19:03:59.027023,KXBTCD-25MAY2223-T111499.99,DELTA,34,1014,44,1014,1058,yes,39,-200
2025-05-22T19:03:59.047331,KXBTCD-25MAY2223-T111499.99,DELTA,34,1023,44,1014,1059,yes,34,9
2025-05-22T19:03:59.047894,KXBTCD-25MAY2223-T111499.99,DELTA,38,250,44,1014,1060,yes,38,250
2025-05-22T19:03:59.105792,KXBTCD-25MAY2223-T111499.99,DELTA,38,250,44,1014,1061,yes,34,-1000
2025-05-22T19:03:59.146943,KXBTCD-25MAY2223-T111499.99,DELTA,38,1250,44,1014,1062,yes,38,1000
2025-05-22T19:04:00.731257,KXBTCD-25MAY2223-T111499.99,DELTA,38,250,44,1014,1063,yes,38,-1000
2025-05-22T19:04:00.732121,KXBTCD-25MAY2223-T111499.99,DELTA,38,250,44,14,1064,no,56,-1000
2025-05-22T19:04:00.767474,KXBTCD-25MAY2223-T111499.99,DELTA,39,1000,44,14,1065,yes,39,1000
2025-05-22T19:04:00.768310,KXBTCD-25MAY2223-T111499.99,DELTA,39,1000,44,14,1066,no,55,1000
2025-05-22T19:04:00.768984,KXBTCD-25MAY2223-T111499.99,DELTA,39,1000,44,14,1067,yes,38,-250
2025-05-22T19:04:00.826628,KXBTCD-25MAY2223-T111499.99,DELTA,40,150,44,14,1068,yes,40,150
2025-05-22T19:04:00.827155,KXBTCD-25MAY2223-T111499.99,DELTA,40,150,44,14,1069,no,33,9
2025-05-22T19:04:00.827585,KXBTCD-25MAY2223-T111499.99,DELTA,40,150,44,14,1070,no,55,-1000
2025-05-22T19:04:00.851820,KXBTCD-25MAY2223-T111499.99,DELTA,40,150,44,14,1071,yes,39,-1000
2025-05-22T19:04:00.852420,KXBTCD-25MAY2223-T111499.99,DELTA,40,150,44,14,1072,yes,33,-30
2025-05-22T19:04:00.866303,KXBTCD-25MAY2223-T111499.99,DELTA,40,150,44,14,1073,no,55,-30
2025-05-22T19:04:00.867198,KXBTCD-25MAY2223-T111499.99,DELTA,40,150,44,14,1074,yes,36,14
2025-05-22T19:04:00.867555,KXBTCD-25MAY2223-T111499.99,DELTA,40,150,44,14,1075,yes,34,-14
2025-05-22T19:04:00.887598,KXBTCD-25MAY2223-T111499.99,DELTA,40,150,44,14,1076,yes,34,30
2025-05-22T19:04:00.888139,KXBTCD-25MAY2223-T111499.99,DELTA,40,150,46,350,1077,no,56,-14
2025-05-22T19:04:00.888504,KXBTCD-25MAY2223-T111499.99,DELTA,40,150,46,364,1078,no,54,14
2025-05-22T19:04:00.888802,KXBTCD-25MAY2223-T111499.99,DELTA,40,150,46,364,1079,yes,11,-3000
2025-05-22T19:04:00.889070,KXBTCD-25MAY2223-T111499.99,DELTA,40,150,46,14,1080,no,54,-350
2025-05-22T19:04:00.889334,KXBTCD-25MAY2223-T111499.99,DELTA,40,150,46,44,1081,no,54,30
2025-05-22T19:04:00.906185,KXBTCD-25MAY2223-T111499.99,DELTA,40,150,46,1044,1082,no,54,1000
2025-05-22T19:04:00.949719,KXBTCD-25MAY2223-T111499.99,DELTA,40,150,46,1044,1083,no,52,350
2025-05-22T19:04:00.950140,KXBTCD-25MAY2223-T111499.99,DELTA,41,1000,46,1044,1084,yes,41,1000
2025-05-22T19:04:00.986728,KXBTCD-25MAY2223-T111499.99,DELTA,41,1000,46,1044,1085,yes,19,3000
2025-05-22T19:04:00.987709,KXBTCD-25MAY2223-T111499.99,DELTA,41,1000,46,44,1086,no,54,-1000
2025-05-22T19:04:01.005855,KXBTCD-25MAY2223-T111499.99,DELTA,41,1000,46,44,1087,yes,40,-150
2025-05-22T19:04:01.006359,KXBTCD-25MAY2223-T111499.99,DELTA,41,1000,46,44,1088,no,52,-350
2025-05-22T19:04:01.048771,KXBTCD-25MAY2223-T111499.99,DELTA,41,1000,46,44,1089,yes,37,30
2025-05-22T19:04:01.049457,KXBTCD-25MAY2223-T111499.99,DELTA,41,1000,46,44,1090,yes,34,-30
2025-05-22T19:04:01.049837,KXBTCD-25MAY2223-T111499.99,DELTA,41,1000,46,14,1091,no,54,-30
