timestamp,market_ticker,type,yes_bid_price_cents,yes_bid_qty,yes_ask_price_cents,yes_ask_qty_on_no_side,sequence_num,delta_side,delta_price_cents,delta_quantity
2025-05-22T15:01:24.408378,KXBTCD-25MAY2219-T110749.99,SNAPSHOT,74,1000,80,1014,1,,,
2025-05-22T15:01:26.904575,KXBTCD-25MAY2219-T110749.99,DELTA,74,1000,80,1014,2,yes,73,-100
2025-05-22T15:01:26.963111,KXBTCD-25MAY2219-T110749.99,DELTA,71,14,80,1014,3,yes,74,-1000
2025-05-22T15:01:27.022450,KXBTCD-25MAY2219-T110749.99,DELTA,71,1014,80,1014,4,yes,71,1000
2025-05-22T15:01:27.736284,KXBTCD-25MAY2219-T110749.99,DELTA,74,100,80,1014,5,yes,74,100
2025-05-22T15:01:27.843383,KXBTCD-25MAY2219-T110749.99,DELTA,74,100,80,1014,6,yes,71,-1000
2025-05-22T15:01:27.843599,KXBTCD-25MAY2219-T110749.99,DELTA,74,100,80,1014,7,no,4,-8100
2025-05-22T15:01:27.843742,KXBTCD-25MAY2219-T110749.99,DELTA,74,100,80,1014,8,no,3,10800
2025-05-22T15:01:27.881281,KXBTCD-25MAY2219-T110749.99,DELTA,74,1100,80,1014,9,yes,74,1000
2025-05-22T15:01:27.902701,KXBTCD-25MAY2219-T110749.99,DELTA,74,1100,80,1014,10,no,5,-20000
2025-05-22T15:01:27.922051,KXBTCD-25MAY2219-T110749.99,DELTA,74,1100,80,1014,11,no,5,-2000
2025-05-22T15:01:27.922360,KXBTCD-25MAY2219-T110749.99,DELTA,74,1100,80,1014,12,no,5,-1250
2025-05-22T15:01:27.963084,KXBTCD-25MAY2219-T110749.99,DELTA,74,1100,80,1014,13,no,4,2000
2025-05-22T15:01:27.963411,KXBTCD-25MAY2219-T110749.99,DELTA,74,1100,80,1014,14,no,4,1250
2025-05-22T15:01:27.982860,KXBTCD-25MAY2219-T110749.99,DELTA,74,1100,80,1014,15,no,4,20000
2025-05-22T15:01:28.904703,KXBTCD-25MAY2219-T110749.99,DELTA,74,100,80,1014,16,yes,74,-1000
2025-05-22T15:01:28.905553,KXBTCD-25MAY2219-T110749.99,DELTA,75,1000,80,1014,17,yes,75,1000
2025-05-22T15:01:28.922175,KXBTCD-25MAY2219-T110749.99,DELTA,75,1000,80,1014,18,yes,51,9
2025-05-22T15:01:29.223442,KXBTCD-25MAY2219-T110749.99,DELTA,75,1000,80,1014,19,no,3,-10800
2025-05-22T15:01:29.223751,KXBTCD-25MAY2219-T110749.99,DELTA,75,1000,80,1014,20,no,1,32400
2025-05-22T15:01:29.283622,KXBTCD-25MAY2219-T110749.99,DELTA,75,1000,80,1014,21,no,4,-20000
2025-05-22T15:01:29.284370,KXBTCD-25MAY2219-T110749.99,DELTA,75,1000,80,1014,22,no,4,-2000
2025-05-22T15:01:29.302939,KXBTCD-25MAY2219-T110749.99,DELTA,75,1000,80,1014,23,no,4,-1250
2025-05-22T15:01:29.342897,KXBTCD-25MAY2219-T110749.99,DELTA,75,1000,80,1014,24,no,2,2000
2025-05-22T15:01:29.402366,KXBTCD-25MAY2219-T110749.99,DELTA,75,1000,80,1014,25,no,2,20000
2025-05-22T15:01:29.423649,KXBTCD-25MAY2219-T110749.99,DELTA,74,100,80,1014,26,yes,75,-1000
2025-05-22T15:01:29.464017,KXBTCD-25MAY2219-T110749.99,DELTA,74,1100,80,1014,27,yes,74,1000
2025-05-22T15:01:33.420035,KXBTCD-25MAY2219-T110749.99,DELTA,74,1100,80,1014,28,no,1,-32400
2025-05-22T15:01:33.420238,KXBTCD-25MAY2219-T110749.99,DELTA,74,1100,80,1014,29,no,2,16200
2025-05-22T15:01:33.480780,KXBTCD-25MAY2219-T110749.99,DELTA,74,1100,80,1014,30,no,2,-20000
2025-05-22T15:01:33.480998,KXBTCD-25MAY2219-T110749.99,DELTA,74,1100,80,1014,31,no,2,-2000
2025-05-22T15:01:33.522181,KXBTCD-25MAY2219-T110749.99,DELTA,74,1100,80,1014,32,yes,51,-9
2025-05-22T15:01:33.522360,KXBTCD-25MAY2219-T110749.99,DELTA,74,1100,80,1014,33,no,3,2000
2025-05-22T15:01:33.522446,KXBTCD-25MAY2219-T110749.99,DELTA,74,1100,80,1014,34,no,3,20000
2025-05-22T15:01:35.967873,KXBTCD-25MAY2219-T110749.99,DELTA,74,1100,80,1014,35,no,2,-16200
2025-05-22T15:01:35.968093,KXBTCD-25MAY2219-T110749.99,DELTA,74,1100,80,1014,36,no,1,32400
2025-05-22T15:01:36.023014,KXBTCD-25MAY2219-T110749.99,DELTA,74,1100,80,1014,37,no,3,-20000
2025-05-22T15:01:36.041989,KXBTCD-25MAY2219-T110749.99,DELTA,74,1100,80,1014,38,no,3,-2000
2025-05-22T15:01:36.082441,KXBTCD-25MAY2219-T110749.99,DELTA,74,1100,80,1014,39,no,2,20000
2025-05-22T15:01:36.082801,KXBTCD-25MAY2219-T110749.99,DELTA,74,1100,80,1014,40,no,2,2000
2025-05-22T15:01:37.282704,KXBTCD-25MAY2219-T110749.99,DELTA,74,100,80,1014,41,yes,74,-1000
2025-05-22T15:01:37.321300,KXBTCD-25MAY2219-T110749.99,DELTA,75,1000,80,1014,42,yes,75,1000
2025-05-22T15:01:37.341431,KXBTCD-25MAY2219-T110749.99,DELTA,75,1000,80,1014,43,no,1,-32400
2025-05-22T15:01:37.341578,KXBTCD-25MAY2219-T110749.99,DELTA,75,1000,80,1014,44,no,2,16200
2025-05-22T15:01:37.341660,KXBTCD-25MAY2219-T110749.99,DELTA,75,1000,80,1014,45,no,19,-100
2025-05-22T15:01:37.401390,KXBTCD-25MAY2219-T110749.99,DELTA,75,1000,80,1014,46,yes,51,9
2025-05-22T15:01:37.401541,KXBTCD-25MAY2219-T110749.99,DELTA,75,1000,80,1014,47,no,3,1250
2025-05-22T15:01:37.401660,KXBTCD-25MAY2219-T110749.99,DELTA,75,1000,80,1014,48,no,2,-20000
2025-05-22T15:01:37.422492,KXBTCD-25MAY2219-T110749.99,DELTA,75,1000,80,1014,49,no,2,-2000
2025-05-22T15:01:37.461134,KXBTCD-25MAY2219-T110749.99,DELTA,75,1000,80,1014,50,no,3,20000
2025-05-22T15:01:37.461815,KXBTCD-25MAY2219-T110749.99,DELTA,75,1000,80,1014,51,no,3,2000
2025-05-22T15:01:37.703265,KXBTCD-25MAY2219-T110749.99,DELTA,74,100,80,1014,52,yes,75,-1000
2025-05-22T15:01:37.722066,KXBTCD-25MAY2219-T110749.99,DELTA,74,100,80,1014,53,no,3,-1250
2025-05-22T15:01:37.762083,KXBTCD-25MAY2219-T110749.99,DELTA,74,1100,80,1014,54,yes,74,1000
2025-05-22T15:01:38.162035,KXBTCD-25MAY2219-T110749.99,DELTA,74,1100,80,1014,55,no,18,100
2025-05-22T15:01:38.282439,KXBTCD-25MAY2219-T110749.99,DELTA,74,1100,80,1014,56,yes,51,-9
2025-05-22T15:01:38.662189,KXBTCD-25MAY2219-T110749.99,DELTA,74,1100,80,1014,57,no,2,-16200
2025-05-22T15:01:38.662393,KXBTCD-25MAY2219-T110749.99,DELTA,74,1100,80,1014,58,no,4,8100
2025-05-22T15:01:38.723290,KXBTCD-25MAY2219-T110749.99,DELTA,74,1100,80,1014,59,no,5,1250
2025-05-22T15:01:38.723565,KXBTCD-25MAY2219-T110749.99,DELTA,74,1100,80,1014,60,no,3,-20000
2025-05-22T15:01:38.741844,KXBTCD-25MAY2219-T110749.99,DELTA,74,1100,80,1014,61,no,3,-2000
2025-05-22T15:01:38.781696,KXBTCD-25MAY2219-T110749.99,DELTA,74,1100,80,1014,62,no,5,2000
2025-05-22T15:01:38.781968,KXBTCD-25MAY2219-T110749.99,DELTA,74,1100,80,1014,63,no,5,20000
2025-05-22T15:01:39.282152,KXBTCD-25MAY2219-T110749.99,DELTA,78,200,80,1014,64,yes,78,200
2025-05-22T15:01:39.282643,KXBTCD-25MAY2219-T110749.99,DELTA,78,200,80,1014,65,no,17,100
2025-05-22T15:01:39.362350,KXBTCD-25MAY2219-T110749.99,DELTA,78,200,80,1014,66,yes,74,-1000
2025-05-22T15:01:39.422609,KXBTCD-25MAY2219-T110749.99,DELTA,78,200,80,1014,67,yes,75,1000
2025-05-22T15:01:41.042616,KXBTCD-25MAY2219-T110749.99,DELTA,78,200,80,1014,68,no,4,-8100
2025-05-22T15:01:41.043174,KXBTCD-25MAY2219-T110749.99,DELTA,78,200,80,1014,69,no,5,6480
2025-05-22T15:01:41.102108,KXBTCD-25MAY2219-T110749.99,DELTA,78,200,80,1014,70,no,5,-20000
2025-05-22T15:01:41.102541,KXBTCD-25MAY2219-T110749.99,DELTA,78,200,80,1014,71,no,5,-2000
2025-05-22T15:01:41.122820,KXBTCD-25MAY2219-T110749.99,DELTA,78,200,80,1014,72,no,5,-1250
2025-05-22T15:01:41.201830,KXBTCD-25MAY2219-T110749.99,DELTA,78,200,80,1014,73,no,6,1250
2025-05-22T15:01:41.222099,KXBTCD-25MAY2219-T110749.99,DELTA,78,200,80,1014,74,no,6,20000
2025-05-22T15:01:41.222416,KXBTCD-25MAY2219-T110749.99,DELTA,78,200,80,1014,75,no,6,2000
2025-05-22T15:01:43.282999,KXBTCD-25MAY2219-T110749.99,DELTA,78,200,80,1014,76,no,17,-100
2025-05-22T15:01:43.302788,KXBTCD-25MAY2219-T110749.99,DELTA,78,200,80,1014,77,no,16,450
2025-05-22T15:01:43.364456,KXBTCD-25MAY2219-T110749.99,DELTA,78,200,80,1014,78,no,6,-2000
2025-05-22T15:01:43.382285,KXBTCD-25MAY2219-T110749.99,DELTA,78,200,80,1014,79,no,6,-1250
2025-05-22T15:01:43.422388,KXBTCD-25MAY2219-T110749.99,DELTA,78,200,80,1014,80,no,17,2000
2025-05-22T15:01:43.422841,KXBTCD-25MAY2219-T110749.99,DELTA,78,200,80,1014,81,no,17,1250
2025-05-22T15:01:43.957253,KXBTCD-25MAY2219-T110749.99,DELTA,78,200,80,1014,82,yes,74,-100
2025-05-22T15:01:44.002495,KXBTCD-25MAY2219-T110749.99,DELTA,78,200,80,1014,83,yes,75,-1000
2025-05-22T15:01:44.042767,KXBTCD-25MAY2219-T110749.99,DELTA,78,200,80,1014,84,yes,71,1000
2025-05-22T15:01:44.142276,KXBTCD-25MAY2219-T110749.99,DELTA,78,200,80,1014,85,yes,72,9
2025-05-22T15:01:44.463085,KXBTCD-25MAY2219-T110749.99,DELTA,72,9,80,1014,86,yes,78,-200
2025-05-22T15:01:44.463354,KXBTCD-25MAY2219-T110749.99,DELTA,72,9,80,1014,87,no,16,-450
2025-05-22T15:01:44.542146,KXBTCD-25MAY2219-T110749.99,DELTA,77,150,80,1014,88,yes,77,150
2025-05-22T15:01:44.569155,KXBTCD-25MAY2219-T110749.99,DELTA,77,150,80,1014,89,no,18,150
2025-05-22T15:01:44.582332,KXBTCD-25MAY2219-T110749.99,DELTA,77,150,80,1014,90,no,17,-2000
2025-05-22T15:01:44.582613,KXBTCD-25MAY2219-T110749.99,DELTA,77,150,80,1014,91,no,17,-1250
2025-05-22T15:01:44.664379,KXBTCD-25MAY2219-T110749.99,DELTA,77,150,80,1014,92,no,18,2000
2025-05-22T15:01:44.664546,KXBTCD-25MAY2219-T110749.99,DELTA,77,150,80,1014,93,no,18,1250
2025-05-22T15:01:44.664641,KXBTCD-25MAY2219-T110749.99,DELTA,72,9,80,1014,94,yes,77,-150
2025-05-22T15:01:44.682068,KXBTCD-25MAY2219-T110749.99,DELTA,72,9,80,1014,95,no,18,-150
2025-05-22T15:01:44.789358,KXBTCD-25MAY2219-T110749.99,DELTA,72,9,80,1014,96,no,18,-2000
2025-05-22T15:01:44.790007,KXBTCD-25MAY2219-T110749.99,DELTA,75,100,80,1014,97,yes,75,100
2025-05-22T15:01:44.804356,KXBTCD-25MAY2219-T110749.99,DELTA,75,100,80,1014,98,no,18,-1250
2025-05-22T15:01:44.822032,KXBTCD-25MAY2219-T110749.99,DELTA,75,100,80,1014,99,yes,74,250
2025-05-22T15:01:44.842717,KXBTCD-25MAY2219-T110749.99,DELTA,75,100,80,1414,100,no,20,400
2025-05-22T15:01:44.863179,KXBTCD-25MAY2219-T110749.99,DELTA,75,100,80,1414,101,no,6,2000
2025-05-22T15:01:44.863875,KXBTCD-25MAY2219-T110749.99,DELTA,75,100,80,1414,102,no,6,1250
2025-05-22T15:01:44.924253,KXBTCD-25MAY2219-T110749.99,DELTA,75,100,80,1414,103,yes,72,-9
2025-05-22T15:01:44.924913,KXBTCD-25MAY2219-T110749.99,DELTA,75,100,80,414,104,no,20,-1000
2025-05-22T15:01:44.983034,KXBTCD-25MAY2219-T110749.99,DELTA,75,100,80,414,105,no,5,-6480
2025-05-22T15:01:44.983303,KXBTCD-25MAY2219-T110749.99,DELTA,75,100,80,414,106,no,4,8100
2025-05-22T15:01:45.003590,KXBTCD-25MAY2219-T110749.99,DELTA,75,100,79,1000,107,no,21,1000
2025-05-22T15:01:45.043377,KXBTCD-25MAY2219-T110749.99,DELTA,75,100,79,1000,108,no,6,-20000
2025-05-22T15:01:45.062280,KXBTCD-25MAY2219-T110749.99,DELTA,75,100,79,1000,109,no,6,-2000
2025-05-22T15:01:45.062727,KXBTCD-25MAY2219-T110749.99,DELTA,75,100,79,1000,110,no,6,-1250
2025-05-22T15:01:45.123285,KXBTCD-25MAY2219-T110749.99,DELTA,75,100,79,1000,111,no,5,1250
2025-05-22T15:01:45.123501,KXBTCD-25MAY2219-T110749.99,DELTA,75,100,79,1000,112,no,5,20000
2025-05-22T15:01:45.123588,KXBTCD-25MAY2219-T110749.99,DELTA,75,100,79,1000,113,no,5,2000
2025-05-22T15:01:45.282656,KXBTCD-25MAY2219-T110749.99,DELTA,75,100,79,1000,114,no,18,-100
2025-05-22T15:01:45.303182,KXBTCD-25MAY2219-T110749.99,DELTA,74,250,79,1000,115,yes,75,-100
2025-05-22T15:01:45.482175,KXBTCD-25MAY2219-T110749.99,DELTA,74,250,79,1000,116,no,5,-2000
2025-05-22T15:01:45.482654,KXBTCD-25MAY2219-T110749.99,DELTA,74,250,79,1000,117,no,5,-1250
2025-05-22T15:01:45.543152,KXBTCD-25MAY2219-T110749.99,DELTA,74,250,79,1000,118,no,20,2000
2025-05-22T15:01:45.972244,KXBTCD-25MAY2219-T110749.99,DELTA,74,250,79,1000,119,yes,73,100
2025-05-22T15:01:46.314011,KXBTCD-25MAY2219-T110749.99,DELTA,74,250,79,1000,120,no,20,1250
2025-05-22T15:01:46.342864,KXBTCD-25MAY2219-T110749.99,DELTA,73,100,79,1000,121,yes,74,-250
2025-05-22T15:01:46.362986,KXBTCD-25MAY2219-T110749.99,DELTA,73,100,79,1000,122,no,20,-400
2025-05-22T15:01:46.363182,KXBTCD-25MAY2219-T110749.99,DELTA,73,100,79,1000,123,yes,70,-30
2025-05-22T15:01:46.363324,KXBTCD-25MAY2219-T110749.99,DELTA,73,100,79,1000,124,yes,69,30
2025-05-22T15:01:46.381948,KXBTCD-25MAY2219-T110749.99,DELTA,73,100,79,1000,125,no,20,30
2025-05-22T15:01:46.382158,KXBTCD-25MAY2219-T110749.99,DELTA,73,100,79,1000,126,no,19,-30
2025-05-22T15:01:46.403496,KXBTCD-25MAY2219-T110749.99,DELTA,73,100,79,1000,127,yes,70,14
2025-05-22T15:01:46.403668,KXBTCD-25MAY2219-T110749.99,DELTA,73,100,79,1000,128,yes,71,-14
2025-05-22T15:01:46.403955,KXBTCD-25MAY2219-T110749.99,DELTA,73,100,79,1014,129,no,21,14
2025-05-22T15:01:46.583228,KXBTCD-25MAY2219-T110749.99,DELTA,73,100,79,1014,130,no,20,-14
2025-05-22T15:01:46.584037,KXBTCD-25MAY2219-T110749.99,DELTA,73,100,79,1014,131,yes,71,-1000
2025-05-22T15:01:46.585055,KXBTCD-25MAY2219-T110749.99,DELTA,73,100,79,1014,132,no,20,-2000
2025-05-22T15:01:46.701882,KXBTCD-25MAY2219-T110749.99,DELTA,73,100,79,14,133,no,21,-1000
2025-05-22T15:01:46.782324,KXBTCD-25MAY2219-T110749.99,DELTA,73,100,79,14,134,yes,70,1000
2025-05-22T15:01:46.783108,KXBTCD-25MAY2219-T110749.99,DELTA,73,100,79,14,135,no,20,-1250
2025-05-22T15:01:46.900423,KXBTCD-25MAY2219-T110749.99,DELTA,73,100,79,14,136,yes,51,9
2025-05-22T15:01:47.002685,KXBTCD-25MAY2219-T110749.99,DELTA,73,100,79,1014,137,no,21,1000
2025-05-22T15:01:47.002844,KXBTCD-25MAY2219-T110749.99,DELTA,73,100,79,1014,138,no,5,2000
2025-05-22T15:01:47.002937,KXBTCD-25MAY2219-T110749.99,DELTA,73,100,79,1014,139,no,20,100
2025-05-22T15:01:47.181969,KXBTCD-25MAY2219-T110749.99,DELTA,73,100,79,1014,140,no,4,-8100
2025-05-22T15:01:47.182081,KXBTCD-25MAY2219-T110749.99,DELTA,73,100,79,1014,141,no,5,6480
2025-05-22T15:01:47.301925,KXBTCD-25MAY2219-T110749.99,DELTA,73,100,79,1014,142,yes,72,300
2025-05-22T15:01:47.383375,KXBTCD-25MAY2219-T110749.99,DELTA,73,100,78,300,143,no,22,300
2025-05-22T15:01:47.383507,KXBTCD-25MAY2219-T110749.99,DELTA,73,100,78,300,144,no,5,-20000
2025-05-22T15:01:47.402593,KXBTCD-25MAY2219-T110749.99,DELTA,73,100,78,300,145,no,5,-2000
2025-05-22T15:01:47.482079,KXBTCD-25MAY2219-T110749.99,DELTA,73,100,78,2300,146,no,22,2000
2025-05-22T15:01:47.482295,KXBTCD-25MAY2219-T110749.99,DELTA,73,100,78,2300,147,no,6,20000
2025-05-22T15:01:47.482424,KXBTCD-25MAY2219-T110749.99,DELTA,73,100,78,2300,148,no,21,-1000
2025-05-22T15:01:47.482608,KXBTCD-25MAY2219-T110749.99,DELTA,72,300,78,2300,149,yes,73,-100
2025-05-22T15:01:47.600800,KXBTCD-25MAY2219-T110749.99,DELTA,72,300,78,2300,150,no,20,-100
2025-05-22T15:01:47.684254,KXBTCD-25MAY2219-T110749.99,DELTA,72,300,77,1000,151,no,23,1000
2025-05-22T15:01:47.684783,KXBTCD-25MAY2219-T110749.99,DELTA,72,300,77,1000,152,yes,51,-9
2025-05-22T15:01:47.701947,KXBTCD-25MAY2219-T110749.99,DELTA,70,1014,77,1000,153,yes,72,-300
2025-05-22T15:01:47.883931,KXBTCD-25MAY2219-T110749.99,DELTA,70,1014,77,1000,154,yes,67,30
2025-05-22T15:01:47.884124,KXBTCD-25MAY2219-T110749.99,DELTA,70,1014,77,1000,155,yes,69,-30
2025-05-22T15:01:47.982036,KXBTCD-25MAY2219-T110749.99,DELTA,70,1014,77,1000,156,yes,68,14
2025-05-22T15:01:47.983118,KXBTCD-25MAY2219-T110749.99,DELTA,70,14,77,1000,157,yes,70,-1000
2025-05-22T15:01:47.983281,KXBTCD-25MAY2219-T110749.99,DELTA,70,14,77,1000,158,no,22,1250
2025-05-22T15:01:48.003190,KXBTCD-25MAY2219-T110749.99,DELTA,70,14,77,1000,159,no,22,30
2025-05-22T15:01:48.003767,KXBTCD-25MAY2219-T110749.99,DELTA,70,14,77,1000,160,no,20,-30
2025-05-22T15:01:48.004444,KXBTCD-25MAY2219-T110749.99,DELTA,68,14,77,1000,161,yes,70,-14
2025-05-22T15:01:48.004552,KXBTCD-25MAY2219-T110749.99,DELTA,68,14,77,1000,162,no,22,-2000
2025-05-22T15:01:48.181794,KXBTCD-25MAY2219-T110749.99,DELTA,68,14,77,1014,163,no,23,14
2025-05-22T15:01:48.210057,KXBTCD-25MAY2219-T110749.99,DELTA,68,14,77,1014,164,no,21,-14
2025-05-22T15:01:48.214997,KXBTCD-25MAY2219-T110749.99,DELTA,68,1014,77,1014,165,yes,68,1000
2025-05-22T15:01:48.215571,KXBTCD-25MAY2219-T110749.99,DELTA,68,1014,77,1014,166,no,22,-1250
2025-05-22T15:01:48.215835,KXBTCD-25MAY2219-T110749.99,DELTA,68,1014,77,3014,167,no,23,2000
2025-05-22T15:01:48.282132,KXBTCD-25MAY2219-T110749.99,DELTA,68,1014,77,3014,168,yes,65,30
2025-05-22T15:01:48.282317,KXBTCD-25MAY2219-T110749.99,DELTA,68,1014,77,3014,169,yes,66,14
2025-05-22T15:01:48.282405,KXBTCD-25MAY2219-T110749.99,DELTA,68,1000,77,3014,170,yes,68,-14
2025-05-22T15:01:48.300959,KXBTCD-25MAY2219-T110749.99,DELTA,68,1000,77,3014,171,yes,67,-30
2025-05-22T15:01:48.301167,KXBTCD-25MAY2219-T110749.99,DELTA,68,1000,77,3014,172,no,22,-300
2025-05-22T15:01:48.380833,KXBTCD-25MAY2219-T110749.99,DELTA,68,1000,75,14,173,no,25,14
2025-05-22T15:01:48.501855,KXBTCD-25MAY2219-T110749.99,DELTA,68,1000,75,14,174,no,24,30
2025-05-22T15:01:48.502115,KXBTCD-25MAY2219-T110749.99,DELTA,68,1000,75,14,175,no,23,-14
2025-05-22T15:01:48.502620,KXBTCD-25MAY2219-T110749.99,DELTA,68,1000,75,14,176,no,22,-30
2025-05-22T15:01:48.504140,KXBTCD-25MAY2219-T110749.99,DELTA,68,1000,75,14,177,no,23,1250
2025-05-22T15:01:48.600257,KXBTCD-25MAY2219-T110749.99,DELTA,66,14,75,14,178,yes,68,-1000
2025-05-22T15:01:48.783185,KXBTCD-25MAY2219-T110749.99,DELTA,66,14,75,14,179,no,23,-1250
2025-05-22T15:01:48.783558,KXBTCD-25MAY2219-T110749.99,DELTA,66,14,75,14,180,no,23,-2000
2025-05-22T15:01:48.902774,KXBTCD-25MAY2219-T110749.99,DELTA,67,300,75,14,181,yes,67,300
2025-05-22T15:01:48.904708,KXBTCD-25MAY2219-T110749.99,DELTA,67,300,75,14,182,no,6,2000
2025-05-22T15:01:48.904796,KXBTCD-25MAY2219-T110749.99,DELTA,67,300,75,14,183,no,23,-1000
2025-05-22T15:01:48.904857,KXBTCD-25MAY2219-T110749.99,DELTA,67,300,75,14,184,yes,66,1000
2025-05-22T15:01:49.082614,KXBTCD-25MAY2219-T110749.99,DELTA,67,300,75,14,185,no,5,-6480
2025-05-22T15:01:49.082867,KXBTCD-25MAY2219-T110749.99,DELTA,67,300,75,14,186,no,4,8100
2025-05-22T15:01:49.083431,KXBTCD-25MAY2219-T110749.99,DELTA,67,300,75,1014,187,no,25,1000
2025-05-22T15:01:49.083555,KXBTCD-25MAY2219-T110749.99,DELTA,67,300,73,250,188,no,27,250
2025-05-22T15:01:49.083781,KXBTCD-25MAY2219-T110749.99,DELTA,67,300,73,250,189,yes,66,-1000
2025-05-22T15:01:49.301844,KXBTCD-25MAY2219-T110749.99,DELTA,67,300,73,250,190,no,6,-20000
2025-05-22T15:01:49.302564,KXBTCD-25MAY2219-T110749.99,DELTA,67,300,73,250,191,yes,64,30
2025-05-22T15:01:49.303029,KXBTCD-25MAY2219-T110749.99,DELTA,67,300,73,250,192,yes,66,-14
2025-05-22T15:01:49.303897,KXBTCD-25MAY2219-T110749.99,DELTA,67,300,73,250,193,yes,65,-30
2025-05-22T15:01:49.304117,KXBTCD-25MAY2219-T110749.99,DELTA,67,300,73,250,194,yes,65,14
2025-05-22T15:01:49.304270,KXBTCD-25MAY2219-T110749.99,DELTA,67,1300,73,250,195,yes,67,1000
2025-05-22T15:01:49.402635,KXBTCD-25MAY2219-T110749.99,DELTA,67,1300,73,250,196,no,24,-30
2025-05-22T15:01:49.403341,KXBTCD-25MAY2219-T110749.99,DELTA,67,1300,73,250,197,no,26,14
2025-05-22T15:01:49.404724,KXBTCD-25MAY2219-T110749.99,DELTA,67,1300,73,250,198,no,6,-2000
2025-05-22T15:01:49.405311,KXBTCD-25MAY2219-T110749.99,DELTA,67,1300,73,250,199,no,25,-14
2025-05-22T15:01:49.405897,KXBTCD-25MAY2219-T110749.99,DELTA,67,1300,73,250,200,no,25,30
2025-05-22T15:01:49.682705,KXBTCD-25MAY2219-T110749.99,DELTA,67,1300,73,250,201,no,25,-1000
2025-05-22T15:01:49.683063,KXBTCD-25MAY2219-T110749.99,DELTA,67,1300,73,250,202,no,5,20000
2025-05-22T15:01:49.683203,KXBTCD-25MAY2219-T110749.99,DELTA,67,1300,73,250,203,no,5,2000
2025-05-22T15:01:49.683292,KXBTCD-25MAY2219-T110749.99,DELTA,67,1300,73,250,204,yes,65,100
2025-05-22T15:01:49.683544,KXBTCD-25MAY2219-T110749.99,DELTA,67,300,73,250,205,yes,67,-1000
2025-05-22T15:01:49.782042,KXBTCD-25MAY2219-T110749.99,DELTA,67,300,73,350,206,no,27,100
2025-05-22T15:01:49.882635,KXBTCD-25MAY2219-T110749.99,DELTA,67,300,72,1000,207,no,28,1000
2025-05-22T15:01:49.882844,KXBTCD-25MAY2219-T110749.99,DELTA,67,300,72,1000,208,yes,65,1000
2025-05-22T15:01:50.103415,KXBTCD-25MAY2219-T110749.99,DELTA,67,300,72,1000,209,yes,65,-1000
2025-05-22T15:01:50.105137,KXBTCD-25MAY2219-T110749.99,DELTA,67,300,72,1000,210,yes,62,14
2025-05-22T15:01:50.105218,KXBTCD-25MAY2219-T110749.99,DELTA,67,300,72,1000,211,yes,64,-30
2025-05-22T15:01:50.105384,KXBTCD-25MAY2219-T110749.99,DELTA,67,300,72,1000,212,yes,61,30
2025-05-22T15:01:50.202390,KXBTCD-25MAY2219-T110749.99,DELTA,67,300,72,1000,213,yes,65,-14
2025-05-22T15:01:50.202535,KXBTCD-25MAY2219-T110749.99,DELTA,67,300,71,14,214,no,29,14
2025-05-22T15:01:50.308087,KXBTCD-25MAY2219-T110749.99,DELTA,67,300,71,14,215,no,28,30
2025-05-22T15:01:50.308451,KXBTCD-25MAY2219-T110749.99,DELTA,67,300,71,14,216,no,25,-30
2025-05-22T15:01:50.308715,KXBTCD-25MAY2219-T110749.99,DELTA,65,100,71,14,217,yes,67,-300
2025-05-22T15:01:50.309013,KXBTCD-25MAY2219-T110749.99,DELTA,65,100,71,14,218,no,26,-14
2025-05-22T15:01:50.402746,KXBTCD-25MAY2219-T110749.99,DELTA,66,1000,71,14,219,yes,66,1000
2025-05-22T15:01:50.402949,KXBTCD-25MAY2219-T110749.99,DELTA,66,1000,71,14,220,no,28,-1000
2025-05-22T15:01:50.403078,KXBTCD-25MAY2219-T110749.99,DELTA,66,1000,71,14,221,no,27,-250
2025-05-22T15:01:50.602844,KXBTCD-25MAY2219-T110749.99,DELTA,66,1000,71,1014,222,no,29,1000
2025-05-22T15:01:50.602957,KXBTCD-25MAY2219-T110749.99,DELTA,65,100,71,1014,223,yes,66,-1000
2025-05-22T15:01:50.782602,KXBTCD-25MAY2219-T110749.99,DELTA,65,1100,71,1014,224,yes,65,1000
2025-05-22T15:01:50.783135,KXBTCD-25MAY2219-T110749.99,DELTA,65,1100,71,1014,225,no,27,-100
2025-05-22T15:01:51.082573,KXBTCD-25MAY2219-T110749.99,DELTA,65,100,71,1014,226,yes,65,-1000
2025-05-22T15:01:51.182744,KXBTCD-25MAY2219-T110749.99,DELTA,66,1000,71,1014,227,yes,66,1000
2025-05-22T15:01:51.382906,KXBTCD-25MAY2219-T110749.99,DELTA,66,1000,71,1014,228,no,4,-8100
2025-05-22T15:01:51.383323,KXBTCD-25MAY2219-T110749.99,DELTA,66,1000,71,1014,229,no,1,32400
2025-05-22T15:01:51.383617,KXBTCD-25MAY2219-T110749.99,DELTA,66,1000,71,14,230,no,29,-1000
2025-05-22T15:01:51.503474,KXBTCD-25MAY2219-T110749.99,DELTA,66,1000,71,14,231,yes,65,-100
2025-05-22T15:01:51.582475,KXBTCD-25MAY2219-T110749.99,DELTA,66,1000,71,14,232,no,28,1000
2025-05-22T15:01:51.582764,KXBTCD-25MAY2219-T110749.99,DELTA,66,1000,71,14,233,no,5,-20000
2025-05-22T15:01:51.583112,KXBTCD-25MAY2219-T110749.99,DELTA,66,1000,71,14,234,yes,64,50
2025-05-22T15:01:51.681693,KXBTCD-25MAY2219-T110749.99,DELTA,64,50,71,14,235,yes,66,-1000
2025-05-22T15:01:51.682627,KXBTCD-25MAY2219-T110749.99,DELTA,64,50,69,150,236,no,31,150
2025-05-22T15:01:51.683144,KXBTCD-25MAY2219-T110749.99,DELTA,64,50,69,150,237,no,5,-2000
2025-05-22T15:01:51.783041,KXBTCD-25MAY2219-T110749.99,DELTA,64,50,69,150,238,no,2,20000
2025-05-22T15:01:51.783183,KXBTCD-25MAY2219-T110749.99,DELTA,64,50,69,150,239,no,28,-1000
2025-05-22T15:01:51.783274,KXBTCD-25MAY2219-T110749.99,DELTA,64,50,69,150,240,no,2,2000
2025-05-22T15:01:51.783341,KXBTCD-25MAY2219-T110749.99,DELTA,65,1000,69,150,241,yes,65,1000
2025-05-22T15:01:51.842051,KXBTCD-25MAY2219-T110749.99,DELTA,65,1000,69,150,242,no,29,1000
2025-05-22T15:01:52.242869,KXBTCD-25MAY2219-T110749.99,DELTA,65,1000,69,150,243,yes,64,-50
2025-05-22T15:01:52.263214,KXBTCD-25MAY2219-T110749.99,DELTA,65,1000,69,150,244,yes,64,150
2025-05-22T15:01:52.300885,KXBTCD-25MAY2219-T110749.99,DELTA,64,150,69,150,245,yes,65,-1000
2025-05-22T15:01:52.343219,KXBTCD-25MAY2219-T110749.99,DELTA,65,1000,69,150,246,yes,65,1000
2025-05-22T15:01:52.503138,KXBTCD-25MAY2219-T110749.99,DELTA,65,1000,69,150,247,no,30,100
2025-05-22T15:01:52.943133,KXBTCD-25MAY2219-T110749.99,DELTA,65,1000,69,150,248,no,1,-32400
2025-05-22T15:01:52.943970,KXBTCD-25MAY2219-T110749.99,DELTA,65,1000,69,150,249,no,2,16200
2025-05-22T15:01:53.002129,KXBTCD-25MAY2219-T110749.99,DELTA,65,1000,69,150,250,no,2,-20000
2025-05-22T15:01:53.022178,KXBTCD-25MAY2219-T110749.99,DELTA,65,1000,69,150,251,no,2,-2000
2025-05-22T15:01:53.061743,KXBTCD-25MAY2219-T110749.99,DELTA,65,1000,69,150,252,no,3,20000
2025-05-22T15:01:53.062090,KXBTCD-25MAY2219-T110749.99,DELTA,65,1000,69,150,253,no,3,2000
2025-05-22T15:01:53.522725,KXBTCD-25MAY2219-T110749.99,DELTA,65,1000,69,150,254,no,29,-1000
2025-05-22T15:01:53.563268,KXBTCD-25MAY2219-T110749.99,DELTA,65,1000,69,150,255,no,28,1000
2025-05-22T15:01:53.661464,KXBTCD-25MAY2219-T110749.99,DELTA,65,1000,69,150,256,no,7,9
2025-05-22T15:01:53.842853,KXBTCD-25MAY2219-T110749.99,DELTA,65,1000,69,150,257,no,30,-100
2025-05-22T15:01:53.862937,KXBTCD-25MAY2219-T110749.99,DELTA,65,1000,71,14,258,no,31,-150
2025-05-22T15:01:53.863714,KXBTCD-25MAY2219-T110749.99,DELTA,65,1000,71,14,259,yes,61,100
2025-05-22T15:01:53.943354,KXBTCD-25MAY2219-T110749.99,DELTA,65,1000,70,100,260,no,30,100
2025-05-22T15:01:53.982849,KXBTCD-25MAY2219-T110749.99,DELTA,65,1000,71,14,261,no,30,-100
2025-05-22T15:01:53.983477,KXBTCD-25MAY2219-T110749.99,DELTA,65,1000,71,14,262,yes,41,-2000
2025-05-22T15:01:54.020656,KXBTCD-25MAY2219-T110749.99,DELTA,65,1000,71,14,263,yes,64,2000
2025-05-22T15:01:54.044336,KXBTCD-25MAY2219-T110749.99,DELTA,65,1000,71,264,264,no,29,250
2025-05-22T15:01:54.261470,KXBTCD-25MAY2219-T110749.99,DELTA,65,1000,71,264,265,no,2,-16200
2025-05-22T15:01:54.262164,KXBTCD-25MAY2219-T110749.99,DELTA,65,1000,71,264,266,no,1,32400
2025-05-22T15:01:54.322220,KXBTCD-25MAY2219-T110749.99,DELTA,65,1000,71,264,267,no,3,-20000
2025-05-22T15:01:54.342189,KXBTCD-25MAY2219-T110749.99,DELTA,65,1000,71,264,268,no,3,-2000
2025-05-22T15:01:54.383063,KXBTCD-25MAY2219-T110749.99,DELTA,65,1000,71,264,269,no,2,2000
2025-05-22T15:01:54.384161,KXBTCD-25MAY2219-T110749.99,DELTA,65,1000,71,264,270,no,2,20000
2025-05-22T15:01:54.442327,KXBTCD-25MAY2219-T110749.99,DELTA,65,1000,71,264,271,no,7,-9
2025-05-22T15:01:56.301712,KXBTCD-25MAY2219-T110749.99,DELTA,65,1000,69,100,272,no,31,100
2025-05-22T15:01:57.161357,KXBTCD-25MAY2219-T110749.99,DELTA,65,1000,71,264,273,no,31,-100
2025-05-22T15:01:58.302096,KXBTCD-25MAY2219-T110749.99,DELTA,65,1000,71,264,274,no,1,-32400
2025-05-22T15:01:58.302396,KXBTCD-25MAY2219-T110749.99,DELTA,65,1000,71,264,275,no,2,16200
2025-05-22T15:01:58.364433,KXBTCD-25MAY2219-T110749.99,DELTA,65,1000,71,264,276,no,2,-20000
2025-05-22T15:01:58.381515,KXBTCD-25MAY2219-T110749.99,DELTA,65,1000,71,264,277,no,2,-2000
2025-05-22T15:01:58.422212,KXBTCD-25MAY2219-T110749.99,DELTA,65,1000,71,264,278,no,3,20000
2025-05-22T15:01:58.422440,KXBTCD-25MAY2219-T110749.99,DELTA,65,1000,71,264,279,no,3,2000
2025-05-22T15:01:58.882980,KXBTCD-25MAY2219-T110749.99,DELTA,65,1000,69,100,280,no,31,100
2025-05-22T15:01:58.902562,KXBTCD-25MAY2219-T110749.99,DELTA,65,1000,69,100,281,no,28,-1000
2025-05-22T15:01:58.942131,KXBTCD-25MAY2219-T110749.99,DELTA,65,1000,69,100,282,yes,64,-150
2025-05-22T15:01:58.942492,KXBTCD-25MAY2219-T110749.99,DELTA,65,1000,69,100,283,no,3,1000
2025-05-22T15:01:58.963353,KXBTCD-25MAY2219-T110749.99,DELTA,66,50,69,100,284,yes,66,50
2025-05-22T15:01:59.001620,KXBTCD-25MAY2219-T110749.99,DELTA,66,50,69,100,285,yes,64,-2000
2025-05-22T15:01:59.001861,KXBTCD-25MAY2219-T110749.99,DELTA,66,50,69,100,286,yes,65,-1000
2025-05-22T15:01:59.042144,KXBTCD-25MAY2219-T110749.99,DELTA,66,50,69,100,287,yes,41,2000
2025-05-22T15:01:59.042993,KXBTCD-25MAY2219-T110749.99,DELTA,67,1000,69,100,288,yes,67,1000
2025-05-22T15:02:00.081068,KXBTCD-25MAY2219-T110749.99,DELTA,67,1000,69,100,289,yes,61,-100
2025-05-22T15:02:00.203186,KXBTCD-25MAY2219-T110749.99,DELTA,67,1000,69,100,290,no,7,9
2025-05-22T15:02:00.542140,KXBTCD-25MAY2219-T110749.99,DELTA,67,1000,69,100,291,no,2,-16200
2025-05-22T15:02:00.542420,KXBTCD-25MAY2219-T110749.99,DELTA,67,1000,69,100,292,no,1,32400
2025-05-22T15:02:00.603094,KXBTCD-25MAY2219-T110749.99,DELTA,67,1000,69,100,293,no,3,-20000
2025-05-22T15:02:00.622763,KXBTCD-25MAY2219-T110749.99,DELTA,67,1000,69,100,294,no,3,-2000
2025-05-22T15:02:00.623828,KXBTCD-25MAY2219-T110749.99,DELTA,67,1000,69,100,295,no,3,-1000
2025-05-22T15:02:00.663128,KXBTCD-25MAY2219-T110749.99,DELTA,67,1000,69,100,296,no,2,20000
2025-05-22T15:02:00.682578,KXBTCD-25MAY2219-T110749.99,DELTA,67,1000,69,100,297,no,2,1000
2025-05-22T15:02:00.683318,KXBTCD-25MAY2219-T110749.99,DELTA,67,1000,69,100,298,no,2,2000
2025-05-22T15:02:01.266656,KXBTCD-25MAY2219-T110749.99,DELTA,67,1000,69,100,299,yes,66,-50
2025-05-22T15:02:01.266934,KXBTCD-25MAY2219-T110749.99,DELTA,67,1000,69,100,300,no,29,-250
2025-05-22T15:02:01.281678,KXBTCD-25MAY2219-T110749.99,DELTA,62,14,69,100,301,yes,67,-1000
2025-05-22T15:02:01.302620,KXBTCD-25MAY2219-T110749.99,DELTA,67,50,69,100,302,yes,67,50
2025-05-22T15:02:01.302768,KXBTCD-25MAY2219-T110749.99,DELTA,67,50,71,14,303,no,31,-100
2025-05-22T15:02:01.321790,KXBTCD-25MAY2219-T110749.99,DELTA,67,50,71,14,304,no,28,150
2025-05-22T15:02:01.341757,KXBTCD-25MAY2219-T110749.99,DELTA,67,50,71,14,305,yes,62,1000
2025-05-22T15:02:01.393964,KXBTCD-25MAY2219-T110749.99,DELTA,67,50,71,14,306,yes,62,-1000
2025-05-22T15:02:01.425035,KXBTCD-25MAY2219-T110749.99,DELTA,68,1000,71,14,307,yes,68,1000
2025-05-22T15:02:01.630991,KXBTCD-25MAY2219-T110749.99,DELTA,68,1000,71,14,308,yes,63,30
2025-05-22T15:02:01.631483,KXBTCD-25MAY2219-T110749.99,DELTA,68,1000,71,14,309,yes,62,-14
2025-05-22T15:02:01.631823,KXBTCD-25MAY2219-T110749.99,DELTA,68,1000,71,14,310,yes,64,14
2025-05-22T15:02:01.633398,KXBTCD-25MAY2219-T110749.99,DELTA,68,1000,71,14,311,yes,61,-30
2025-05-22T15:02:01.646916,KXBTCD-25MAY2219-T110749.99,DELTA,68,1000,71,14,312,no,27,14
2025-05-22T15:02:01.647154,KXBTCD-25MAY2219-T110749.99,DELTA,68,1000,71,14,313,no,28,-30
2025-05-22T15:02:01.647303,KXBTCD-25MAY2219-T110749.99,DELTA,68,1000,72,150,314,no,29,-14
2025-05-22T15:02:01.647921,KXBTCD-25MAY2219-T110749.99,DELTA,68,1000,72,150,315,no,26,30
2025-05-22T15:02:01.742324,KXBTCD-25MAY2219-T110749.99,DELTA,68,1000,72,150,316,no,2,-1000
2025-05-22T15:02:01.781647,KXBTCD-25MAY2219-T110749.99,DELTA,68,1000,72,150,317,yes,67,-50
2025-05-22T15:02:01.803014,KXBTCD-25MAY2219-T110749.99,DELTA,68,1000,72,150,318,no,26,1000
2025-05-22T15:02:01.821446,KXBTCD-25MAY2219-T110749.99,DELTA,68,1000,72,150,319,yes,67,150
2025-05-22T15:02:01.842668,KXBTCD-25MAY2219-T110749.99,DELTA,68,1000,72,150,320,no,1,-32400
2025-05-22T15:02:01.843040,KXBTCD-25MAY2219-T110749.99,DELTA,68,1000,72,150,321,no,2,16200
2025-05-22T15:02:01.862147,KXBTCD-25MAY2219-T110749.99,DELTA,67,150,72,150,322,yes,68,-1000
2025-05-22T15:02:01.901978,KXBTCD-25MAY2219-T110749.99,DELTA,68,1000,72,150,323,yes,68,1000
2025-05-22T15:02:01.902211,KXBTCD-25MAY2219-T110749.99,DELTA,68,1000,72,150,324,no,2,-20000
2025-05-22T15:02:01.921860,KXBTCD-25MAY2219-T110749.99,DELTA,68,1000,72,150,325,no,2,-2000
2025-05-22T15:02:01.962146,KXBTCD-25MAY2219-T110749.99,DELTA,68,1000,72,150,326,no,3,20000
2025-05-22T15:02:01.962422,KXBTCD-25MAY2219-T110749.99,DELTA,68,1000,72,150,327,no,3,2000
2025-05-22T15:02:02.163183,KXBTCD-25MAY2219-T110749.99,DELTA,68,1000,72,150,328,yes,63,100
2025-05-22T15:02:02.265417,KXBTCD-25MAY2219-T110749.99,DELTA,68,1000,72,150,329,no,7,-9
2025-05-22T15:02:02.522601,KXBTCD-25MAY2219-T110749.99,DELTA,68,1000,72,150,330,yes,63,-100
2025-05-22T15:02:02.722372,KXBTCD-25MAY2219-T110749.99,DELTA,68,1000,73,14,331,no,28,-150
2025-05-22T15:02:02.762498,KXBTCD-25MAY2219-T110749.99,DELTA,68,1000,73,264,332,no,27,250
2025-05-22T15:02:03.144156,KXBTCD-25MAY2219-T110749.99,DELTA,68,1000,73,364,333,no,27,100
2025-05-22T15:02:03.182587,KXBTCD-25MAY2219-T110749.99,DELTA,68,1000,73,364,334,no,2,-16200
2025-05-22T15:02:03.183666,KXBTCD-25MAY2219-T110749.99,DELTA,68,1000,73,364,335,no,1,32400
2025-05-22T15:02:03.242837,KXBTCD-25MAY2219-T110749.99,DELTA,68,1000,73,364,336,no,3,-20000
2025-05-22T15:02:03.243860,KXBTCD-25MAY2219-T110749.99,DELTA,68,1000,73,364,337,no,3,-2000
2025-05-22T15:02:03.302341,KXBTCD-25MAY2219-T110749.99,DELTA,68,1000,73,364,338,no,2,2000
2025-05-22T15:02:03.303155,KXBTCD-25MAY2219-T110749.99,DELTA,68,1000,73,364,339,no,2,20000
2025-05-22T15:02:03.402008,KXBTCD-25MAY2219-T110749.99,DELTA,68,1000,73,264,340,no,27,-100
2025-05-22T15:02:03.822779,KXBTCD-25MAY2219-T110749.99,DELTA,68,1000,73,264,341,yes,64,100
2025-05-22T15:02:04.570101,KXBTCD-25MAY2219-T110749.99,DELTA,68,1000,73,264,342,no,1,-32400
2025-05-22T15:02:04.570448,KXBTCD-25MAY2219-T110749.99,DELTA,68,1000,73,264,343,no,2,16200
2025-05-22T15:02:04.600775,KXBTCD-25MAY2219-T110749.99,DELTA,68,1000,73,264,344,no,2,-20000
2025-05-22T15:02:04.622582,KXBTCD-25MAY2219-T110749.99,DELTA,68,1000,73,264,345,no,2,-2000
2025-05-22T15:02:04.662226,KXBTCD-25MAY2219-T110749.99,DELTA,68,1000,73,264,346,no,3,20000
2025-05-22T15:02:04.662570,KXBTCD-25MAY2219-T110749.99,DELTA,68,1000,73,264,347,no,3,2000
2025-05-22T15:02:05.401947,KXBTCD-25MAY2219-T110749.99,DELTA,68,1000,72,100,348,no,28,100
2025-05-22T15:02:05.902261,KXBTCD-25MAY2219-T110749.99,DELTA,68,1000,72,100,349,no,2,-16200
2025-05-22T15:02:05.902489,KXBTCD-25MAY2219-T110749.99,DELTA,68,1000,72,100,350,no,1,32400
2025-05-22T15:02:05.961918,KXBTCD-25MAY2219-T110749.99,DELTA,68,1000,72,100,351,no,3,-20000
2025-05-22T15:02:05.962194,KXBTCD-25MAY2219-T110749.99,DELTA,68,1000,72,100,352,no,3,-2000
2025-05-22T15:02:06.001586,KXBTCD-25MAY2219-T110749.99,DELTA,68,1000,72,100,353,no,2,2000
2025-05-22T15:02:06.001798,KXBTCD-25MAY2219-T110749.99,DELTA,68,1000,72,100,354,no,2,20000
2025-05-22T15:02:09.842624,KXBTCD-25MAY2219-T110749.99,DELTA,68,1000,72,100,355,no,1,-32400
2025-05-22T15:02:09.843372,KXBTCD-25MAY2219-T110749.99,DELTA,68,1000,72,100,356,no,2,16200
2025-05-22T15:02:09.923946,KXBTCD-25MAY2219-T110749.99,DELTA,68,1000,72,100,357,no,2,-20000
2025-05-22T15:02:09.925001,KXBTCD-25MAY2219-T110749.99,DELTA,68,1000,72,100,358,no,2,-2000
2025-05-22T15:02:09.984340,KXBTCD-25MAY2219-T110749.99,DELTA,68,1000,72,100,359,no,3,2000
2025-05-22T15:02:09.985193,KXBTCD-25MAY2219-T110749.99,DELTA,68,1000,72,100,360,no,3,20000
2025-05-22T15:02:11.722824,KXBTCD-25MAY2219-T110749.99,DELTA,68,1000,72,100,361,yes,67,-150
2025-05-22T15:02:11.723024,KXBTCD-25MAY2219-T110749.99,DELTA,68,1000,72,100,362,yes,63,-30
2025-05-22T15:02:11.723176,KXBTCD-25MAY2219-T110749.99,DELTA,68,1000,72,100,363,yes,65,30
2025-05-22T15:02:11.723283,KXBTCD-25MAY2219-T110749.99,DELTA,68,1000,72,100,364,no,27,-250
2025-05-22T15:02:11.723367,KXBTCD-25MAY2219-T110749.99,DELTA,68,1000,72,100,365,no,26,-30
2025-05-22T15:02:11.723446,KXBTCD-25MAY2219-T110749.99,DELTA,68,1000,72,100,366,no,24,30
2025-05-22T15:02:11.782043,KXBTCD-25MAY2219-T110749.99,DELTA,68,1000,72,100,367,yes,64,-14
2025-05-22T15:02:11.782334,KXBTCD-25MAY2219-T110749.99,DELTA,68,1000,72,100,368,no,26,-1000
2025-05-22T15:02:11.782470,KXBTCD-25MAY2219-T110749.99,DELTA,68,1000,72,100,369,yes,66,14
2025-05-22T15:02:11.802891,KXBTCD-25MAY2219-T110749.99,DELTA,68,1000,72,100,370,no,27,-14
2025-05-22T15:02:11.803095,KXBTCD-25MAY2219-T110749.99,DELTA,69,100,72,100,371,yes,69,100
2025-05-22T15:02:11.803224,KXBTCD-25MAY2219-T110749.99,DELTA,69,100,72,100,372,no,25,14
2025-05-22T15:02:11.803335,KXBTCD-25MAY2219-T110749.99,DELTA,69,100,72,100,373,no,26,200
2025-05-22T15:02:11.823069,KXBTCD-25MAY2219-T110749.99,DELTA,69,100,72,100,374,no,25,1000
2025-05-22T15:02:11.862667,KXBTCD-25MAY2219-T110749.99,DELTA,69,100,72,100,375,yes,68,-1000
2025-05-22T15:02:11.863165,KXBTCD-25MAY2219-T110749.99,DELTA,69,100,72,100,376,no,25,-1000
2025-05-22T15:02:11.901822,KXBTCD-25MAY2219-T110749.99,DELTA,69,1100,72,100,377,yes,69,1000
2025-05-22T15:02:11.902103,KXBTCD-25MAY2219-T110749.99,DELTA,69,1100,72,100,378,no,26,1000
2025-05-22T15:02:11.961402,KXBTCD-25MAY2219-T110749.99,DELTA,69,1100,72,100,379,no,26,-1000
2025-05-22T15:02:12.002547,KXBTCD-25MAY2219-T110749.99,DELTA,69,1100,72,100,380,no,25,1000
2025-05-22T15:02:12.102540,KXBTCD-25MAY2219-T110749.99,DELTA,69,1100,72,100,381,yes,64,-100
2025-05-22T15:02:12.142394,KXBTCD-25MAY2219-T110749.99,DELTA,69,1100,72,100,382,no,2,-16200
2025-05-22T15:02:12.142562,KXBTCD-25MAY2219-T110749.99,DELTA,69,1100,72,100,383,no,1,32400
2025-05-22T15:02:12.201750,KXBTCD-25MAY2219-T110749.99,DELTA,69,1100,72,100,384,no,3,-20000
2025-05-22T15:02:12.223624,KXBTCD-25MAY2219-T110749.99,DELTA,69,1100,72,100,385,no,3,-2000
2025-05-22T15:02:12.223772,KXBTCD-25MAY2219-T110749.99,DELTA,69,100,72,100,386,yes,69,-1000
2025-05-22T15:02:12.283201,KXBTCD-25MAY2219-T110749.99,DELTA,70,1000,72,100,387,yes,70,1000
2025-05-22T15:02:12.283381,KXBTCD-25MAY2219-T110749.99,DELTA,70,1000,72,100,388,no,2,2000
2025-05-22T15:02:12.283483,KXBTCD-25MAY2219-T110749.99,DELTA,70,1000,72,100,389,no,2,20000
2025-05-22T15:02:12.283573,KXBTCD-25MAY2219-T110749.99,DELTA,70,1000,72,100,390,no,26,-200
2025-05-22T15:02:12.362406,KXBTCD-25MAY2219-T110749.99,DELTA,70,1000,72,100,391,yes,69,-100
2025-05-22T15:02:12.381812,KXBTCD-25MAY2219-T110749.99,DELTA,70,1000,72,100,392,yes,69,300
2025-05-22T15:02:12.401926,KXBTCD-25MAY2219-T110749.99,DELTA,70,1000,72,100,393,no,25,250
2025-05-22T15:02:12.402156,KXBTCD-25MAY2219-T110749.99,DELTA,70,1000,72,100,394,no,25,-1000
2025-05-22T15:02:12.421680,KXBTCD-25MAY2219-T110749.99,DELTA,69,300,72,100,395,yes,70,-1000
2025-05-22T15:02:12.460938,KXBTCD-25MAY2219-T110749.99,DELTA,69,300,72,100,396,no,24,1000
2025-05-22T15:02:12.484339,KXBTCD-25MAY2219-T110749.99,DELTA,69,300,72,100,397,yes,67,14
2025-05-22T15:02:12.484455,KXBTCD-25MAY2219-T110749.99,DELTA,69,300,72,100,398,yes,66,30
2025-05-22T15:02:12.484523,KXBTCD-25MAY2219-T110749.99,DELTA,69,300,72,100,399,yes,66,-14
2025-05-22T15:02:12.484582,KXBTCD-25MAY2219-T110749.99,DELTA,69,300,72,100,400,yes,65,-30
2025-05-22T15:02:12.484642,KXBTCD-25MAY2219-T110749.99,DELTA,69,300,72,100,401,no,25,-14
2025-05-22T15:02:12.484736,KXBTCD-25MAY2219-T110749.99,DELTA,69,300,72,100,402,no,24,14
2025-05-22T15:02:12.484786,KXBTCD-25MAY2219-T110749.99,DELTA,69,300,72,100,403,no,23,30
2025-05-22T15:02:12.484841,KXBTCD-25MAY2219-T110749.99,DELTA,70,1000,72,100,404,yes,70,1000
2025-05-22T15:02:12.500835,KXBTCD-25MAY2219-T110749.99,DELTA,70,1000,72,100,405,no,24,-30
2025-05-22T15:02:12.583620,KXBTCD-25MAY2219-T110749.99,DELTA,70,1000,72,100,406,yes,51,9
2025-05-22T15:02:12.583768,KXBTCD-25MAY2219-T110749.99,DELTA,70,1000,72,100,407,no,25,-250
2025-05-22T15:02:12.681633,KXBTCD-25MAY2219-T110749.99,DELTA,70,1000,72,100,408,no,24,350
2025-05-22T15:02:12.782654,KXBTCD-25MAY2219-T110749.99,DELTA,70,1000,72,100,409,yes,69,-300
2025-05-22T15:02:12.821877,KXBTCD-25MAY2219-T110749.99,DELTA,71,100,72,100,410,yes,71,100
2025-05-22T15:02:12.861178,KXBTCD-25MAY2219-T110749.99,DELTA,71,100,72,100,411,yes,70,-1000
2025-05-22T15:02:12.901974,KXBTCD-25MAY2219-T110749.99,DELTA,71,1100,72,100,412,yes,71,1000
2025-05-22T15:02:13.002791,KXBTCD-25MAY2219-T110749.99,DELTA,71,1000,72,100,413,yes,71,-100
2025-05-22T15:02:13.041720,KXBTCD-25MAY2219-T110749.99,DELTA,71,1000,72,100,414,yes,70,200
2025-05-22T15:02:13.061409,KXBTCD-25MAY2219-T110749.99,DELTA,70,200,72,100,415,yes,71,-1000
2025-05-22T15:02:13.121609,KXBTCD-25MAY2219-T110749.99,DELTA,71,1000,72,100,416,yes,71,1000
2025-05-22T15:02:13.143185,KXBTCD-25MAY2219-T110749.99,DELTA,71,1000,72,100,417,yes,70,-200
2025-05-22T15:02:13.161348,KXBTCD-25MAY2219-T110749.99,DELTA,71,1000,72,100,418,yes,69,300
2025-05-22T15:02:13.221217,KXBTCD-25MAY2219-T110749.99,DELTA,69,300,72,100,419,yes,71,-1000
2025-05-22T15:02:13.262755,KXBTCD-25MAY2219-T110749.99,DELTA,70,1000,72,100,420,yes,70,1000
2025-05-22T15:02:13.361399,KXBTCD-25MAY2219-T110749.99,DELTA,70,1000,76,1364,421,no,28,-100
2025-05-22T15:02:13.481376,KXBTCD-25MAY2219-T110749.99,DELTA,70,1000,76,364,422,no,24,-1000
2025-05-22T15:02:13.503056,KXBTCD-25MAY2219-T110749.99,DELTA,70,1000,76,364,423,no,1,-32400
2025-05-22T15:02:13.503428,KXBTCD-25MAY2219-T110749.99,DELTA,70,1000,76,364,424,no,2,16200
2025-05-22T15:02:13.541868,KXBTCD-25MAY2219-T110749.99,DELTA,69,300,76,364,425,yes,70,-1000
2025-05-22T15:02:13.564709,KXBTCD-25MAY2219-T110749.99,DELTA,67,14,76,364,426,yes,69,-300
2025-05-22T15:02:13.564901,KXBTCD-25MAY2219-T110749.99,DELTA,67,14,76,14,427,no,24,-350
2025-05-22T15:02:13.583377,KXBTCD-25MAY2219-T110749.99,DELTA,67,14,75,1000,428,no,25,1000
2025-05-22T15:02:13.622941,KXBTCD-25MAY2219-T110749.99,DELTA,67,1014,75,1000,429,yes,67,1000
2025-05-22T15:02:13.662152,KXBTCD-25MAY2219-T110749.99,DELTA,67,1114,75,1000,430,yes,67,100
2025-05-22T15:02:13.662303,KXBTCD-25MAY2219-T110749.99,DELTA,67,1114,75,1000,431,no,2,-20000
2025-05-22T15:02:13.681984,KXBTCD-25MAY2219-T110749.99,DELTA,67,1114,75,1000,432,no,2,-2000
2025-05-22T15:02:13.682197,KXBTCD-25MAY2219-T110749.99,DELTA,67,1364,75,1000,433,yes,67,250
2025-05-22T15:02:13.682332,KXBTCD-25MAY2219-T110749.99,DELTA,67,1364,76,14,434,no,25,-1000
2025-05-22T15:02:13.682570,KXBTCD-25MAY2219-T110749.99,DELTA,67,1364,73,250,435,no,27,250
2025-05-22T15:02:13.762238,KXBTCD-25MAY2219-T110749.99,DELTA,67,1364,73,250,436,no,3,20000
2025-05-22T15:02:13.763107,KXBTCD-25MAY2219-T110749.99,DELTA,67,1364,73,250,437,no,3,2000
2025-05-22T15:02:13.763719,KXBTCD-25MAY2219-T110749.99,DELTA,67,364,73,250,438,yes,67,-1000
2025-05-22T15:02:13.764011,KXBTCD-25MAY2219-T110749.99,DELTA,67,364,73,250,439,no,24,1000
2025-05-22T15:02:13.822028,KXBTCD-25MAY2219-T110749.99,DELTA,68,1000,73,250,440,yes,68,1000
2025-05-22T15:02:13.822799,KXBTCD-25MAY2219-T110749.99,DELTA,68,1000,73,250,441,yes,65,14
2025-05-22T15:02:13.822947,KXBTCD-25MAY2219-T110749.99,DELTA,68,1000,73,250,442,yes,64,30
2025-05-22T15:02:13.823030,KXBTCD-25MAY2219-T110749.99,DELTA,68,1000,73,250,443,yes,67,-14
2025-05-22T15:02:13.823154,KXBTCD-25MAY2219-T110749.99,DELTA,68,1000,73,250,444,yes,66,-30
2025-05-22T15:02:13.823271,KXBTCD-25MAY2219-T110749.99,DELTA,68,1000,73,250,445,no,26,14
2025-05-22T15:02:13.823351,KXBTCD-25MAY2219-T110749.99,DELTA,68,1000,73,250,446,no,25,30
2025-05-22T15:02:13.823481,KXBTCD-25MAY2219-T110749.99,DELTA,68,1000,73,250,447,no,23,-30
2025-05-22T15:02:13.823571,KXBTCD-25MAY2219-T110749.99,DELTA,68,1000,73,250,448,no,24,-14
2025-05-22T15:02:13.901493,KXBTCD-25MAY2219-T110749.99,DELTA,68,1000,73,250,449,no,24,-1000
2025-05-22T15:02:13.961711,KXBTCD-25MAY2219-T110749.99,DELTA,68,1000,73,250,450,no,26,1000
2025-05-22T15:02:14.083109,KXBTCD-25MAY2219-T110749.99,DELTA,68,1000,73,250,451,no,26,-1000
2025-05-22T15:02:14.141828,KXBTCD-25MAY2219-T110749.99,DELTA,68,1000,73,250,452,yes,67,-250
2025-05-22T15:02:14.142381,KXBTCD-25MAY2219-T110749.99,DELTA,68,1000,74,14,453,no,27,-250
2025-05-22T15:02:14.182731,KXBTCD-25MAY2219-T110749.99,DELTA,68,1000,74,14,454,yes,66,200
2025-05-22T15:02:14.183004,KXBTCD-25MAY2219-T110749.99,DELTA,68,1000,73,1000,455,no,27,1000
2025-05-22T15:02:14.202258,KXBTCD-25MAY2219-T110749.99,DELTA,68,1000,71,50,456,no,29,50
2025-05-22T15:02:14.202914,KXBTCD-25MAY2219-T110749.99,DELTA,68,1000,71,50,457,yes,51,-9
2025-05-22T15:02:14.203379,KXBTCD-25MAY2219-T110749.99,DELTA,68,1000,71,50,458,no,7,9
2025-05-22T15:02:14.261949,KXBTCD-25MAY2219-T110749.99,DELTA,68,1000,71,50,459,no,27,-1000
2025-05-22T15:02:14.262211,KXBTCD-25MAY2219-T110749.99,DELTA,68,1000,71,50,460,yes,66,-200
2025-05-22T15:02:14.282148,KXBTCD-25MAY2219-T110749.99,DELTA,68,1000,74,14,461,no,29,-50
2025-05-22T15:02:14.321614,KXBTCD-25MAY2219-T110749.99,DELTA,68,1000,74,1014,462,no,26,1000
2025-05-22T15:02:14.361523,KXBTCD-25MAY2219-T110749.99,DELTA,68,1000,74,1014,463,yes,65,300
2025-05-22T15:02:14.381969,KXBTCD-25MAY2219-T110749.99,DELTA,68,1000,71,200,464,no,29,200
2025-05-22T15:02:14.445671,KXBTCD-25MAY2219-T110749.99,DELTA,68,1000,71,200,465,yes,64,14
2025-05-22T15:02:14.446076,KXBTCD-25MAY2219-T110749.99,DELTA,68,1000,71,200,466,yes,41,-2000
2025-05-22T15:02:14.446175,KXBTCD-25MAY2219-T110749.99,DELTA,68,1000,71,200,467,yes,65,-14
2025-05-22T15:02:14.446261,KXBTCD-25MAY2219-T110749.99,DELTA,68,1000,71,200,468,no,27,14
2025-05-22T15:02:14.462509,KXBTCD-25MAY2219-T110749.99,DELTA,68,1000,71,200,469,no,26,-14
2025-05-22T15:02:14.462622,KXBTCD-25MAY2219-T110749.99,DELTA,68,1000,71,200,470,yes,63,30
2025-05-22T15:02:14.462689,KXBTCD-25MAY2219-T110749.99,DELTA,68,1000,71,200,471,yes,64,-30
2025-05-22T15:02:14.462944,KXBTCD-25MAY2219-T110749.99,DELTA,68,1000,71,200,472,no,26,30
2025-05-22T15:02:14.463021,KXBTCD-25MAY2219-T110749.99,DELTA,67,100,71,200,473,yes,68,-1000
2025-05-22T15:02:14.481924,KXBTCD-25MAY2219-T110749.99,DELTA,67,100,71,200,474,no,25,-30
2025-05-22T15:02:14.500934,KXBTCD-25MAY2219-T110749.99,DELTA,67,100,71,200,475,yes,41,2000
2025-05-22T15:02:14.521629,KXBTCD-25MAY2219-T110749.99,DELTA,67,1100,71,200,476,yes,67,1000
2025-05-22T15:02:14.542613,KXBTCD-25MAY2219-T110749.99,DELTA,67,1100,71,200,477,no,26,-1000
2025-05-22T15:02:14.621667,KXBTCD-25MAY2219-T110749.99,DELTA,67,1100,71,200,478,no,27,1000
2025-05-22T15:02:14.741669,KXBTCD-25MAY2219-T110749.99,DELTA,67,1100,71,200,479,yes,65,-300
2025-05-22T15:02:14.782649,KXBTCD-25MAY2219-T110749.99,DELTA,67,1100,71,200,480,yes,64,300
2025-05-22T15:02:14.841849,KXBTCD-25MAY2219-T110749.99,DELTA,67,1100,71,200,481,no,2,-16200
2025-05-22T15:02:14.842228,KXBTCD-25MAY2219-T110749.99,DELTA,67,1100,71,200,482,no,1,32400
2025-05-22T15:02:14.861392,KXBTCD-25MAY2219-T110749.99,DELTA,67,1100,71,200,483,yes,41,-2000
2025-05-22T15:02:14.922573,KXBTCD-25MAY2219-T110749.99,DELTA,67,1100,71,200,484,yes,64,2000
2025-05-22T15:02:14.922745,KXBTCD-25MAY2219-T110749.99,DELTA,67,1100,71,200,485,no,3,-20000
2025-05-22T15:02:14.922843,KXBTCD-25MAY2219-T110749.99,DELTA,67,1100,71,200,486,no,3,-2000
2025-05-22T15:02:14.942198,KXBTCD-25MAY2219-T110749.99,DELTA,67,1100,71,200,487,no,7,-9
2025-05-22T15:02:14.983585,KXBTCD-25MAY2219-T110749.99,DELTA,67,1100,71,200,488,no,2,20000
2025-05-22T15:02:14.983819,KXBTCD-25MAY2219-T110749.99,DELTA,67,1100,71,200,489,no,2,2000
2025-05-22T15:02:15.325029,KXBTCD-25MAY2219-T110749.99,DELTA,67,1000,71,200,490,yes,67,-100
2025-05-22T15:02:15.381795,KXBTCD-25MAY2219-T110749.99,DELTA,64,2314,71,200,491,yes,67,-1000
2025-05-22T15:02:15.441446,KXBTCD-25MAY2219-T110749.99,DELTA,65,1000,71,200,492,yes,65,1000
2025-05-22T15:02:15.661651,KXBTCD-25MAY2219-T110749.99,DELTA,65,1000,71,200,493,no,28,100
2025-05-22T15:02:15.743112,KXBTCD-25MAY2219-T110749.99,DELTA,65,1000,71,200,494,no,27,-1000
2025-05-22T15:02:15.781155,KXBTCD-25MAY2219-T110749.99,DELTA,65,1000,71,200,495,no,28,1000
2025-05-22T15:02:16.101833,KXBTCD-25MAY2219-T110749.99,DELTA,65,1000,71,200,496,no,28,-100
2025-05-22T15:02:16.163303,KXBTCD-25MAY2219-T110749.99,DELTA,65,1000,71,200,497,no,28,-1000
2025-05-22T15:02:16.182547,KXBTCD-25MAY2219-T110749.99,DELTA,65,1000,71,200,498,no,1,-32400
2025-05-22T15:02:16.182851,KXBTCD-25MAY2219-T110749.99,DELTA,65,1000,71,200,499,no,2,16200
2025-05-22T15:02:16.221864,KXBTCD-25MAY2219-T110749.99,DELTA,65,1000,71,200,500,yes,64,-2000
2025-05-22T15:02:16.242107,KXBTCD-25MAY2219-T110749.99,DELTA,65,1000,71,200,501,no,27,1000
2025-05-22T15:02:16.282865,KXBTCD-25MAY2219-T110749.99,DELTA,65,3000,71,200,502,yes,65,2000
2025-05-22T15:02:16.303000,KXBTCD-25MAY2219-T110749.99,DELTA,65,3000,71,200,503,no,2,-20000
2025-05-22T15:02:16.322300,KXBTCD-25MAY2219-T110749.99,DELTA,65,3000,71,200,504,no,2,-2000
2025-05-22T15:02:16.362509,KXBTCD-25MAY2219-T110749.99,DELTA,65,3000,71,200,505,no,3,20000
2025-05-22T15:02:16.362727,KXBTCD-25MAY2219-T110749.99,DELTA,65,3000,71,200,506,no,3,2000
2025-05-22T15:02:16.382072,KXBTCD-25MAY2219-T110749.99,DELTA,65,1000,71,200,507,yes,65,-2000
2025-05-22T15:02:16.422686,KXBTCD-25MAY2219-T110749.99,DELTA,65,1000,71,200,508,yes,64,2000
2025-05-22T15:02:16.616246,KXBTCD-25MAY2219-T110749.99,DELTA,65,1000,71,200,509,yes,62,100
2025-05-22T15:02:16.842761,KXBTCD-25MAY2219-T110749.99,DELTA,65,1000,71,200,510,yes,64,-2000
2025-05-22T15:02:17.021837,KXBTCD-25MAY2219-T110749.99,DELTA,65,1000,71,200,511,yes,61,30
2025-05-22T15:02:17.022274,KXBTCD-25MAY2219-T110749.99,DELTA,65,1000,71,200,512,yes,63,-30
2025-05-22T15:02:17.022651,KXBTCD-25MAY2219-T110749.99,DELTA,65,1000,71,200,513,no,26,-30
2025-05-22T15:02:17.022761,KXBTCD-25MAY2219-T110749.99,DELTA,65,1000,71,200,514,no,28,30
2025-05-22T15:02:17.061545,KXBTCD-25MAY2219-T110749.99,DELTA,65,3000,71,200,515,yes,65,2000
2025-05-22T15:02:17.083326,KXBTCD-25MAY2219-T110749.99,DELTA,65,3000,71,200,516,no,27,-1000
2025-05-22T15:02:17.101798,KXBTCD-25MAY2219-T110749.99,DELTA,65,3000,71,200,517,yes,64,1250
2025-05-22T15:02:17.142317,KXBTCD-25MAY2219-T110749.99,DELTA,65,3000,71,200,518,no,3,1000
2025-05-22T15:02:17.283231,KXBTCD-25MAY2219-T110749.99,DELTA,65,3000,71,200,519,yes,64,-14
2025-05-22T15:02:17.283772,KXBTCD-25MAY2219-T110749.99,DELTA,65,3000,71,200,520,yes,62,14
2025-05-22T15:02:17.284167,KXBTCD-25MAY2219-T110749.99,DELTA,65,3000,71,200,521,no,27,-14
2025-05-22T15:02:17.284297,KXBTCD-25MAY2219-T110749.99,DELTA,65,3000,71,214,522,no,29,14
2025-05-22T15:02:17.442578,KXBTCD-25MAY2219-T110749.99,DELTA,65,3000,71,214,523,no,7,9
2025-05-22T15:02:17.523078,KXBTCD-25MAY2219-T110749.99,DELTA,65,3000,71,314,524,no,29,100
2025-05-22T15:02:17.544386,KXBTCD-25MAY2219-T110749.99,DELTA,65,3000,71,314,525,yes,62,-100
2025-05-22T15:02:17.563090,KXBTCD-25MAY2219-T110749.99,DELTA,65,3000,71,314,526,no,2,-16200
2025-05-22T15:02:17.563796,KXBTCD-25MAY2219-T110749.99,DELTA,65,3000,71,314,527,no,1,32400
2025-05-22T15:02:17.622297,KXBTCD-25MAY2219-T110749.99,DELTA,65,3000,71,314,528,no,3,-20000
2025-05-22T15:02:17.642129,KXBTCD-25MAY2219-T110749.99,DELTA,65,3000,71,314,529,no,3,-2000
2025-05-22T15:02:17.642361,KXBTCD-25MAY2219-T110749.99,DELTA,65,3000,71,314,530,no,3,-1000
2025-05-22T15:02:17.703253,KXBTCD-25MAY2219-T110749.99,DELTA,65,3000,71,314,531,no,2,20000
2025-05-22T15:02:17.703457,KXBTCD-25MAY2219-T110749.99,DELTA,65,3000,71,314,532,no,2,2000
2025-05-22T15:02:17.703523,KXBTCD-25MAY2219-T110749.99,DELTA,65,3000,71,314,533,no,2,1000
2025-05-22T15:02:18.163385,KXBTCD-25MAY2219-T110749.99,DELTA,65,1000,71,314,534,yes,65,-2000
2025-05-22T15:02:18.163807,KXBTCD-25MAY2219-T110749.99,DELTA,65,1000,71,314,535,yes,64,-1250
2025-05-22T15:02:18.222561,KXBTCD-25MAY2219-T110749.99,DELTA,65,1000,71,314,536,yes,64,2000
2025-05-22T15:02:18.343440,KXBTCD-25MAY2219-T110749.99,DELTA,65,1000,71,214,537,no,29,-100
2025-05-22T15:02:20.687790,KXBTCD-25MAY2219-T110749.99,DELTA,65,1000,71,214,538,yes,62,100
2025-05-22T15:02:20.688389,KXBTCD-25MAY2219-T110749.99,DELTA,65,1000,70,100,539,no,30,100
2025-05-22T15:02:21.682950,KXBTCD-25MAY2219-T110749.99,DELTA,65,1000,70,100,540,no,1,-32400
2025-05-22T15:02:21.683225,KXBTCD-25MAY2219-T110749.99,DELTA,65,1000,70,100,541,no,2,16200
2025-05-22T15:02:21.745044,KXBTCD-25MAY2219-T110749.99,DELTA,65,1000,70,100,542,no,2,-20000
2025-05-22T15:02:21.762705,KXBTCD-25MAY2219-T110749.99,DELTA,65,1000,70,100,543,no,2,-2000
2025-05-22T15:02:21.762862,KXBTCD-25MAY2219-T110749.99,DELTA,65,1000,70,100,544,no,2,-1000
2025-05-22T15:02:21.801750,KXBTCD-25MAY2219-T110749.99,DELTA,65,1000,70,100,545,no,3,20000
2025-05-22T15:02:21.802005,KXBTCD-25MAY2219-T110749.99,DELTA,65,1000,70,100,546,no,3,1000
2025-05-22T15:02:21.822489,KXBTCD-25MAY2219-T110749.99,DELTA,65,1000,70,100,547,no,3,2000
2025-05-22T15:02:21.822694,KXBTCD-25MAY2219-T110749.99,DELTA,65,1000,70,100,548,yes,64,-2000
2025-05-22T15:02:21.882361,KXBTCD-25MAY2219-T110749.99,DELTA,65,3000,70,100,549,yes,65,2000
2025-05-22T15:02:22.322675,KXBTCD-25MAY2219-T110749.99,DELTA,65,1000,70,100,550,yes,65,-2000
2025-05-22T15:02:22.341799,KXBTCD-25MAY2219-T110749.99,DELTA,65,1000,70,100,551,no,3,-1000
2025-05-22T15:02:22.403545,KXBTCD-25MAY2219-T110749.99,DELTA,65,1000,70,100,552,yes,64,2000
2025-05-22T15:02:22.403843,KXBTCD-25MAY2219-T110749.99,DELTA,65,1000,70,100,553,no,28,1000
2025-05-22T15:02:22.522732,KXBTCD-25MAY2219-T110749.99,DELTA,65,1000,70,100,554,no,28,-1000
2025-05-22T15:02:22.583444,KXBTCD-25MAY2219-T110749.99,DELTA,65,1000,70,100,555,no,3,1000
2025-05-22T15:02:22.661368,KXBTCD-25MAY2219-T110749.99,DELTA,65,1000,70,100,556,no,3,-1000
2025-05-22T15:02:22.721922,KXBTCD-25MAY2219-T110749.99,DELTA,65,1000,70,100,557,no,28,1000
2025-05-22T15:02:23.701911,KXBTCD-25MAY2219-T110749.99,DELTA,65,1000,70,100,558,yes,64,-300
2025-05-22T15:02:23.702107,KXBTCD-25MAY2219-T110749.99,DELTA,65,1000,70,100,559,yes,61,-30
2025-05-22T15:02:23.702294,KXBTCD-25MAY2219-T110749.99,DELTA,65,1000,70,100,560,yes,60,14
2025-05-22T15:02:23.724124,KXBTCD-25MAY2219-T110749.99,DELTA,65,1000,70,100,561,yes,59,30
2025-05-22T15:02:23.724344,KXBTCD-25MAY2219-T110749.99,DELTA,65,1000,70,100,562,yes,62,-14
2025-05-22T15:02:23.724456,KXBTCD-25MAY2219-T110749.99,DELTA,65,1000,70,100,563,no,29,-200
2025-05-22T15:02:23.724548,KXBTCD-25MAY2219-T110749.99,DELTA,65,1000,70,100,564,no,28,-30
2025-05-22T15:02:23.724635,KXBTCD-25MAY2219-T110749.99,DELTA,65,1000,70,100,565,yes,64,-2000
2025-05-22T15:02:23.724711,KXBTCD-25MAY2219-T110749.99,DELTA,65,1000,69,14,566,no,31,14
2025-05-22T15:02:23.724785,KXBTCD-25MAY2219-T110749.99,DELTA,65,1000,69,14,567,no,30,30
2025-05-22T15:02:23.724852,KXBTCD-25MAY2219-T110749.99,DELTA,65,1000,69,14,568,no,29,-14
2025-05-22T15:02:23.798485,KXBTCD-25MAY2219-T110749.99,DELTA,65,1000,69,14,569,yes,40,-200
2025-05-22T15:02:23.798604,KXBTCD-25MAY2219-T110749.99,DELTA,65,1000,69,14,570,yes,30,200
2025-05-22T15:02:23.798663,KXBTCD-25MAY2219-T110749.99,DELTA,65,1000,69,14,571,no,28,-1000
2025-05-22T15:02:23.820571,KXBTCD-25MAY2219-T110749.99,DELTA,65,1000,69,14,572,yes,41,2000
2025-05-22T15:02:23.820708,KXBTCD-25MAY2219-T110749.99,DELTA,62,100,69,14,573,yes,65,-1000
2025-05-22T15:02:23.821002,KXBTCD-25MAY2219-T110749.99,DELTA,62,300,69,14,574,yes,62,200
2025-05-22T15:02:23.821518,KXBTCD-25MAY2219-T110749.99,DELTA,62,300,67,50,575,no,33,50
2025-05-22T15:02:23.861260,KXBTCD-25MAY2219-T110749.99,DELTA,62,300,67,50,576,no,7,-9
2025-05-22T15:02:23.867268,KXBTCD-25MAY2219-T110749.99,DELTA,62,300,67,50,577,no,3,1000
2025-05-22T15:02:23.881548,KXBTCD-25MAY2219-T110749.99,DELTA,62,300,69,14,578,no,33,-50
2025-05-22T15:02:23.922064,KXBTCD-25MAY2219-T110749.99,DELTA,62,300,67,150,579,no,33,150
2025-05-22T15:02:23.922353,KXBTCD-25MAY2219-T110749.99,DELTA,62,300,67,150,580,yes,41,-2000
2025-05-22T15:02:23.941475,KXBTCD-25MAY2219-T110749.99,DELTA,63,1000,67,150,581,yes,63,1000
2025-05-22T15:02:23.941732,KXBTCD-25MAY2219-T110749.99,DELTA,63,1000,67,150,582,no,3,-1000
2025-05-22T15:02:23.981298,KXBTCD-25MAY2219-T110749.99,DELTA,63,1000,67,150,583,yes,62,2000
2025-05-22T15:02:24.022271,KXBTCD-25MAY2219-T110749.99,DELTA,63,1000,67,150,584,no,30,1000
2025-05-22T15:02:24.041638,KXBTCD-25MAY2219-T110749.99,DELTA,63,1000,67,150,585,no,2,-16200
2025-05-22T15:02:24.041873,KXBTCD-25MAY2219-T110749.99,DELTA,63,1000,67,150,586,no,1,32400
2025-05-22T15:02:24.102556,KXBTCD-25MAY2219-T110749.99,DELTA,63,1000,67,150,587,no,3,-20000
2025-05-22T15:02:24.121642,KXBTCD-25MAY2219-T110749.99,DELTA,63,1000,67,150,588,no,3,-2000
2025-05-22T15:02:24.162347,KXBTCD-25MAY2219-T110749.99,DELTA,63,1000,67,150,589,no,2,20000
2025-05-22T15:02:24.162846,KXBTCD-25MAY2219-T110749.99,DELTA,63,1000,67,150,590,no,2,2000
2025-05-22T15:02:24.682562,KXBTCD-25MAY2219-T110749.99,DELTA,63,1000,67,150,591,yes,62,-200
2025-05-22T15:02:24.721506,KXBTCD-25MAY2219-T110749.99,DELTA,63,1000,67,150,592,yes,61,200
2025-05-22T15:02:24.762407,KXBTCD-25MAY2219-T110749.99,DELTA,63,1000,67,150,593,yes,62,-2000
2025-05-22T15:02:24.805648,KXBTCD-25MAY2219-T110749.99,DELTA,63,1000,67,150,594,yes,61,2000
2025-05-22T15:02:24.861977,KXBTCD-25MAY2219-T110749.99,DELTA,63,1000,67,150,595,yes,61,-200
2025-05-22T15:02:24.921946,KXBTCD-25MAY2219-T110749.99,DELTA,63,1000,67,150,596,yes,60,250
2025-05-22T15:02:24.941193,KXBTCD-25MAY2219-T110749.99,DELTA,63,1000,67,150,597,yes,61,-2000
2025-05-22T15:02:25.006886,KXBTCD-25MAY2219-T110749.99,DELTA,63,1000,67,150,598,yes,60,1250
2025-05-22T15:02:25.007088,KXBTCD-25MAY2219-T110749.99,DELTA,63,1000,67,150,599,yes,61,2000
2025-05-22T15:02:25.102592,KXBTCD-25MAY2219-T110749.99,DELTA,63,1000,67,150,600,yes,60,-1250
2025-05-22T15:02:25.181928,KXBTCD-25MAY2219-T110749.99,DELTA,63,1000,67,150,601,yes,61,1250
2025-05-22T15:02:25.242189,KXBTCD-25MAY2219-T110749.99,DELTA,63,1000,67,150,602,yes,60,-250
2025-05-22T15:02:25.320969,KXBTCD-25MAY2219-T110749.99,DELTA,63,1000,67,150,603,yes,61,-2000
2025-05-22T15:02:25.321097,KXBTCD-25MAY2219-T110749.99,DELTA,63,1000,67,150,604,yes,61,-1250
2025-05-22T15:02:25.321287,KXBTCD-25MAY2219-T110749.99,DELTA,63,1000,67,150,605,yes,62,150
2025-05-22T15:02:25.382469,KXBTCD-25MAY2219-T110749.99,DELTA,63,1000,67,150,606,yes,31,2000
2025-05-22T15:02:25.421680,KXBTCD-25MAY2219-T110749.99,DELTA,63,1000,67,150,607,yes,31,-2000
2025-05-22T15:02:25.502218,KXBTCD-25MAY2219-T110749.99,DELTA,63,1000,67,150,608,yes,62,2000
2025-05-22T15:02:25.642563,KXBTCD-25MAY2219-T110749.99,DELTA,63,1000,67,150,609,no,30,-100
2025-05-22T15:02:25.642808,KXBTCD-25MAY2219-T110749.99,DELTA,63,1000,67,150,610,yes,62,-100
2025-05-22T15:02:26.161725,KXBTCD-25MAY2219-T110749.99,DELTA,63,1000,69,14,611,no,33,-150
2025-05-22T15:02:26.321759,KXBTCD-25MAY2219-T110749.99,DELTA,63,1000,69,264,612,no,31,250
2025-05-22T15:02:26.421794,KXBTCD-25MAY2219-T110749.99,DELTA,63,1000,69,264,613,yes,62,-150
2025-05-22T15:02:26.462238,KXBTCD-25MAY2219-T110749.99,DELTA,63,1000,69,264,614,yes,62,-2000
2025-05-22T15:02:26.462451,KXBTCD-25MAY2219-T110749.99,DELTA,63,1000,69,264,615,no,30,-1000
2025-05-22T15:02:26.481808,KXBTCD-25MAY2219-T110749.99,DELTA,64,150,69,264,616,yes,64,150
2025-05-22T15:02:26.481990,KXBTCD-25MAY2219-T110749.99,DELTA,64,150,69,264,617,yes,63,-1000
2025-05-22T15:02:26.541407,KXBTCD-25MAY2219-T110749.99,DELTA,64,150,69,264,618,yes,31,2000
2025-05-22T15:02:26.541694,KXBTCD-25MAY2219-T110749.99,DELTA,64,150,69,264,619,no,2,1000
2025-05-22T15:02:26.581965,KXBTCD-25MAY2219-T110749.99,DELTA,64,150,69,264,620,yes,60,1000
2025-05-22T15:02:26.624397,KXBTCD-25MAY2219-T110749.99,DELTA,64,150,69,264,621,yes,31,-2000
2025-05-22T15:02:26.624588,KXBTCD-25MAY2219-T110749.99,DELTA,64,150,69,264,622,yes,60,-1000
2025-05-22T15:02:26.663587,KXBTCD-25MAY2219-T110749.99,DELTA,65,1000,69,264,623,yes,65,1000
2025-05-22T15:02:26.722869,KXBTCD-25MAY2219-T110749.99,DELTA,65,1000,69,264,624,yes,64,2000
2025-05-22T15:02:26.723269,KXBTCD-25MAY2219-T110749.99,DELTA,65,1000,69,14,625,no,31,-250
2025-05-22T15:02:26.761984,KXBTCD-25MAY2219-T110749.99,DELTA,65,1000,69,14,626,no,30,300
2025-05-22T15:02:27.421743,KXBTCD-25MAY2219-T110749.99,DELTA,65,1000,69,14,627,yes,64,-2000
2025-05-22T15:02:27.482083,KXBTCD-25MAY2219-T110749.99,DELTA,65,3000,69,14,628,yes,65,2000
2025-05-22T15:02:27.521358,KXBTCD-25MAY2219-T110749.99,DELTA,65,3000,69,14,629,no,7,9
2025-05-22T15:02:28.202423,KXBTCD-25MAY2219-T110749.99,DELTA,65,3000,69,114,630,no,31,100
2025-05-22T15:02:28.523543,KXBTCD-25MAY2219-T110749.99,DELTA,65,3000,69,114,631,no,30,100
2025-05-22T15:02:28.524144,KXBTCD-25MAY2219-T110749.99,DELTA,65,3000,69,114,632,yes,62,100
2025-05-22T15:02:29.161979,KXBTCD-25MAY2219-T110749.99,DELTA,65,1000,69,114,633,yes,65,-2000
2025-05-22T15:02:29.202228,KXBTCD-25MAY2219-T110749.99,DELTA,65,1000,69,114,634,yes,64,2000
2025-05-22T15:02:29.261906,KXBTCD-25MAY2219-T110749.99,DELTA,65,1000,69,114,635,yes,64,-150
2025-05-22T15:02:29.262320,KXBTCD-25MAY2219-T110749.99,DELTA,65,1000,69,114,636,no,30,-300
2025-05-22T15:02:29.262834,KXBTCD-25MAY2219-T110749.99,DELTA,65,1000,69,114,637,no,7,-9
2025-05-22T15:02:29.343328,KXBTCD-25MAY2219-T110749.99,DELTA,65,1000,69,114,638,yes,63,100
2025-05-22T15:02:29.343956,KXBTCD-25MAY2219-T110749.99,DELTA,65,1000,68,100,639,no,32,100
2025-05-22T15:02:29.344376,KXBTCD-25MAY2219-T110749.99,DELTA,65,1000,68,100,640,yes,64,-2000
2025-05-22T15:02:29.362477,KXBTCD-25MAY2219-T110749.99,DELTA,63,100,68,100,641,yes,65,-1000
2025-05-22T15:02:29.408470,KXBTCD-25MAY2219-T110749.99,DELTA,64,1000,68,100,642,yes,64,1000
2025-05-22T15:02:29.409232,KXBTCD-25MAY2219-T110749.99,DELTA,64,1000,68,100,643,yes,31,2000
2025-05-22T15:02:29.882745,KXBTCD-25MAY2219-T110749.99,DELTA,64,1000,69,114,644,no,32,-100
2025-05-22T15:02:29.901705,KXBTCD-25MAY2219-T110749.99,DELTA,64,1000,69,414,645,no,31,300
2025-05-22T15:02:30.262429,KXBTCD-25MAY2219-T110749.99,DELTA,64,1000,69,414,646,yes,63,-100
2025-05-22T15:02:30.303054,KXBTCD-25MAY2219-T110749.99,DELTA,64,1000,69,414,647,yes,63,250
2025-05-22T15:02:30.322787,KXBTCD-25MAY2219-T110749.99,DELTA,63,250,69,414,648,yes,64,-1000
2025-05-22T15:02:30.363174,KXBTCD-25MAY2219-T110749.99,DELTA,64,1000,69,414,649,yes,64,1000
2025-05-22T15:02:30.363869,KXBTCD-25MAY2219-T110749.99,DELTA,64,1000,69,414,650,yes,31,-2000
2025-05-22T15:02:30.382704,KXBTCD-25MAY2219-T110749.99,DELTA,64,1000,69,414,651,yes,63,1250
2025-05-22T15:02:30.423035,KXBTCD-25MAY2219-T110749.99,DELTA,64,3000,69,414,652,yes,64,2000
2025-05-22T15:02:32.042858,KXBTCD-25MAY2219-T110749.99,DELTA,64,3000,69,114,653,no,31,-300
2025-05-22T15:02:32.102856,KXBTCD-25MAY2219-T110749.99,DELTA,64,3000,69,114,654,no,30,200
2025-05-22T15:02:32.161470,KXBTCD-25MAY2219-T110749.99,DELTA,64,3000,69,114,655,no,7,9
2025-05-22T15:02:32.942900,KXBTCD-25MAY2219-T110749.99,DELTA,64,3000,69,114,656,yes,63,-250
2025-05-22T15:02:32.964223,KXBTCD-25MAY2219-T110749.99,DELTA,65,50,69,114,657,yes,65,50
2025-05-22T15:02:32.983152,KXBTCD-25MAY2219-T110749.99,DELTA,65,50,69,114,658,yes,63,-1250
2025-05-22T15:02:33.002925,KXBTCD-25MAY2219-T110749.99,DELTA,65,50,69,114,659,yes,30,-200
2025-05-22T15:02:33.003815,KXBTCD-25MAY2219-T110749.99,DELTA,65,50,69,114,660,yes,40,200
2025-05-22T15:02:33.023123,KXBTCD-25MAY2219-T110749.99,DELTA,65,50,69,114,661,yes,64,-2000
2025-05-22T15:02:33.023910,KXBTCD-25MAY2219-T110749.99,DELTA,64,1000,69,114,662,yes,65,-50
2025-05-22T15:02:33.024551,KXBTCD-25MAY2219-T110749.99,DELTA,62,100,69,114,663,yes,64,-1000
2025-05-22T15:02:33.025140,KXBTCD-25MAY2219-T110749.99,DELTA,62,100,69,114,664,no,30,-200
2025-05-22T15:02:33.102896,KXBTCD-25MAY2219-T110749.99,DELTA,66,1000,69,114,665,yes,66,1000
2025-05-22T15:02:33.103597,KXBTCD-25MAY2219-T110749.99,DELTA,66,1000,69,114,666,yes,41,2000
2025-05-22T15:02:33.172596,KXBTCD-25MAY2219-T110749.99,DELTA,62,100,69,114,667,yes,66,-1000
2025-05-22T15:02:33.182071,KXBTCD-25MAY2219-T110749.99,DELTA,62,114,69,114,668,yes,62,14
2025-05-22T15:02:33.182626,KXBTCD-25MAY2219-T110749.99,DELTA,62,114,69,114,669,yes,59,-30
2025-05-22T15:02:33.183842,KXBTCD-25MAY2219-T110749.99,DELTA,62,114,69,114,670,yes,61,30
2025-05-22T15:02:33.184343,KXBTCD-25MAY2219-T110749.99,DELTA,62,114,69,114,671,no,30,-30
2025-05-22T15:02:33.184707,KXBTCD-25MAY2219-T110749.99,DELTA,62,114,69,114,672,no,29,14
2025-05-22T15:02:33.185037,KXBTCD-25MAY2219-T110749.99,DELTA,62,114,69,114,673,no,28,30
2025-05-22T15:02:33.209135,KXBTCD-25MAY2219-T110749.99,DELTA,62,114,69,114,674,yes,60,-14
2025-05-22T15:02:33.209890,KXBTCD-25MAY2219-T110749.99,DELTA,66,250,69,114,675,yes,66,250
2025-05-22T15:02:33.210292,KXBTCD-25MAY2219-T110749.99,DELTA,66,250,69,114,676,yes,63,1000
2025-05-22T15:02:33.210503,KXBTCD-25MAY2219-T110749.99,DELTA,66,250,69,100,677,no,31,-14
2025-05-22T15:02:33.210685,KXBTCD-25MAY2219-T110749.99,DELTA,66,250,69,100,678,no,28,250
2025-05-22T15:02:33.302336,KXBTCD-25MAY2219-T110749.99,DELTA,66,250,69,100,679,yes,41,-2000
2025-05-22T15:02:33.322055,KXBTCD-25MAY2219-T110749.99,DELTA,66,250,69,100,680,yes,63,-1000
2025-05-22T15:02:33.381869,KXBTCD-25MAY2219-T110749.99,DELTA,67,1000,69,100,681,yes,67,1000
2025-05-22T15:02:33.382205,KXBTCD-25MAY2219-T110749.99,DELTA,67,1000,69,100,682,yes,66,2000
2025-05-22T15:02:34.202267,KXBTCD-25MAY2219-T110749.99,DELTA,67,1000,69,100,683,yes,66,-250
2025-05-22T15:02:34.223016,KXBTCD-25MAY2219-T110749.99,DELTA,67,1000,69,100,684,no,30,-100
2025-05-22T15:02:34.242300,KXBTCD-25MAY2219-T110749.99,DELTA,67,1000,69,100,685,yes,62,-100
2025-05-22T15:02:34.262223,KXBTCD-25MAY2219-T110749.99,DELTA,67,1000,69,100,686,no,28,-250
2025-05-22T15:02:34.282654,KXBTCD-25MAY2219-T110749.99,DELTA,67,1000,69,100,687,yes,65,200
2025-05-22T15:02:34.304312,KXBTCD-25MAY2219-T110749.99,DELTA,67,1000,69,100,688,no,30,50
2025-05-22T15:02:34.305071,KXBTCD-25MAY2219-T110749.99,DELTA,67,1000,69,100,689,yes,66,-2000
2025-05-22T15:02:34.305734,KXBTCD-25MAY2219-T110749.99,DELTA,65,200,69,100,690,yes,67,-1000
2025-05-22T15:02:34.363331,KXBTCD-25MAY2219-T110749.99,DELTA,65,200,69,100,691,no,30,-50
2025-05-22T15:02:34.382017,KXBTCD-25MAY2219-T110749.99,DELTA,65,2200,69,100,692,yes,65,2000
2025-05-22T15:02:34.382276,KXBTCD-25MAY2219-T110749.99,DELTA,66,1000,69,100,693,yes,66,1000
2025-05-22T15:02:34.404715,KXBTCD-25MAY2219-T110749.99,DELTA,66,1000,69,100,694,no,30,150
2025-05-22T15:02:34.462599,KXBTCD-25MAY2219-T110749.99,DELTA,66,1000,69,100,695,yes,62,-14
2025-05-22T15:02:34.462837,KXBTCD-25MAY2219-T110749.99,DELTA,66,1000,69,100,696,yes,61,14
2025-05-22T15:02:34.462926,KXBTCD-25MAY2219-T110749.99,DELTA,66,1000,69,100,697,yes,61,-30
2025-05-22T15:02:34.463001,KXBTCD-25MAY2219-T110749.99,DELTA,66,1000,69,100,698,yes,60,30
2025-05-22T15:02:34.463068,KXBTCD-25MAY2219-T110749.99,DELTA,66,1000,69,100,699,no,28,-30
2025-05-22T15:02:34.463330,KXBTCD-25MAY2219-T110749.99,DELTA,66,1000,69,100,700,no,29,30
2025-05-22T15:02:34.463395,KXBTCD-25MAY2219-T110749.99,DELTA,66,1000,69,100,701,no,30,14
2025-05-22T15:02:34.463456,KXBTCD-25MAY2219-T110749.99,DELTA,66,1000,69,100,702,no,29,-14
2025-05-22T15:02:34.505356,KXBTCD-25MAY2219-T110749.99,DELTA,66,1000,69,100,703,yes,65,-200
2025-05-22T15:02:34.603229,KXBTCD-25MAY2219-T110749.99,DELTA,66,1000,69,100,704,yes,65,-2000
2025-05-22T15:02:34.629003,KXBTCD-25MAY2219-T110749.99,DELTA,66,1000,69,100,705,yes,63,250
2025-05-22T15:02:34.629474,KXBTCD-25MAY2219-T110749.99,DELTA,63,250,69,100,706,yes,66,-1000
2025-05-22T15:02:34.665211,KXBTCD-25MAY2219-T110749.99,DELTA,63,250,69,100,707,yes,61,1000
2025-05-22T15:02:34.665519,KXBTCD-25MAY2219-T110749.99,DELTA,63,250,69,100,708,yes,41,2000
2025-05-22T15:02:34.682727,KXBTCD-25MAY2219-T110749.99,DELTA,64,1250,69,100,709,yes,64,1250
2025-05-22T15:02:34.723319,KXBTCD-25MAY2219-T110749.99,DELTA,64,1250,69,100,710,yes,41,-2000
2025-05-22T15:02:34.742741,KXBTCD-25MAY2219-T110749.99,DELTA,64,1250,69,100,711,yes,61,-1000
2025-05-22T15:02:34.742938,KXBTCD-25MAY2219-T110749.99,DELTA,63,250,69,100,712,yes,64,-1250
2025-05-22T15:02:34.781927,KXBTCD-25MAY2219-T110749.99,DELTA,63,1500,69,100,713,yes,63,1250
2025-05-22T15:02:34.801516,KXBTCD-25MAY2219-T110749.99,DELTA,64,1000,69,100,714,yes,64,1000
2025-05-22T15:02:34.801657,KXBTCD-25MAY2219-T110749.99,DELTA,64,3000,69,100,715,yes,64,2000
2025-05-22T15:02:34.821713,KXBTCD-25MAY2219-T110749.99,DELTA,64,3000,69,100,716,no,30,-150
2025-05-22T15:02:34.861323,KXBTCD-25MAY2219-T110749.99,DELTA,64,3000,68,50,717,no,32,50
2025-05-22T15:02:35.262439,KXBTCD-25MAY2219-T110749.99,DELTA,64,3000,68,50,718,no,1,-32400
2025-05-22T15:02:35.262606,KXBTCD-25MAY2219-T110749.99,DELTA,64,3000,68,50,719,no,6,5400
2025-05-22T15:02:35.321312,KXBTCD-25MAY2219-T110749.99,DELTA,64,3000,68,50,720,no,2,-20000
2025-05-22T15:02:35.341800,KXBTCD-25MAY2219-T110749.99,DELTA,64,3000,68,50,721,no,2,-2000
2025-05-22T15:02:35.341906,KXBTCD-25MAY2219-T110749.99,DELTA,64,3000,68,50,722,no,2,-1000
2025-05-22T15:02:35.402432,KXBTCD-25MAY2219-T110749.99,DELTA,64,3000,68,50,723,no,7,2000
2025-05-22T15:02:35.402552,KXBTCD-25MAY2219-T110749.99,DELTA,64,3000,68,50,724,no,7,1000
2025-05-22T15:02:35.402634,KXBTCD-25MAY2219-T110749.99,DELTA,64,3000,68,50,725,no,7,20000
2025-05-22T15:02:35.642146,KXBTCD-25MAY2219-T110749.99,DELTA,64,3000,69,100,726,no,32,-50
2025-05-22T15:02:35.662413,KXBTCD-25MAY2219-T110749.99,DELTA,64,3000,68,150,727,no,32,150
2025-05-22T15:02:35.723986,KXBTCD-25MAY2219-T110749.99,DELTA,64,3000,68,150,728,yes,63,-250
2025-05-22T15:02:35.742687,KXBTCD-25MAY2219-T110749.99,DELTA,64,3000,68,150,729,yes,62,250
2025-05-22T15:02:35.782218,KXBTCD-25MAY2219-T110749.99,DELTA,64,1000,68,150,730,yes,64,-2000
2025-05-22T15:02:35.782485,KXBTCD-25MAY2219-T110749.99,DELTA,63,1250,68,150,731,yes,64,-1000
2025-05-22T15:02:35.802606,KXBTCD-25MAY2219-T110749.99,DELTA,62,250,68,150,732,yes,63,-1250
2025-05-22T15:02:35.862270,KXBTCD-25MAY2219-T110749.99,DELTA,63,1000,68,150,733,yes,63,1000
2025-05-22T15:02:35.862542,KXBTCD-25MAY2219-T110749.99,DELTA,63,2250,68,150,734,yes,63,1250
2025-05-22T15:02:35.862880,KXBTCD-25MAY2219-T110749.99,DELTA,63,4250,68,150,735,yes,63,2000
2025-05-22T15:02:35.962894,KXBTCD-25MAY2219-T110749.99,DELTA,63,4250,68,150,736,yes,60,-30
2025-05-22T15:02:35.963087,KXBTCD-25MAY2219-T110749.99,DELTA,63,4250,68,150,737,yes,58,30
2025-05-22T15:02:35.981949,KXBTCD-25MAY2219-T110749.99,DELTA,63,4250,68,150,738,no,31,30
2025-05-22T15:02:35.982142,KXBTCD-25MAY2219-T110749.99,DELTA,63,4250,68,150,739,no,29,-30
2025-05-22T15:02:36.741370,KXBTCD-25MAY2219-T110749.99,DELTA,63,3000,68,150,740,yes,63,-1250
2025-05-22T15:02:36.832336,KXBTCD-25MAY2219-T110749.99,DELTA,63,3000,68,150,741,yes,40,-200
2025-05-22T15:02:36.832543,KXBTCD-25MAY2219-T110749.99,DELTA,63,3000,68,150,742,yes,30,200
2025-05-22T15:02:36.832620,KXBTCD-25MAY2219-T110749.99,DELTA,63,3000,68,150,743,yes,62,1250
2025-05-22T15:02:36.883199,KXBTCD-25MAY2219-T110749.99,DELTA,63,3000,68,150,744,no,8,9
2025-05-22T15:02:36.902532,KXBTCD-25MAY2219-T110749.99,DELTA,63,3000,68,150,745,yes,62,-1250
2025-05-22T15:02:36.902661,KXBTCD-25MAY2219-T110749.99,DELTA,63,3000,68,150,746,no,7,-9
2025-05-22T15:02:36.942327,KXBTCD-25MAY2219-T110749.99,DELTA,63,4250,68,150,747,yes,63,1250
2025-05-22T15:02:36.962399,KXBTCD-25MAY2219-T110749.99,DELTA,63,4250,68,150,748,no,31,100
2025-05-22T15:02:36.983542,KXBTCD-25MAY2219-T110749.99,DELTA,63,4250,68,150,749,yes,61,100
2025-05-22T15:02:37.201515,KXBTCD-25MAY2219-T110749.99,DELTA,63,4250,69,230,750,no,32,-150
2025-05-22T15:02:37.225680,KXBTCD-25MAY2219-T110749.99,DELTA,63,4250,69,530,751,no,31,300
2025-05-22T15:02:37.225843,KXBTCD-25MAY2219-T110749.99,DELTA,63,4250,69,530,752,yes,58,-30
2025-05-22T15:02:37.242270,KXBTCD-25MAY2219-T110749.99,DELTA,63,4250,69,500,753,no,31,-30
2025-05-22T15:02:37.282152,KXBTCD-25MAY2219-T110749.99,DELTA,63,4250,69,500,754,yes,62,-250
2025-05-22T15:02:37.282394,KXBTCD-25MAY2219-T110749.99,DELTA,63,4250,69,500,755,yes,59,30
2025-05-22T15:02:37.301520,KXBTCD-25MAY2219-T110749.99,DELTA,63,4250,69,500,756,no,30,30
2025-05-22T15:02:37.322763,KXBTCD-25MAY2219-T110749.99,DELTA,64,50,69,500,757,yes,64,50
2025-05-22T15:02:37.342767,KXBTCD-25MAY2219-T110749.99,DELTA,64,50,69,500,758,yes,55,30
2025-05-22T15:02:37.343633,KXBTCD-25MAY2219-T110749.99,DELTA,64,50,69,500,759,yes,59,-30
2025-05-22T15:02:37.344147,KXBTCD-25MAY2219-T110749.99,DELTA,64,50,69,500,760,yes,63,-2000
2025-05-22T15:02:37.362511,KXBTCD-25MAY2219-T110749.99,DELTA,64,50,69,500,761,yes,63,-1000
2025-05-22T15:02:37.362980,KXBTCD-25MAY2219-T110749.99,DELTA,64,50,66,30,762,no,34,30
2025-05-22T15:02:37.363218,KXBTCD-25MAY2219-T110749.99,DELTA,64,50,66,30,763,no,30,-30
2025-05-22T15:02:37.363389,KXBTCD-25MAY2219-T110749.99,DELTA,64,50,66,30,764,yes,63,-1250
2025-05-22T15:02:37.443204,KXBTCD-25MAY2219-T110749.99,DELTA,64,50,66,30,765,yes,31,2000
2025-05-22T15:02:37.443525,KXBTCD-25MAY2219-T110749.99,DELTA,65,1000,66,30,766,yes,65,1000
2025-05-22T15:02:37.482537,KXBTCD-25MAY2219-T110749.99,DELTA,65,1000,66,30,767,yes,56,14
2025-05-22T15:02:37.482732,KXBTCD-25MAY2219-T110749.99,DELTA,65,1000,66,30,768,yes,61,-14
2025-05-22T15:02:37.501894,KXBTCD-25MAY2219-T110749.99,DELTA,65,1000,66,30,769,no,30,-14
2025-05-22T15:02:37.502122,KXBTCD-25MAY2219-T110749.99,DELTA,65,986,66,30,770,yes,65,-14
2025-05-22T15:02:37.582335,KXBTCD-25MAY2219-T110749.99,DELTA,65,986,66,30,771,yes,59,14
2025-05-22T15:02:37.583048,KXBTCD-25MAY2219-T110749.99,DELTA,65,986,66,30,772,yes,56,-14
2025-05-22T15:02:37.583613,KXBTCD-25MAY2219-T110749.99,DELTA,65,986,66,30,773,no,31,14
2025-05-22T15:02:37.622313,KXBTCD-25MAY2219-T110749.99,DELTA,65,986,66,30,774,no,8,-9
2025-05-22T15:02:37.842223,KXBTCD-25MAY2219-T110749.99,DELTA,65,986,66,30,775,yes,64,-50
2025-05-22T15:02:37.863058,KXBTCD-25MAY2219-T110749.99,DELTA,65,986,66,30,776,yes,63,200
2025-05-22T15:02:37.901502,KXBTCD-25MAY2219-T110749.99,DELTA,63,200,66,30,777,yes,65,-986
2025-05-22T15:02:37.961762,KXBTCD-25MAY2219-T110749.99,DELTA,64,1000,66,30,778,yes,64,1000
2025-05-22T15:02:37.982056,KXBTCD-25MAY2219-T110749.99,DELTA,64,1000,66,30,779,yes,31,-2000
2025-05-22T15:02:38.022326,KXBTCD-25MAY2219-T110749.99,DELTA,64,3000,66,30,780,yes,64,2000
2025-05-22T15:02:38.061233,KXBTCD-25MAY2219-T110749.99,DELTA,64,3000,66,30,781,yes,61,-100
2025-05-22T15:02:39.702131,KXBTCD-25MAY2219-T110749.99,DELTA,64,3000,66,30,782,yes,62,100
2025-05-22T15:02:42.737300,KXBTCD-25MAY2219-T110749.99,DELTA,64,3000,66,30,783,no,31,-300
2025-05-22T15:02:42.741910,KXBTCD-25MAY2219-T110749.99,DELTA,64,3000,66,30,784,no,30,300
2025-05-22T15:02:42.806248,KXBTCD-25MAY2219-T110749.99,DELTA,64,3000,66,30,785,no,8,9
2025-05-22T15:02:43.001372,KXBTCD-25MAY2219-T110749.99,DELTA,64,3000,66,30,786,no,31,-100
2025-05-22T15:02:43.001922,KXBTCD-25MAY2219-T110749.99,DELTA,64,3000,66,30,787,yes,62,-100
2025-05-22T15:02:43.042494,KXBTCD-25MAY2219-T110749.99,DELTA,64,3000,66,30,788,yes,63,-200
2025-05-22T15:02:43.062843,KXBTCD-25MAY2219-T110749.99,DELTA,65,50,66,30,789,yes,65,50
2025-05-22T15:02:43.101678,KXBTCD-25MAY2219-T110749.99,DELTA,65,50,66,30,790,yes,64,-2000
2025-05-22T15:02:43.122626,KXBTCD-25MAY2219-T110749.99,DELTA,65,50,66,30,791,yes,64,-1000
2025-05-22T15:02:43.181454,KXBTCD-25MAY2219-T110749.99,DELTA,65,50,66,30,792,yes,31,2000
2025-05-22T15:02:43.181744,KXBTCD-25MAY2219-T110749.99,DELTA,65,1050,66,30,793,yes,65,1000
2025-05-22T15:02:44.481403,KXBTCD-25MAY2219-T110749.99,DELTA,65,1050,66,30,794,no,29,100
2025-05-22T15:02:44.481939,KXBTCD-25MAY2219-T110749.99,DELTA,65,1050,66,30,795,yes,63,100
2025-05-22T15:02:44.602577,KXBTCD-25MAY2219-T110749.99,DELTA,65,1050,66,30,796,no,8,-9
2025-05-22T15:02:45.283831,KXBTCD-25MAY2219-T110749.99,DELTA,65,1050,66,30,797,yes,63,-100
2025-05-22T15:02:46.002674,KXBTCD-25MAY2219-T110749.99,DELTA,65,1050,66,30,798,yes,30,-200
2025-05-22T15:02:46.002895,KXBTCD-25MAY2219-T110749.99,DELTA,65,1050,66,30,799,yes,40,200
2025-05-22T15:02:46.042800,KXBTCD-25MAY2219-T110749.99,DELTA,65,1000,66,30,800,yes,65,-50
2025-05-22T15:02:46.043029,KXBTCD-25MAY2219-T110749.99,DELTA,65,1000,66,30,801,no,30,-300
2025-05-22T15:02:46.089128,KXBTCD-25MAY2219-T110749.99,DELTA,65,1000,66,30,802,yes,31,-2000
2025-05-22T15:02:46.101331,KXBTCD-25MAY2219-T110749.99,DELTA,59,14,66,30,803,yes,65,-1000
2025-05-22T15:02:46.123614,KXBTCD-25MAY2219-T110749.99,DELTA,59,14,66,30,804,yes,41,2000
2025-05-22T15:02:46.143975,KXBTCD-25MAY2219-T110749.99,DELTA,65,250,66,30,805,yes,65,250
2025-05-22T15:02:46.144966,KXBTCD-25MAY2219-T110749.99,DELTA,65,250,66,30,806,no,29,250
2025-05-22T15:02:46.163191,KXBTCD-25MAY2219-T110749.99,DELTA,65,250,66,30,807,yes,56,1000
2025-05-22T15:02:46.223604,KXBTCD-25MAY2219-T110749.99,DELTA,65,250,66,30,808,yes,41,-2000
2025-05-22T15:02:46.242729,KXBTCD-25MAY2219-T110749.99,DELTA,65,250,66,30,809,yes,56,-1000
2025-05-22T15:02:46.265769,KXBTCD-25MAY2219-T110749.99,DELTA,65,2250,66,30,810,yes,65,2000
2025-05-22T15:02:46.266111,KXBTCD-25MAY2219-T110749.99,DELTA,65,3250,66,30,811,yes,65,1000
2025-05-22T15:02:47.036828,KXBTCD-25MAY2219-T110749.99,DELTA,65,3250,66,30,812,yes,63,100
2025-05-22T15:02:47.122823,KXBTCD-25MAY2219-T110749.99,DELTA,65,3250,66,30,813,yes,60,14
2025-05-22T15:02:47.123630,KXBTCD-25MAY2219-T110749.99,DELTA,65,3250,66,30,814,yes,59,-14
2025-05-22T15:02:47.143596,KXBTCD-25MAY2219-T110749.99,DELTA,65,3250,66,30,815,yes,56,30
2025-05-22T15:02:47.143951,KXBTCD-25MAY2219-T110749.99,DELTA,65,3250,66,30,816,yes,55,-30
2025-05-22T15:02:47.144139,KXBTCD-25MAY2219-T110749.99,DELTA,65,3250,66,30,817,no,31,-14
2025-05-22T15:02:47.144299,KXBTCD-25MAY2219-T110749.99,DELTA,65,3250,66,30,818,no,30,14
2025-05-22T15:02:47.144627,KXBTCD-25MAY2219-T110749.99,DELTA,65,3250,69,100,819,no,34,-30
2025-05-22T15:02:47.144974,KXBTCD-25MAY2219-T110749.99,DELTA,65,3250,67,30,820,no,33,30
2025-05-22T15:02:47.181108,KXBTCD-25MAY2219-T110749.99,DELTA,65,3250,67,30,821,no,8,9
2025-05-22T15:02:47.202776,KXBTCD-25MAY2219-T110749.99,DELTA,65,2250,67,30,822,yes,65,-1000
2025-05-22T15:02:47.262667,KXBTCD-25MAY2219-T110749.99,DELTA,66,1000,67,30,823,yes,66,1000
2025-05-22T15:02:47.262950,KXBTCD-25MAY2219-T110749.99,DELTA,66,1000,67,30,824,yes,65,1250
2025-05-22T15:02:47.263096,KXBTCD-25MAY2219-T110749.99,DELTA,66,1000,67,30,825,yes,65,-2000
2025-05-22T15:02:47.302480,KXBTCD-25MAY2219-T110749.99,DELTA,66,3000,67,30,826,yes,66,2000
2025-05-22T15:02:47.345495,KXBTCD-25MAY2219-T110749.99,DELTA,66,3000,67,30,827,no,29,-250
2025-05-22T15:02:47.362657,KXBTCD-25MAY2219-T110749.99,DELTA,66,3000,67,30,828,no,28,300
2025-05-22T15:02:47.902137,KXBTCD-25MAY2219-T110749.99,DELTA,66,3000,67,30,829,yes,63,-100
2025-05-22T15:02:48.001568,KXBTCD-25MAY2219-T110749.99,DELTA,66,3000,67,30,830,no,8,-9
2025-05-22T15:02:48.722136,KXBTCD-25MAY2219-T110749.99,DELTA,66,3000,67,30,831,yes,65,-1250
2025-05-22T15:02:49.260721,KXBTCD-25MAY2219-T110749.99,DELTA,66,3000,67,30,832,yes,65,1250
2025-05-22T15:02:49.302560,KXBTCD-25MAY2219-T110749.99,DELTA,66,3000,67,30,833,yes,64,100
2025-05-22T15:02:49.442554,KXBTCD-25MAY2219-T110749.99,DELTA,66,3000,67,30,834,yes,65,-250
2025-05-22T15:02:49.502770,KXBTCD-25MAY2219-T110749.99,DELTA,66,1000,67,30,835,yes,66,-2000
2025-05-22T15:02:49.523999,KXBTCD-25MAY2219-T110749.99,DELTA,65,1250,67,30,836,yes,66,-1000
2025-05-22T15:02:49.581588,KXBTCD-25MAY2219-T110749.99,DELTA,65,1250,69,100,837,no,33,-30
2025-05-22T15:02:49.581887,KXBTCD-25MAY2219-T110749.99,DELTA,67,20,69,100,838,yes,67,20
2025-05-22T15:02:49.582009,KXBTCD-25MAY2219-T110749.99,DELTA,67,20,69,100,839,yes,65,-1250
2025-05-22T15:02:49.623117,KXBTCD-25MAY2219-T110749.99,DELTA,67,20,69,100,840,yes,41,2000
2025-05-22T15:02:49.623444,KXBTCD-25MAY2219-T110749.99,DELTA,67,20,69,100,841,yes,65,1000
2025-05-22T15:02:49.623638,KXBTCD-25MAY2219-T110749.99,DELTA,65,1000,69,100,842,yes,67,-20
2025-05-22T15:02:49.642416,KXBTCD-25MAY2219-T110749.99,DELTA,65,1000,69,100,843,yes,60,30
2025-05-22T15:02:49.643168,KXBTCD-25MAY2219-T110749.99,DELTA,65,1000,69,100,844,yes,56,-30
2025-05-22T15:02:49.662128,KXBTCD-25MAY2219-T110749.99,DELTA,67,50,69,100,845,yes,67,50
2025-05-22T15:02:49.662507,KXBTCD-25MAY2219-T110749.99,DELTA,67,50,69,100,846,no,28,30
2025-05-22T15:02:49.722007,KXBTCD-25MAY2219-T110749.99,DELTA,67,50,69,100,847,yes,65,-1000
2025-05-22T15:02:49.763000,KXBTCD-25MAY2219-T110749.99,DELTA,68,1000,69,100,848,yes,68,1000
2025-05-22T15:02:50.342194,KXBTCD-25MAY2219-T110749.99,DELTA,68,1000,69,100,849,no,29,-100
2025-05-22T15:02:50.342428,KXBTCD-25MAY2219-T110749.99,DELTA,68,1000,69,100,850,yes,64,-100
2025-05-22T15:02:50.443373,KXBTCD-25MAY2219-T110749.99,DELTA,68,900,69,100,851,yes,68,-100
2025-05-22T15:02:50.443977,KXBTCD-25MAY2219-T110749.99,DELTA,68,900,70,14,852,no,31,-100
2025-05-22T15:02:50.444343,KXBTCD-25MAY2219-T110749.99,DELTA,68,900,70,14,853,no,8,9
2025-05-22T15:02:52.381813,KXBTCD-25MAY2219-T110749.99,DELTA,68,900,70,14,854,no,27,100
2025-05-22T15:02:52.382665,KXBTCD-25MAY2219-T110749.99,DELTA,68,900,70,14,855,yes,65,100
2025-05-22T15:02:52.862059,KXBTCD-25MAY2219-T110749.99,DELTA,68,900,70,14,856,no,28,-300
2025-05-22T15:02:52.943293,KXBTCD-25MAY2219-T110749.99,DELTA,68,900,70,14,857,yes,60,-14
2025-05-22T15:02:52.944439,KXBTCD-25MAY2219-T110749.99,DELTA,68,900,70,14,858,yes,62,14
2025-05-22T15:02:52.944860,KXBTCD-25MAY2219-T110749.99,DELTA,68,900,70,14,859,no,7,1250
2025-05-22T15:02:52.945200,KXBTCD-25MAY2219-T110749.99,DELTA,68,900,72,30,860,no,30,-14
2025-05-22T15:02:52.945465,KXBTCD-25MAY2219-T110749.99,DELTA,68,900,72,44,861,no,28,14
2025-05-22T15:02:52.961660,KXBTCD-25MAY2219-T110749.99,DELTA,68,900,72,44,862,no,27,200
2025-05-22T15:02:53.062456,KXBTCD-25MAY2219-T110749.99,DELTA,68,900,72,44,863,yes,67,-50
2025-05-22T15:02:53.081926,KXBTCD-25MAY2219-T110749.99,DELTA,68,900,72,44,864,no,27,-200
2025-05-22T15:02:53.122127,KXBTCD-25MAY2219-T110749.99,DELTA,65,100,72,44,865,yes,68,-900
2025-05-22T15:02:53.142276,KXBTCD-25MAY2219-T110749.99,DELTA,68,250,72,44,866,yes,68,250
2025-05-22T15:02:53.143264,KXBTCD-25MAY2219-T110749.99,DELTA,68,250,72,44,867,no,26,250
2025-05-22T15:02:53.181965,KXBTCD-25MAY2219-T110749.99,DELTA,68,250,72,44,868,yes,66,1000
2025-05-22T15:02:53.222580,KXBTCD-25MAY2219-T110749.99,DELTA,68,250,72,44,869,yes,41,-2000
2025-05-22T15:02:53.223000,KXBTCD-25MAY2219-T110749.99,DELTA,68,250,72,44,870,yes,66,-1000
2025-05-22T15:02:53.261246,KXBTCD-25MAY2219-T110749.99,DELTA,68,250,72,44,871,yes,51,9
2025-05-22T15:02:53.281771,KXBTCD-25MAY2219-T110749.99,DELTA,68,2250,72,44,872,yes,68,2000
2025-05-22T15:02:53.282387,KXBTCD-25MAY2219-T110749.99,DELTA,69,1000,72,44,873,yes,69,1000
2025-05-22T15:02:53.781904,KXBTCD-25MAY2219-T110749.99,DELTA,69,1000,72,44,874,yes,65,-100
2025-05-22T15:02:55.562659,KXBTCD-25MAY2219-T110749.99,DELTA,69,1000,72,44,875,no,27,-100
2025-05-22T15:02:55.582989,KXBTCD-25MAY2219-T110749.99,DELTA,69,1000,72,44,876,yes,67,100
2025-05-22T15:02:55.663097,KXBTCD-25MAY2219-T110749.99,DELTA,69,1000,72,44,877,no,26,-250
2025-05-22T15:02:55.681466,KXBTCD-25MAY2219-T110749.99,DELTA,69,1000,72,44,878,yes,51,-9
2025-05-22T15:02:55.702708,KXBTCD-25MAY2219-T110749.99,DELTA,69,1000,72,44,879,no,25,350
2025-05-22T15:02:57.264136,KXBTCD-25MAY2219-T110749.99,DELTA,69,1000,72,44,880,yes,68,-250
2025-05-22T15:02:57.322750,KXBTCD-25MAY2219-T110749.99,DELTA,69,1000,72,44,881,no,25,100
2025-05-22T15:02:57.322900,KXBTCD-25MAY2219-T110749.99,DELTA,69,1000,72,44,882,yes,68,-2000
2025-05-22T15:02:57.342674,KXBTCD-25MAY2219-T110749.99,DELTA,67,100,72,44,883,yes,69,-1000
2025-05-22T15:02:57.342898,KXBTCD-25MAY2219-T110749.99,DELTA,70,50,72,44,884,yes,70,50
2025-05-22T15:02:57.482613,KXBTCD-25MAY2219-T110749.99,DELTA,71,1000,72,44,885,yes,71,1000
2025-05-22T15:02:57.483223,KXBTCD-25MAY2219-T110749.99,DELTA,71,1000,72,44,886,yes,41,2000
2025-05-22T15:02:58.222187,KXBTCD-25MAY2219-T110749.99,DELTA,71,1000,72,44,887,yes,62,30
2025-05-22T15:02:58.222463,KXBTCD-25MAY2219-T110749.99,DELTA,71,1000,72,44,888,no,26,30
2025-05-22T15:02:58.242773,KXBTCD-25MAY2219-T110749.99,DELTA,71,1000,72,44,889,yes,60,-30
2025-05-22T15:02:58.242915,KXBTCD-25MAY2219-T110749.99,DELTA,71,1000,72,14,890,no,28,-30
2025-05-22T15:02:58.323573,KXBTCD-25MAY2219-T110749.99,DELTA,71,1000,72,14,891,no,8,-9
2025-05-22T15:02:59.643568,KXBTCD-25MAY2219-T110749.99,DELTA,71,1000,72,14,892,no,25,-100
2025-05-22T15:02:59.771582,KXBTCD-25MAY2219-T110749.99,DELTA,71,1000,72,14,893,no,8,9
2025-05-22T15:03:00.965166,KXBTCD-25MAY2219-T110749.99,DELTA,71,1000,72,14,894,no,25,100
2025-05-22T15:03:03.463967,KXBTCD-25MAY2219-T110749.99,DELTA,71,1000,72,14,895,yes,70,-50
2025-05-22T15:03:03.482833,KXBTCD-25MAY2219-T110749.99,DELTA,71,1000,72,14,896,no,25,-350
2025-05-22T15:03:03.523278,KXBTCD-25MAY2219-T110749.99,DELTA,71,1000,72,14,897,yes,70,300
2025-05-22T15:03:03.523526,KXBTCD-25MAY2219-T110749.99,DELTA,70,300,72,14,898,yes,71,-1000
2025-05-22T15:03:03.523641,KXBTCD-25MAY2219-T110749.99,DELTA,70,300,72,14,899,no,24,300
2025-05-22T15:03:03.583846,KXBTCD-25MAY2219-T110749.99,DELTA,70,300,72,14,900,yes,68,1000
2025-05-22T15:03:03.623251,KXBTCD-25MAY2219-T110749.99,DELTA,70,300,72,14,901,yes,68,-1000
2025-05-22T15:03:03.663159,KXBTCD-25MAY2219-T110749.99,DELTA,71,1000,72,14,902,yes,71,1000
2025-05-22T15:03:03.944709,KXBTCD-25MAY2219-T110749.99,DELTA,71,1000,72,14,903,yes,62,-14
2025-05-22T15:03:03.964001,KXBTCD-25MAY2219-T110749.99,DELTA,71,1000,74,30,904,no,28,-14
2025-05-22T15:03:03.964643,KXBTCD-25MAY2219-T110749.99,DELTA,71,1000,74,30,905,yes,64,14
2025-05-22T15:03:03.983847,KXBTCD-25MAY2219-T110749.99,DELTA,71,1000,73,14,906,no,27,14
2025-05-22T15:03:04.044092,KXBTCD-25MAY2219-T110749.99,DELTA,71,1000,73,14,907,yes,41,-2000
2025-05-22T15:03:04.086694,KXBTCD-25MAY2219-T110749.99,DELTA,70,300,73,14,908,yes,71,-1000
2025-05-22T15:03:04.087668,KXBTCD-25MAY2219-T110749.99,DELTA,70,300,73,14,909,no,7,-20000
2025-05-22T15:03:04.088488,KXBTCD-25MAY2219-T110749.99,DELTA,70,300,73,14,910,no,7,-1250
2025-05-22T15:03:04.089027,KXBTCD-25MAY2219-T110749.99,DELTA,70,300,73,14,911,no,7,-2000
2025-05-22T15:03:04.089840,KXBTCD-25MAY2219-T110749.99,DELTA,70,300,73,14,912,no,7,-1000
2025-05-22T15:03:04.090638,KXBTCD-25MAY2219-T110749.99,DELTA,70,300,73,14,913,yes,5,-20000
2025-05-22T15:03:04.103276,KXBTCD-25MAY2219-T110749.99,DELTA,67,100,73,14,914,yes,70,-300
2025-05-22T15:03:04.104052,KXBTCD-25MAY2219-T110749.99,DELTA,67,100,73,14,915,no,24,-300
2025-05-22T15:03:04.164805,KXBTCD-25MAY2219-T110749.99,DELTA,72,150,73,14,916,yes,72,150
2025-05-22T15:03:04.165832,KXBTCD-25MAY2219-T110749.99,DELTA,72,150,73,14,917,no,23,150
2025-05-22T15:03:04.187354,KXBTCD-25MAY2219-T110749.99,DELTA,72,150,73,14,918,yes,64,30
2025-05-22T15:03:04.188166,KXBTCD-25MAY2219-T110749.99,DELTA,72,150,73,14,919,yes,62,-30
2025-05-22T15:03:04.188741,KXBTCD-25MAY2219-T110749.99,DELTA,72,150,73,14,920,no,26,-30
2025-05-22T15:03:04.189394,KXBTCD-25MAY2219-T110749.99,DELTA,72,150,73,14,921,no,24,30
2025-05-22T15:03:04.282656,KXBTCD-25MAY2219-T110749.99,DELTA,72,150,73,14,922,no,23,-150
2025-05-22T15:03:04.403995,KXBTCD-25MAY2219-T110749.99,DELTA,72,150,73,14,923,no,8,-9
2025-05-22T15:03:04.404138,KXBTCD-25MAY2219-T110749.99,DELTA,72,150,73,14,924,no,7,9
2025-05-22T15:03:04.404206,KXBTCD-25MAY2219-T110749.99,DELTA,72,150,73,14,925,yes,68,9
2025-05-22T15:03:04.404268,KXBTCD-25MAY2219-T110749.99,DELTA,68,9,73,14,926,yes,72,-150
2025-05-22T15:03:04.444968,KXBTCD-25MAY2219-T110749.99,DELTA,68,9,73,14,927,yes,41,2000
2025-05-22T15:03:04.523641,KXBTCD-25MAY2219-T110749.99,DELTA,68,9,75,100,928,no,27,-14
2025-05-22T15:03:04.523845,KXBTCD-25MAY2219-T110749.99,DELTA,74,36,75,100,929,yes,74,36
2025-05-22T15:03:04.590276,KXBTCD-25MAY2219-T110749.99,DELTA,74,36,75,100,930,yes,64,-30
2025-05-22T15:03:04.590447,KXBTCD-25MAY2219-T110749.99,DELTA,74,36,75,100,931,yes,65,30
2025-05-22T15:03:04.590516,KXBTCD-25MAY2219-T110749.99,DELTA,74,36,75,100,932,yes,66,14
2025-05-22T15:03:04.590567,KXBTCD-25MAY2219-T110749.99,DELTA,74,36,75,100,933,yes,64,-14
2025-05-22T15:03:04.590631,KXBTCD-25MAY2219-T110749.99,DELTA,74,36,75,100,934,no,21,250
2025-05-22T15:03:04.805691,KXBTCD-25MAY2219-T110749.99,DELTA,74,36,75,100,935,no,24,-30
2025-05-22T15:03:04.806553,KXBTCD-25MAY2219-T110749.99,DELTA,74,36,75,100,936,no,24,14
2025-05-22T15:03:04.807434,KXBTCD-25MAY2219-T110749.99,DELTA,74,36,75,100,937,no,23,30
2025-05-22T15:03:04.808306,KXBTCD-25MAY2219-T110749.99,DELTA,74,36,76,14,938,no,25,-100
2025-05-22T15:03:04.815208,KXBTCD-25MAY2219-T110749.99,DELTA,74,36,76,14,939,yes,67,-100
2025-05-22T15:03:04.815805,KXBTCD-25MAY2219-T110749.99,DELTA,74,36,76,14,940,yes,69,14
2025-05-22T15:03:04.816258,KXBTCD-25MAY2219-T110749.99,DELTA,69,14,76,14,941,yes,74,-36
2025-05-22T15:03:04.816697,KXBTCD-25MAY2219-T110749.99,DELTA,69,14,76,14,942,yes,66,-14
2025-05-22T15:03:04.817166,KXBTCD-25MAY2219-T110749.99,DELTA,69,14,77,30,943,no,24,-14
2025-05-22T15:03:04.817578,KXBTCD-25MAY2219-T110749.99,DELTA,69,14,77,30,944,no,18,14
2025-05-22T15:03:04.817772,KXBTCD-25MAY2219-T110749.99,DELTA,73,300,77,30,945,yes,73,300
2025-05-22T15:03:04.817916,KXBTCD-25MAY2219-T110749.99,DELTA,74,1000,77,30,946,yes,74,1000
2025-05-22T15:03:04.950831,KXBTCD-25MAY2219-T110749.99,DELTA,74,1000,77,30,947,no,7,1000
2025-05-22T15:03:05.205724,KXBTCD-25MAY2219-T110749.99,DELTA,74,1000,77,30,948,no,6,-5400
2025-05-22T15:03:05.206526,KXBTCD-25MAY2219-T110749.99,DELTA,74,1000,77,30,949,no,4,8100
2025-05-22T15:03:05.262708,KXBTCD-25MAY2219-T110749.99,DELTA,74,1000,77,30,950,no,7,-1000
2025-05-22T15:03:05.324086,KXBTCD-25MAY2219-T110749.99,DELTA,74,1000,77,30,951,no,7,-9
2025-05-22T15:03:05.324550,KXBTCD-25MAY2219-T110749.99,DELTA,74,1000,77,30,952,no,8,9
2025-05-22T15:03:05.324743,KXBTCD-25MAY2219-T110749.99,DELTA,74,1000,77,30,953,no,5,1000
2025-05-22T15:03:05.324910,KXBTCD-25MAY2219-T110749.99,DELTA,74,1000,77,30,954,yes,68,-9
2025-05-22T15:03:05.585571,KXBTCD-25MAY2219-T110749.99,DELTA,74,1000,77,30,955,no,5,1250
2025-05-22T15:03:05.586489,KXBTCD-25MAY2219-T110749.99,DELTA,74,1000,77,30,956,no,5,2000
2025-05-22T15:03:05.587089,KXBTCD-25MAY2219-T110749.99,DELTA,74,1000,77,30,957,no,5,20000
2025-05-22T15:03:05.964442,KXBTCD-25MAY2219-T110749.99,DELTA,74,1000,77,30,958,yes,65,-30
2025-05-22T15:03:05.964664,KXBTCD-25MAY2219-T110749.99,DELTA,74,1000,77,30,959,yes,70,30
2025-05-22T15:03:05.964819,KXBTCD-25MAY2219-T110749.99,DELTA,74,1000,77,30,960,no,19,30
2025-05-22T15:03:05.964911,KXBTCD-25MAY2219-T110749.99,DELTA,74,1000,79,250,961,no,23,-30
2025-05-22T15:03:06.023798,KXBTCD-25MAY2219-T110749.99,DELTA,74,1000,79,250,962,no,5,-1000
2025-05-22T15:03:06.063274,KXBTCD-25MAY2219-T110749.99,DELTA,74,1000,79,250,963,yes,69,-14
2025-05-22T15:03:06.063487,KXBTCD-25MAY2219-T110749.99,DELTA,74,1000,79,250,964,yes,73,14
2025-05-22T15:03:06.084046,KXBTCD-25MAY2219-T110749.99,DELTA,74,1000,79,250,965,no,20,1000
2025-05-22T15:03:06.084395,KXBTCD-25MAY2219-T110749.99,DELTA,74,1000,79,250,966,no,18,-14
2025-05-22T15:03:06.084559,KXBTCD-25MAY2219-T110749.99,DELTA,74,1000,79,250,967,no,15,14
2025-05-22T15:03:06.103087,KXBTCD-25MAY2219-T110749.99,DELTA,74,1000,79,250,968,no,7,9
2025-05-22T15:03:06.103312,KXBTCD-25MAY2219-T110749.99,DELTA,74,1000,79,250,969,no,8,-9
2025-05-22T15:03:06.404926,KXBTCD-25MAY2219-T110749.99,DELTA,74,1000,79,250,970,no,4,-8100
2025-05-22T15:03:06.405272,KXBTCD-25MAY2219-T110749.99,DELTA,74,1000,79,250,971,no,1,32400
2025-05-22T15:03:06.504841,KXBTCD-25MAY2219-T110749.99,DELTA,74,1000,79,250,972,no,5,-20000
2025-05-22T15:03:06.524477,KXBTCD-25MAY2219-T110749.99,DELTA,74,1000,79,250,973,no,5,-2000
2025-05-22T15:03:06.524626,KXBTCD-25MAY2219-T110749.99,DELTA,74,1000,79,250,974,no,5,-1250
2025-05-22T15:03:06.583422,KXBTCD-25MAY2219-T110749.99,DELTA,74,1000,79,250,975,no,2,2000
2025-05-22T15:03:06.583668,KXBTCD-25MAY2219-T110749.99,DELTA,74,1000,79,250,976,no,2,20000
2025-05-22T15:03:06.784268,KXBTCD-25MAY2219-T110749.99,DELTA,74,1000,79,250,977,yes,73,-300
2025-05-22T15:03:06.784480,KXBTCD-25MAY2219-T110749.99,DELTA,74,1000,80,1000,978,no,21,-250
2025-05-22T15:03:06.804280,KXBTCD-25MAY2219-T110749.99,DELTA,74,1000,80,1000,979,yes,41,-2000
2025-05-22T15:03:06.804455,KXBTCD-25MAY2219-T110749.99,DELTA,74,1000,80,1000,980,no,2,1250
2025-05-22T15:03:06.823774,KXBTCD-25MAY2219-T110749.99,DELTA,74,1000,81,30,981,no,20,-1000
2025-05-22T15:03:06.864015,KXBTCD-25MAY2219-T110749.99,DELTA,74,1000,81,30,982,yes,71,100
2025-05-22T15:03:06.883720,KXBTCD-25MAY2219-T110749.99,DELTA,73,14,81,30,983,yes,74,-1000
2025-05-22T15:03:06.883925,KXBTCD-25MAY2219-T110749.99,DELTA,73,14,80,100,984,no,20,100
2025-05-22T15:03:06.884048,KXBTCD-25MAY2219-T110749.99,DELTA,73,14,80,100,985,no,2,-1250
2025-05-22T15:03:06.884290,KXBTCD-25MAY2219-T110749.99,DELTA,74,300,80,100,986,yes,74,300
2025-05-22T15:03:06.903886,KXBTCD-25MAY2219-T110749.99,DELTA,74,300,80,100,987,no,7,-9
2025-05-22T15:03:06.904247,KXBTCD-25MAY2219-T110749.99,DELTA,74,300,80,450,988,no,20,350
2025-05-22T15:03:06.923544,KXBTCD-25MAY2219-T110749.99,DELTA,74,300,80,1450,989,no,20,1000
2025-05-22T15:03:06.923683,KXBTCD-25MAY2219-T110749.99,DELTA,74,300,80,1450,990,yes,41,2000
2025-05-22T15:03:06.964585,KXBTCD-25MAY2219-T110749.99,DELTA,74,300,80,1450,991,yes,72,1000
2025-05-22T15:03:06.984535,KXBTCD-25MAY2219-T110749.99,DELTA,73,14,80,1450,992,yes,74,-300
2025-05-22T15:03:06.984734,KXBTCD-25MAY2219-T110749.99,DELTA,73,14,80,1100,993,no,20,-350
2025-05-22T15:03:07.064701,KXBTCD-25MAY2219-T110749.99,DELTA,73,14,80,1100,994,yes,72,-1000
2025-05-22T15:03:07.083792,KXBTCD-25MAY2219-T110749.99,DELTA,74,100,80,1100,995,yes,74,100
2025-05-22T15:03:07.083952,KXBTCD-25MAY2219-T110749.99,DELTA,74,100,79,200,996,no,21,200
2025-05-22T15:03:07.124211,KXBTCD-25MAY2219-T110749.99,DELTA,74,100,79,200,997,yes,72,1000
2025-05-22T15:03:07.164649,KXBTCD-25MAY2219-T110749.99,DELTA,74,100,79,200,998,yes,72,-1000
2025-05-22T15:03:07.225492,KXBTCD-25MAY2219-T110749.99,DELTA,75,1000,79,200,999,yes,75,1000
2025-05-22T15:03:07.244124,KXBTCD-25MAY2219-T110749.99,DELTA,75,1000,79,200,1000,yes,74,-100
2025-05-22T15:03:07.265002,KXBTCD-25MAY2219-T110749.99,DELTA,75,1000,79,200,1001,yes,73,350
2025-05-22T15:03:07.283558,KXBTCD-25MAY2219-T110749.99,DELTA,75,1000,79,200,1002,yes,71,-100
2025-05-22T15:03:07.325783,KXBTCD-25MAY2219-T110749.99,DELTA,73,364,79,200,1003,yes,75,-1000
2025-05-22T15:03:07.365137,KXBTCD-25MAY2219-T110749.99,DELTA,74,1000,79,200,1004,yes,74,1000
2025-05-22T15:03:07.403657,KXBTCD-25MAY2219-T110749.99,DELTA,74,1000,79,200,1005,no,20,-1000
2025-05-22T15:03:07.543071,KXBTCD-25MAY2219-T110749.99,DELTA,74,1000,79,1200,1006,no,21,1000
2025-05-22T15:03:07.583339,KXBTCD-25MAY2219-T110749.99,DELTA,74,1000,79,1200,1007,no,20,-100
2025-05-22T15:03:07.704214,KXBTCD-25MAY2219-T110749.99,DELTA,74,1000,79,200,1008,no,21,-1000
2025-05-22T15:03:07.764419,KXBTCD-25MAY2219-T110749.99,DELTA,74,1000,79,200,1009,no,20,1000
2025-05-22T15:03:09.244338,KXBTCD-25MAY2219-T110749.99,DELTA,74,1000,79,200,1010,yes,71,100
2025-05-22T15:03:09.245303,KXBTCD-25MAY2219-T110749.99,DELTA,74,1000,79,300,1011,no,21,100
2025-05-22T15:03:10.488698,KXBTCD-25MAY2219-T110749.99,DELTA,74,1000,79,200,1012,no,21,-100
2025-05-22T15:03:10.752260,KXBTCD-25MAY2219-T110749.99,DELTA,74,1000,79,200,1013,yes,5,20000
2025-05-22T15:03:11.064753,KXBTCD-25MAY2219-T110749.99,DELTA,74,1000,79,200,1014,no,1,-32400
2025-05-22T15:03:11.065024,KXBTCD-25MAY2219-T110749.99,DELTA,74,1000,79,200,1015,yes,19,-1705
2025-05-22T15:03:11.144141,KXBTCD-25MAY2219-T110749.99,DELTA,74,1000,79,200,1016,no,2,-20000
2025-05-22T15:03:11.144332,KXBTCD-25MAY2219-T110749.99,DELTA,74,1000,79,200,1017,no,2,-2000
2025-05-22T15:03:12.885722,KXBTCD-25MAY2219-T110749.99,DELTA,74,1000,78,100,1018,no,22,100
2025-05-22T15:03:13.786154,KXBTCD-25MAY2219-T110749.99,DELTA,74,1000,78,100,1019,yes,71,-100
2025-05-22T15:03:16.405396,KXBTCD-25MAY2219-T110749.99,DELTA,74,1000,78,100,1020,no,21,-200
2025-05-22T15:03:16.504878,KXBTCD-25MAY2219-T110749.99,DELTA,74,1000,78,100,1021,yes,41,-2000
2025-05-22T15:03:16.585494,KXBTCD-25MAY2219-T110749.99,DELTA,74,1000,78,100,1022,no,20,-1000
2025-05-22T15:03:16.687025,KXBTCD-25MAY2219-T110749.99,DELTA,74,1000,78,100,1023,yes,73,2000
2025-05-22T15:03:16.687219,KXBTCD-25MAY2219-T110749.99,DELTA,74,1000,78,100,1024,no,19,1000
2025-05-22T15:03:16.687739,KXBTCD-25MAY2219-T110749.99,DELTA,74,1000,78,100,1025,yes,22,100
2025-05-22T15:03:16.785236,KXBTCD-25MAY2219-T110749.99,DELTA,74,1000,78,100,1026,yes,70,100
2025-05-22T15:03:16.785642,KXBTCD-25MAY2219-T110749.99,DELTA,74,1000,78,100,1027,yes,73,-350
2025-05-22T15:03:16.845480,KXBTCD-25MAY2219-T110749.99,DELTA,74,1000,78,100,1028,yes,73,-2000
2025-05-22T15:03:16.864540,KXBTCD-25MAY2219-T110749.99,DELTA,75,50,78,100,1029,yes,75,50
2025-05-22T15:03:16.864774,KXBTCD-25MAY2219-T110749.99,DELTA,75,50,78,100,1030,yes,74,-1000
2025-05-22T15:03:16.864901,KXBTCD-25MAY2219-T110749.99,DELTA,75,50,78,100,1031,no,20,250
2025-05-22T15:03:16.906095,KXBTCD-25MAY2219-T110749.99,DELTA,75,50,78,100,1032,yes,41,2000
2025-05-22T15:03:16.906254,KXBTCD-25MAY2219-T110749.99,DELTA,75,50,78,100,1033,yes,71,1000
2025-05-22T15:03:16.945319,KXBTCD-25MAY2219-T110749.99,DELTA,75,50,78,100,1034,yes,71,-1000
2025-05-22T15:03:17.005326,KXBTCD-25MAY2219-T110749.99,DELTA,76,1000,78,100,1035,yes,76,1000
2025-05-22T15:03:17.065615,KXBTCD-25MAY2219-T110749.99,DELTA,76,1000,78,100,1036,yes,70,-100
2025-05-22T15:03:19.047066,KXBTCD-25MAY2219-T110749.99,DELTA,76,1000,78,100,1037,yes,19,1705
2025-05-22T15:03:19.086928,KXBTCD-25MAY2219-T110749.99,DELTA,76,1000,78,100,1038,no,1,32400
2025-05-22T15:03:19.164925,KXBTCD-25MAY2219-T110749.99,DELTA,76,1000,78,100,1039,no,2,2000
2025-05-22T15:03:19.165092,KXBTCD-25MAY2219-T110749.99,DELTA,76,1000,78,100,1040,no,2,1250
2025-05-22T15:03:19.165171,KXBTCD-25MAY2219-T110749.99,DELTA,76,1000,78,100,1041,no,2,20000
2025-05-22T15:03:19.165239,KXBTCD-25MAY2219-T110749.99,DELTA,76,1000,78,100,1042,yes,71,100
2025-05-22T15:03:20.106005,KXBTCD-25MAY2219-T110749.99,DELTA,75,50,78,100,1043,yes,76,-1000
2025-05-22T15:03:20.106141,KXBTCD-25MAY2219-T110749.99,DELTA,73,14,78,100,1044,yes,75,-50
2025-05-22T15:03:20.125533,KXBTCD-25MAY2219-T110749.99,DELTA,73,14,78,100,1045,no,19,-1000
2025-05-22T15:03:20.125675,KXBTCD-25MAY2219-T110749.99,DELTA,73,14,78,100,1046,no,2,-1250
2025-05-22T15:03:20.185191,KXBTCD-25MAY2219-T110749.99,DELTA,73,14,78,100,1047,yes,72,1000
2025-05-22T15:03:20.185328,KXBTCD-25MAY2219-T110749.99,DELTA,73,14,78,100,1048,no,20,1000
2025-05-22T15:03:20.205259,KXBTCD-25MAY2219-T110749.99,DELTA,74,100,78,100,1049,yes,74,100
2025-05-22T15:03:20.225228,KXBTCD-25MAY2219-T110749.99,DELTA,74,100,78,100,1050,yes,51,9
2025-05-22T15:03:20.286917,KXBTCD-25MAY2219-T110749.99,DELTA,74,100,78,100,1051,yes,72,-1000
2025-05-22T15:03:20.306229,KXBTCD-25MAY2219-T110749.99,DELTA,74,100,78,100,1052,no,20,-1000
2025-05-22T15:03:20.405251,KXBTCD-25MAY2219-T110749.99,DELTA,74,1100,78,100,1053,yes,74,1000
2025-05-22T15:03:20.405373,KXBTCD-25MAY2219-T110749.99,DELTA,74,1100,78,100,1054,no,21,1000
2025-05-22T15:03:20.425864,KXBTCD-25MAY2219-T110749.99,DELTA,74,1000,78,100,1055,yes,74,-100
2025-05-22T15:03:20.426571,KXBTCD-25MAY2219-T110749.99,DELTA,74,1000,78,100,1056,no,20,-250
2025-05-22T15:03:20.505085,KXBTCD-25MAY2219-T110749.99,DELTA,73,14,78,100,1057,yes,74,-1000
2025-05-22T15:03:20.505200,KXBTCD-25MAY2219-T110749.99,DELTA,73,14,78,100,1058,no,21,-1000
2025-05-22T15:03:20.564782,KXBTCD-25MAY2219-T110749.99,DELTA,73,14,78,100,1059,yes,72,250
2025-05-22T15:03:20.564933,KXBTCD-25MAY2219-T110749.99,DELTA,73,14,78,450,1060,no,22,350
2025-05-22T15:03:20.585124,KXBTCD-25MAY2219-T110749.99,DELTA,73,14,78,450,1061,yes,72,1000
2025-05-22T15:03:20.585530,KXBTCD-25MAY2219-T110749.99,DELTA,73,14,78,450,1062,no,20,1000
2025-05-22T15:03:20.624844,KXBTCD-25MAY2219-T110749.99,DELTA,73,14,78,450,1063,yes,72,-1000
2025-05-22T15:03:20.664719,KXBTCD-25MAY2219-T110749.99,DELTA,73,14,78,450,1064,no,20,-1000
2025-05-22T15:03:20.724770,KXBTCD-25MAY2219-T110749.99,DELTA,73,1014,78,450,1065,yes,73,1000
2025-05-22T15:03:20.724878,KXBTCD-25MAY2219-T110749.99,DELTA,73,1014,78,1450,1066,no,22,1000
2025-05-22T15:03:20.785371,KXBTCD-25MAY2219-T110749.99,DELTA,73,1014,78,1450,1067,yes,72,-250
2025-05-22T15:03:20.845208,KXBTCD-25MAY2219-T110749.99,DELTA,73,1014,78,1450,1068,yes,71,300
2025-05-22T15:03:20.864451,KXBTCD-25MAY2219-T110749.99,DELTA,73,14,78,1450,1069,yes,73,-1000
2025-05-22T15:03:20.905615,KXBTCD-25MAY2219-T110749.99,DELTA,73,14,78,1100,1070,no,22,-350
2025-05-22T15:03:20.923860,KXBTCD-25MAY2219-T110749.99,DELTA,73,14,78,1100,1071,yes,72,1000
2025-05-22T15:03:20.965476,KXBTCD-25MAY2219-T110749.99,DELTA,73,14,77,200,1072,no,23,200
2025-05-22T15:03:21.125766,KXBTCD-25MAY2219-T110749.99,DELTA,73,14,77,200,1073,yes,71,-100
2025-05-22T15:03:21.144931,KXBTCD-25MAY2219-T110749.99,DELTA,73,14,77,200,1074,no,22,-100
2025-05-22T15:03:21.165964,KXBTCD-25MAY2219-T110749.99,DELTA,73,14,77,200,1075,yes,19,-1705
2025-05-22T15:03:21.166056,KXBTCD-25MAY2219-T110749.99,DELTA,73,14,77,200,1076,yes,23,1408
2025-05-22T15:03:21.224944,KXBTCD-25MAY2219-T110749.99,DELTA,73,14,77,200,1077,no,22,-1000
2025-05-22T15:03:21.265162,KXBTCD-25MAY2219-T110749.99,DELTA,73,14,77,200,1078,no,20,1000
2025-05-22T15:03:21.605056,KXBTCD-25MAY2219-T110749.99,DELTA,73,14,77,200,1079,yes,41,-2000
2025-05-22T15:03:21.644636,KXBTCD-25MAY2219-T110749.99,DELTA,73,14,77,200,1080,yes,71,2000
2025-05-22T15:03:21.744654,KXBTCD-25MAY2219-T110749.99,DELTA,73,14,77,200,1081,yes,51,-9
2025-05-22T15:03:21.785750,KXBTCD-25MAY2219-T110749.99,DELTA,73,14,77,200,1082,yes,71,-2000
2025-05-22T15:03:21.825396,KXBTCD-25MAY2219-T110749.99,DELTA,73,14,77,200,1083,yes,41,2000
2025-05-22T15:03:22.885004,KXBTCD-25MAY2219-T110749.99,DELTA,73,14,77,200,1084,yes,70,-30
2025-05-22T15:03:22.905381,KXBTCD-25MAY2219-T110749.99,DELTA,73,14,77,200,1085,yes,68,30
2025-05-22T15:03:22.905561,KXBTCD-25MAY2219-T110749.99,DELTA,73,14,77,200,1086,no,19,-30
2025-05-22T15:03:22.905640,KXBTCD-25MAY2219-T110749.99,DELTA,73,14,77,200,1087,no,20,30
2025-05-22T15:03:22.925064,KXBTCD-25MAY2219-T110749.99,DELTA,73,14,77,200,1088,yes,69,100
2025-05-22T15:03:22.925226,KXBTCD-25MAY2219-T110749.99,DELTA,73,14,77,300,1089,no,23,100
2025-05-22T15:03:22.965273,KXBTCD-25MAY2219-T110749.99,DELTA,73,14,77,300,1090,no,20,-1000
