timestamp,market_ticker,type,yes_bid_price_cents,yes_bid_qty,yes_ask_price_cents,yes_ask_qty_on_no_side,sequence_num,delta_side,delta_price_cents,delta_quantity
2025-05-22T17:06:00.029039,KXBTCD-25MAY2221-T111999.99,SNAPSHOT,15,50,16,200,1,,,
2025-05-22T17:06:00.326522,KXBTCD-25MAY2221-T111999.99,DELTA,15,50,16,200,2,yes,11,-1250
2025-05-22T17:06:00.347548,KXBTCD-25MAY2221-T111999.99,DELTA,15,50,16,200,3,no,79,-2000
2025-05-22T17:06:00.347648,KXBTCD-25MAY2221-T111999.99,DELTA,15,50,16,200,4,no,80,-1250
2025-05-22T17:06:00.347702,KXBTCD-25MAY2221-T111999.99,DELTA,15,50,16,200,5,yes,11,-500
2025-05-22T17:06:00.368460,KXBTCD-25MAY2221-T111999.99,DELTA,15,50,19,1000,6,no,84,-200
2025-05-22T17:06:00.428085,KXBTCD-25MAY2221-T111999.99,DELTA,15,50,19,1000,7,yes,6,250
2025-05-22T17:06:00.428181,KXBTCD-25MAY2221-T111999.99,DELTA,15,50,19,1000,8,no,72,-250
2025-05-22T17:06:00.428247,KXBTCD-25MAY2221-T111999.99,DELTA,15,50,18,250,9,no,82,250
2025-05-22T17:06:00.428309,KXBTCD-25MAY2221-T111999.99,DELTA,15,50,18,250,10,no,4,-8100
2025-05-22T17:06:00.428364,KXBTCD-25MAY2221-T111999.99,DELTA,15,50,18,250,11,no,6,5400
2025-05-22T17:06:00.446719,KXBTCD-25MAY2221-T111999.99,DELTA,15,50,18,250,12,yes,12,-1000
2025-05-22T17:06:00.446796,KXBTCD-25MAY2221-T111999.99,DELTA,15,50,18,250,13,no,81,1250
2025-05-22T17:06:00.467050,KXBTCD-25MAY2221-T111999.99,DELTA,15,50,18,250,14,no,80,2000
2025-05-22T17:06:00.507340,KXBTCD-25MAY2221-T111999.99,DELTA,15,50,18,250,15,yes,10,400
2025-05-22T17:06:00.565976,KXBTCD-25MAY2221-T111999.99,DELTA,14,82,18,250,16,yes,15,-50
2025-05-22T17:06:00.566160,KXBTCD-25MAY2221-T111999.99,DELTA,14,82,15,50,17,no,85,50
2025-05-22T17:06:00.588488,KXBTCD-25MAY2221-T111999.99,DELTA,14,82,15,50,18,yes,5,1250
2025-05-22T17:06:00.588589,KXBTCD-25MAY2221-T111999.99,DELTA,14,82,15,50,19,no,5,-20000
2025-05-22T17:06:00.588648,KXBTCD-25MAY2221-T111999.99,DELTA,14,82,15,50,20,yes,11,1000
2025-05-22T17:06:00.588806,KXBTCD-25MAY2221-T111999.99,DELTA,14,82,15,50,21,no,81,-1000
2025-05-22T17:06:00.667253,KXBTCD-25MAY2221-T111999.99,DELTA,14,82,15,50,22,no,83,1000
2025-05-22T17:06:00.667343,KXBTCD-25MAY2221-T111999.99,DELTA,14,82,15,50,23,no,7,20000
2025-05-22T17:06:00.667402,KXBTCD-25MAY2221-T111999.99,DELTA,14,82,15,50,24,yes,5,-2000
2025-05-22T17:06:00.667459,KXBTCD-25MAY2221-T111999.99,DELTA,14,82,15,50,25,yes,5,-1250
2025-05-22T17:06:00.726032,KXBTCD-25MAY2221-T111999.99,DELTA,14,82,15,50,26,yes,10,1250
2025-05-22T17:06:00.726108,KXBTCD-25MAY2221-T111999.99,DELTA,14,82,15,50,27,yes,7,2000
2025-05-22T17:06:00.887440,KXBTCD-25MAY2221-T111999.99,DELTA,14,68,15,50,28,yes,14,-14
2025-05-22T17:06:00.887566,KXBTCD-25MAY2221-T111999.99,DELTA,14,68,15,50,29,yes,13,14
2025-05-22T17:06:00.887633,KXBTCD-25MAY2221-T111999.99,DELTA,14,68,15,50,30,no,76,-14
2025-05-22T17:06:00.906225,KXBTCD-25MAY2221-T111999.99,DELTA,14,68,15,50,31,no,77,14
2025-05-22T17:06:01.067205,KXBTCD-25MAY2221-T111999.99,DELTA,14,68,17,1000,32,no,85,-50
2025-05-22T17:06:01.127255,KXBTCD-25MAY2221-T111999.99,DELTA,14,68,15,350,33,no,85,350
2025-05-22T17:06:01.186553,KXBTCD-25MAY2221-T111999.99,DELTA,14,68,15,350,34,no,84,250
2025-05-22T17:06:01.186651,KXBTCD-25MAY2221-T111999.99,DELTA,14,68,15,350,35,no,74,-250
2025-05-22T17:06:01.566207,KXBTCD-25MAY2221-T111999.99,DELTA,14,68,15,350,36,no,79,-100
2025-05-22T17:06:01.566316,KXBTCD-25MAY2221-T111999.99,DELTA,13,14,15,350,37,yes,14,-68
2025-05-22T17:06:01.666380,KXBTCD-25MAY2221-T111999.99,DELTA,13,14,15,350,38,yes,10,-1250
2025-05-22T17:06:01.685885,KXBTCD-25MAY2221-T111999.99,DELTA,13,14,15,350,39,no,80,-2000
2025-05-22T17:06:01.686073,KXBTCD-25MAY2221-T111999.99,DELTA,13,14,15,350,40,no,83,-1000
2025-05-22T17:06:01.706470,KXBTCD-25MAY2221-T111999.99,DELTA,13,14,15,350,41,no,81,-1250
2025-05-22T17:06:01.785953,KXBTCD-25MAY2221-T111999.99,DELTA,13,14,15,350,42,no,81,2000
2025-05-22T17:06:01.786049,KXBTCD-25MAY2221-T111999.99,DELTA,13,14,15,350,43,yes,7,1250
2025-05-22T17:06:01.786106,KXBTCD-25MAY2221-T111999.99,DELTA,13,14,15,350,44,no,84,1000
2025-05-22T17:06:01.846486,KXBTCD-25MAY2221-T111999.99,DELTA,13,14,15,350,45,no,82,1250
2025-05-22T17:06:03.246708,KXBTCD-25MAY2221-T111999.99,DELTA,13,14,15,350,46,yes,12,68
2025-05-22T17:06:03.246871,KXBTCD-25MAY2221-T111999.99,DELTA,13,14,15,350,47,no,80,100
2025-05-22T17:06:03.287085,KXBTCD-25MAY2221-T111999.99,DELTA,13,14,15,350,48,no,6,-5400
2025-05-22T17:06:03.287231,KXBTCD-25MAY2221-T111999.99,DELTA,13,14,15,350,49,no,8,4050
2025-05-22T17:06:03.349798,KXBTCD-25MAY2221-T111999.99,DELTA,13,14,15,350,50,no,7,-20000
2025-05-22T17:06:03.386976,KXBTCD-25MAY2221-T111999.99,DELTA,13,14,15,350,51,no,9,20000
2025-05-22T17:06:04.127289,KXBTCD-25MAY2221-T111999.99,DELTA,13,14,15,350,52,yes,10,-30
2025-05-22T17:06:04.127434,KXBTCD-25MAY2221-T111999.99,DELTA,13,14,15,350,53,yes,8,30
2025-05-22T17:06:04.127511,KXBTCD-25MAY2221-T111999.99,DELTA,13,14,15,350,54,no,79,-30
2025-05-22T17:06:04.127567,KXBTCD-25MAY2221-T111999.99,DELTA,13,14,15,350,55,no,81,30
2025-05-22T17:06:04.526989,KXBTCD-25MAY2221-T111999.99,DELTA,13,14,15,350,56,no,8,-4050
2025-05-22T17:06:04.527101,KXBTCD-25MAY2221-T111999.99,DELTA,13,14,15,350,57,no,10,3240
2025-05-22T17:06:04.568723,KXBTCD-25MAY2221-T111999.99,DELTA,13,14,15,350,58,yes,10,-400
2025-05-22T17:06:04.568853,KXBTCD-25MAY2221-T111999.99,DELTA,13,14,15,350,59,yes,9,500
2025-05-22T17:06:04.605984,KXBTCD-25MAY2221-T111999.99,DELTA,13,14,15,350,60,no,9,-20000
2025-05-22T17:06:04.651023,KXBTCD-25MAY2221-T111999.99,DELTA,13,14,15,350,61,no,11,20000
2025-05-22T17:06:04.651138,KXBTCD-25MAY2221-T111999.99,DELTA,13,14,15,350,62,yes,11,-1000
2025-05-22T17:06:04.671384,KXBTCD-25MAY2221-T111999.99,DELTA,13,14,15,350,63,yes,7,-1250
2025-05-22T17:06:04.706292,KXBTCD-25MAY2221-T111999.99,DELTA,13,14,15,350,64,yes,9,1250
2025-05-22T17:06:04.706406,KXBTCD-25MAY2221-T111999.99,DELTA,13,14,15,350,65,yes,10,1000
2025-05-22T17:06:05.686377,KXBTCD-25MAY2221-T111999.99,DELTA,13,14,15,350,66,no,10,-3240
2025-05-22T17:06:05.686510,KXBTCD-25MAY2221-T111999.99,DELTA,13,14,15,350,67,no,12,2700
2025-05-22T17:06:05.766386,KXBTCD-25MAY2221-T111999.99,DELTA,13,14,15,350,68,no,11,-20000
2025-05-22T17:06:06.906084,KXBTCD-25MAY2221-T111999.99,DELTA,13,14,15,350,69,no,12,-2700
2025-05-22T17:06:06.906585,KXBTCD-25MAY2221-T111999.99,DELTA,13,14,15,350,70,no,4,8100
2025-05-22T17:06:06.966639,KXBTCD-25MAY2221-T111999.99,DELTA,13,14,15,350,71,no,5,20000
2025-05-22T17:06:08.170523,KXBTCD-25MAY2221-T111999.99,DELTA,13,14,15,350,72,no,4,-8100
2025-05-22T17:06:08.170716,KXBTCD-25MAY2221-T111999.99,DELTA,13,14,15,350,73,no,6,5400
2025-05-22T17:06:08.206740,KXBTCD-25MAY2221-T111999.99,DELTA,13,14,15,350,74,no,5,-20000
2025-05-22T17:06:08.246256,KXBTCD-25MAY2221-T111999.99,DELTA,13,14,15,350,75,no,7,20000
2025-05-22T17:06:09.807340,KXBTCD-25MAY2221-T111999.99,DELTA,12,68,15,350,76,yes,13,-14
2025-05-22T17:06:09.807523,KXBTCD-25MAY2221-T111999.99,DELTA,12,68,15,350,77,yes,11,14
2025-05-22T17:06:09.807594,KXBTCD-25MAY2221-T111999.99,DELTA,12,68,15,350,78,no,77,-14
2025-05-22T17:06:09.807653,KXBTCD-25MAY2221-T111999.99,DELTA,12,68,15,350,79,no,79,14
2025-05-22T17:06:09.886986,KXBTCD-25MAY2221-T111999.99,DELTA,12,68,15,350,80,yes,9,-500
2025-05-22T17:06:09.906807,KXBTCD-25MAY2221-T111999.99,DELTA,12,68,15,350,81,yes,6,-250
2025-05-22T17:06:09.906899,KXBTCD-25MAY2221-T111999.99,DELTA,12,68,15,350,82,yes,9,-1250
2025-05-22T17:06:09.906957,KXBTCD-25MAY2221-T111999.99,DELTA,12,68,15,350,83,no,81,-2000
2025-05-22T17:06:09.927354,KXBTCD-25MAY2221-T111999.99,DELTA,12,68,15,350,84,no,84,-1000
2025-05-22T17:06:09.927503,KXBTCD-25MAY2221-T111999.99,DELTA,12,68,15,350,85,no,82,-1250
2025-05-22T17:06:09.927603,KXBTCD-25MAY2221-T111999.99,DELTA,12,68,15,350,86,yes,8,500
2025-05-22T17:06:10.006797,KXBTCD-25MAY2221-T111999.99,DELTA,12,68,16,250,87,no,85,-350
2025-05-22T17:06:10.067226,KXBTCD-25MAY2221-T111999.99,DELTA,12,68,18,250,88,no,84,-250
2025-05-22T17:06:10.067569,KXBTCD-25MAY2221-T111999.99,DELTA,12,68,18,2250,89,no,82,2000
2025-05-22T17:06:10.087511,KXBTCD-25MAY2221-T111999.99,DELTA,12,68,18,2250,90,yes,5,1250
2025-05-22T17:06:10.087780,KXBTCD-25MAY2221-T111999.99,DELTA,12,68,18,2250,91,yes,7,-2000
2025-05-22T17:06:10.088077,KXBTCD-25MAY2221-T111999.99,DELTA,12,68,13,200,92,no,87,200
2025-05-22T17:06:10.088160,KXBTCD-25MAY2221-T111999.99,DELTA,12,68,13,200,93,yes,10,-1000
2025-05-22T17:06:10.107006,KXBTCD-25MAY2221-T111999.99,DELTA,12,68,13,200,94,no,74,250
2025-05-22T17:06:10.107140,KXBTCD-25MAY2221-T111999.99,DELTA,12,68,13,200,95,no,85,1000
2025-05-22T17:06:10.107207,KXBTCD-25MAY2221-T111999.99,DELTA,12,68,13,200,96,no,83,1250
2025-05-22T17:06:10.126423,KXBTCD-25MAY2221-T111999.99,DELTA,12,68,13,200,97,no,84,250
2025-05-22T17:06:10.146284,KXBTCD-25MAY2221-T111999.99,DELTA,12,68,13,200,98,no,74,-250
2025-05-22T17:06:10.186740,KXBTCD-25MAY2221-T111999.99,DELTA,12,68,13,200,99,no,85,-1000
2025-05-22T17:06:10.206542,KXBTCD-25MAY2221-T111999.99,DELTA,12,68,13,200,100,yes,5,-1250
2025-05-22T17:06:10.206712,KXBTCD-25MAY2221-T111999.99,DELTA,12,68,13,200,101,yes,9,1000
2025-05-22T17:06:10.206781,KXBTCD-25MAY2221-T111999.99,DELTA,12,68,13,200,102,yes,5,2000
2025-05-22T17:06:10.233433,KXBTCD-25MAY2221-T111999.99,DELTA,12,68,13,200,103,no,80,-100
2025-05-22T17:06:10.270710,KXBTCD-25MAY2221-T111999.99,DELTA,12,68,13,200,104,no,85,1000
2025-05-22T17:06:10.270892,KXBTCD-25MAY2221-T111999.99,DELTA,12,68,13,200,105,yes,8,1250
2025-05-22T17:06:12.026510,KXBTCD-25MAY2221-T111999.99,DELTA,12,68,13,200,106,no,81,100
2025-05-22T17:06:12.425648,KXBTCD-25MAY2221-T111999.99,DELTA,12,68,15,1000,107,no,87,-200
2025-05-22T17:06:12.486334,KXBTCD-25MAY2221-T111999.99,DELTA,12,68,14,450,108,no,86,450
2025-05-22T17:06:13.708079,KXBTCD-25MAY2221-T111999.99,DELTA,12,68,14,450,109,yes,5,-2000
2025-05-22T17:06:13.727988,KXBTCD-25MAY2221-T111999.99,DELTA,12,68,14,450,110,yes,8,-1250
2025-05-22T17:06:13.728128,KXBTCD-25MAY2221-T111999.99,DELTA,12,68,14,450,111,no,82,-2000
2025-05-22T17:06:13.746870,KXBTCD-25MAY2221-T111999.99,DELTA,12,68,14,450,112,no,85,-1000
2025-05-22T17:06:13.746970,KXBTCD-25MAY2221-T111999.99,DELTA,12,68,14,450,113,no,83,-1250
2025-05-22T17:06:13.786492,KXBTCD-25MAY2221-T111999.99,DELTA,12,68,16,250,114,no,86,-450
2025-05-22T17:06:13.827138,KXBTCD-25MAY2221-T111999.99,DELTA,12,68,16,250,115,yes,9,1250
2025-05-22T17:06:13.827222,KXBTCD-25MAY2221-T111999.99,DELTA,12,68,16,1250,116,no,84,1000
2025-05-22T17:06:13.827279,KXBTCD-25MAY2221-T111999.99,DELTA,12,68,16,1250,117,yes,8,2000
2025-05-22T17:06:13.847180,KXBTCD-25MAY2221-T111999.99,DELTA,12,68,16,1000,118,no,84,-250
2025-05-22T17:06:13.847329,KXBTCD-25MAY2221-T111999.99,DELTA,12,68,16,1000,119,no,74,250
2025-05-22T17:06:13.847391,KXBTCD-25MAY2221-T111999.99,DELTA,12,68,15,450,120,no,85,450
2025-05-22T17:06:13.906961,KXBTCD-25MAY2221-T111999.99,DELTA,12,68,15,450,121,no,84,250
2025-05-22T17:06:13.907068,KXBTCD-25MAY2221-T111999.99,DELTA,12,68,15,450,122,no,74,-250
2025-05-22T17:06:13.907127,KXBTCD-25MAY2221-T111999.99,DELTA,12,68,15,450,123,yes,8,-500
2025-05-22T17:06:13.926225,KXBTCD-25MAY2221-T111999.99,DELTA,12,68,15,450,124,no,84,-1000
2025-05-22T17:06:13.926337,KXBTCD-25MAY2221-T111999.99,DELTA,12,68,15,450,125,no,82,1250
2025-05-22T17:06:13.966530,KXBTCD-25MAY2221-T111999.99,DELTA,12,68,15,450,126,no,81,2000
2025-05-22T17:06:14.006168,KXBTCD-25MAY2221-T111999.99,DELTA,12,68,15,450,127,no,83,1000
2025-05-22T17:06:14.006377,KXBTCD-25MAY2221-T111999.99,DELTA,12,68,15,450,128,yes,8,-2000
2025-05-22T17:06:14.027063,KXBTCD-25MAY2221-T111999.99,DELTA,12,68,15,450,129,yes,9,-1250
2025-05-22T17:06:14.068811,KXBTCD-25MAY2221-T111999.99,DELTA,12,68,15,450,130,no,83,-1000
2025-05-22T17:06:14.068890,KXBTCD-25MAY2221-T111999.99,DELTA,12,68,15,450,131,yes,10,250
2025-05-22T17:06:14.086727,KXBTCD-25MAY2221-T111999.99,DELTA,12,68,15,450,132,yes,5,1250
2025-05-22T17:06:14.125752,KXBTCD-25MAY2221-T111999.99,DELTA,12,68,15,450,133,yes,5,2000
2025-05-22T17:06:14.167840,KXBTCD-25MAY2221-T111999.99,DELTA,12,68,15,450,134,no,84,1000
2025-05-22T17:06:14.167941,KXBTCD-25MAY2221-T111999.99,DELTA,12,68,15,450,135,yes,6,250
2025-05-22T17:06:14.186711,KXBTCD-25MAY2221-T111999.99,DELTA,12,68,15,450,136,no,6,-5400
2025-05-22T17:06:14.186836,KXBTCD-25MAY2221-T111999.99,DELTA,12,68,15,450,137,no,8,4050
2025-05-22T17:06:14.186900,KXBTCD-25MAY2221-T111999.99,DELTA,12,68,15,450,138,yes,9,-1000
2025-05-22T17:06:14.226099,KXBTCD-25MAY2221-T111999.99,DELTA,12,68,15,450,139,yes,11,1000
2025-05-22T17:06:14.267670,KXBTCD-25MAY2221-T111999.99,DELTA,12,68,15,450,140,no,7,-20000
2025-05-22T17:06:14.267758,KXBTCD-25MAY2221-T111999.99,DELTA,12,68,15,450,141,yes,5,-2000
2025-05-22T17:06:14.286682,KXBTCD-25MAY2221-T111999.99,DELTA,12,68,15,450,142,yes,5,-1250
2025-05-22T17:06:14.326777,KXBTCD-25MAY2221-T111999.99,DELTA,12,68,15,450,143,no,9,20000
2025-05-22T17:06:14.347079,KXBTCD-25MAY2221-T111999.99,DELTA,12,68,15,450,144,yes,7,1250
2025-05-22T17:06:14.347193,KXBTCD-25MAY2221-T111999.99,DELTA,12,68,15,450,145,yes,7,2000
2025-05-22T17:06:15.367197,KXBTCD-25MAY2221-T111999.99,DELTA,12,68,15,450,146,yes,11,-1000
2025-05-22T17:06:15.386838,KXBTCD-25MAY2221-T111999.99,DELTA,12,68,15,450,147,yes,7,-1250
2025-05-22T17:06:15.387040,KXBTCD-25MAY2221-T111999.99,DELTA,12,68,15,450,148,no,81,-2000
2025-05-22T17:06:15.406604,KXBTCD-25MAY2221-T111999.99,DELTA,12,68,15,450,149,no,84,-1000
2025-05-22T17:06:15.406775,KXBTCD-25MAY2221-T111999.99,DELTA,12,68,15,450,150,no,82,-1250
2025-05-22T17:06:15.446730,KXBTCD-25MAY2221-T111999.99,DELTA,12,1068,15,450,151,yes,12,1000
2025-05-22T17:06:15.466110,KXBTCD-25MAY2221-T111999.99,DELTA,12,1068,15,450,152,no,80,2000
2025-05-22T17:06:15.466271,KXBTCD-25MAY2221-T111999.99,DELTA,12,1068,15,450,153,no,83,1000
2025-05-22T17:06:15.466343,KXBTCD-25MAY2221-T111999.99,DELTA,12,1068,15,450,154,no,81,1250
2025-05-22T17:06:15.466410,KXBTCD-25MAY2221-T111999.99,DELTA,12,1068,15,450,155,yes,10,1250
2025-05-22T17:06:15.626775,KXBTCD-25MAY2221-T111999.99,DELTA,12,68,15,450,156,yes,12,-1000
2025-05-22T17:06:15.626871,KXBTCD-25MAY2221-T111999.99,DELTA,12,68,15,450,157,yes,10,-1250
2025-05-22T17:06:15.646748,KXBTCD-25MAY2221-T111999.99,DELTA,12,68,15,450,158,no,80,-2000
2025-05-22T17:06:15.646839,KXBTCD-25MAY2221-T111999.99,DELTA,12,68,15,450,159,no,83,-1000
2025-05-22T17:06:15.666118,KXBTCD-25MAY2221-T111999.99,DELTA,12,68,15,450,160,no,81,-1250
2025-05-22T17:06:15.706155,KXBTCD-25MAY2221-T111999.99,DELTA,12,68,15,450,161,no,81,2000
2025-05-22T17:06:15.706244,KXBTCD-25MAY2221-T111999.99,DELTA,12,68,15,450,162,no,82,1250
2025-05-22T17:06:15.706305,KXBTCD-25MAY2221-T111999.99,DELTA,12,68,15,450,163,yes,7,1250
2025-05-22T17:06:15.727065,KXBTCD-25MAY2221-T111999.99,DELTA,12,68,15,450,164,yes,11,1000
2025-05-22T17:06:15.727146,KXBTCD-25MAY2221-T111999.99,DELTA,12,68,15,450,165,no,84,1000
2025-05-22T17:06:16.946014,KXBTCD-25MAY2221-T111999.99,DELTA,12,68,15,450,166,no,8,-4050
2025-05-22T17:06:16.946196,KXBTCD-25MAY2221-T111999.99,DELTA,12,68,15,450,167,no,10,3240
2025-05-22T17:06:17.007676,KXBTCD-25MAY2221-T111999.99,DELTA,12,68,15,450,168,no,9,-20000
2025-05-22T17:06:17.067280,KXBTCD-25MAY2221-T111999.99,DELTA,12,68,15,450,169,no,11,20000
2025-05-22T17:06:17.225596,KXBTCD-25MAY2221-T111999.99,DELTA,12,68,15,450,170,yes,11,-1000
2025-05-22T17:06:17.225695,KXBTCD-25MAY2221-T111999.99,DELTA,12,68,15,450,171,yes,7,-1250
2025-05-22T17:06:17.246359,KXBTCD-25MAY2221-T111999.99,DELTA,12,68,15,450,172,no,81,-2000
2025-05-22T17:06:17.246506,KXBTCD-25MAY2221-T111999.99,DELTA,12,68,15,450,173,no,84,-1000
2025-05-22T17:06:17.266001,KXBTCD-25MAY2221-T111999.99,DELTA,12,68,15,450,174,no,82,-1250
2025-05-22T17:06:17.327026,KXBTCD-25MAY2221-T111999.99,DELTA,12,1068,15,450,175,yes,12,1000
2025-05-22T17:06:17.327183,KXBTCD-25MAY2221-T111999.99,DELTA,12,1068,15,450,176,no,80,2000
2025-05-22T17:06:17.327254,KXBTCD-25MAY2221-T111999.99,DELTA,12,1068,15,450,177,yes,10,1250
2025-05-22T17:06:17.327308,KXBTCD-25MAY2221-T111999.99,DELTA,12,1068,15,450,178,no,81,1250
2025-05-22T17:06:17.327359,KXBTCD-25MAY2221-T111999.99,DELTA,12,1068,15,450,179,no,83,1000
2025-05-22T17:06:18.145565,KXBTCD-25MAY2221-T111999.99,DELTA,12,1068,15,450,180,no,10,-3240
2025-05-22T17:06:18.145682,KXBTCD-25MAY2221-T111999.99,DELTA,12,1068,15,450,181,no,12,2700
2025-05-22T17:06:18.206306,KXBTCD-25MAY2221-T111999.99,DELTA,12,1068,15,450,182,no,11,-20000
2025-05-22T17:06:18.307010,KXBTCD-25MAY2221-T111999.99,DELTA,12,68,15,450,183,yes,12,-1000
2025-05-22T17:06:18.307149,KXBTCD-25MAY2221-T111999.99,DELTA,12,68,15,450,184,yes,10,-1250
2025-05-22T17:06:18.326514,KXBTCD-25MAY2221-T111999.99,DELTA,12,68,15,450,185,no,80,-2000
2025-05-22T17:06:18.326627,KXBTCD-25MAY2221-T111999.99,DELTA,12,68,15,450,186,no,83,-1000
2025-05-22T17:06:18.346922,KXBTCD-25MAY2221-T111999.99,DELTA,12,68,15,450,187,no,81,-1250
2025-05-22T17:06:18.387367,KXBTCD-25MAY2221-T111999.99,DELTA,12,68,15,450,188,yes,11,1000
2025-05-22T17:06:18.387459,KXBTCD-25MAY2221-T111999.99,DELTA,12,68,15,450,189,yes,7,1250
2025-05-22T17:06:18.387515,KXBTCD-25MAY2221-T111999.99,DELTA,12,68,15,450,190,no,84,1000
2025-05-22T17:06:18.406768,KXBTCD-25MAY2221-T111999.99,DELTA,12,68,15,450,191,no,82,1250
2025-05-22T17:06:18.406898,KXBTCD-25MAY2221-T111999.99,DELTA,12,68,15,450,192,no,81,2000
2025-05-22T17:06:18.406954,KXBTCD-25MAY2221-T111999.99,DELTA,12,68,15,450,193,yes,10,-250
2025-05-22T17:06:18.446987,KXBTCD-25MAY2221-T111999.99,DELTA,12,68,15,450,194,yes,9,500
2025-05-22T17:06:18.466686,KXBTCD-25MAY2221-T111999.99,DELTA,12,68,15,450,195,yes,11,-1000
2025-05-22T17:06:18.505241,KXBTCD-25MAY2221-T111999.99,DELTA,12,68,15,450,196,yes,7,-1250
2025-05-22T17:06:18.505358,KXBTCD-25MAY2221-T111999.99,DELTA,12,68,15,450,197,yes,10,1000
2025-05-22T17:06:18.545588,KXBTCD-25MAY2221-T111999.99,DELTA,12,68,15,450,198,yes,9,1250
2025-05-22T17:06:19.327703,KXBTCD-25MAY2221-T111999.99,DELTA,12,68,15,450,199,no,12,-2700
2025-05-22T17:06:19.327794,KXBTCD-25MAY2221-T111999.99,DELTA,12,68,15,450,200,no,4,8100
2025-05-22T17:06:19.405438,KXBTCD-25MAY2221-T111999.99,DELTA,12,68,15,450,201,no,5,20000
2025-05-22T17:06:20.445996,KXBTCD-25MAY2221-T111999.99,DELTA,12,68,15,450,202,no,4,-8100
2025-05-22T17:06:20.446092,KXBTCD-25MAY2221-T111999.99,DELTA,12,68,15,450,203,no,6,5400
2025-05-22T17:06:20.485604,KXBTCD-25MAY2221-T111999.99,DELTA,12,68,15,450,204,yes,9,-500
2025-05-22T17:06:20.506659,KXBTCD-25MAY2221-T111999.99,DELTA,12,68,16,1250,205,no,85,-450
2025-05-22T17:06:20.566151,KXBTCD-25MAY2221-T111999.99,DELTA,12,68,16,1250,206,no,5,-20000
2025-05-22T17:06:20.586218,KXBTCD-25MAY2221-T111999.99,DELTA,12,68,16,1250,207,yes,8,500
2025-05-22T17:06:20.586721,KXBTCD-25MAY2221-T111999.99,DELTA,12,68,14,500,208,no,86,500
2025-05-22T17:06:20.586789,KXBTCD-25MAY2221-T111999.99,DELTA,12,68,14,500,209,yes,10,-1000
2025-05-22T17:06:20.607067,KXBTCD-25MAY2221-T111999.99,DELTA,12,68,14,500,210,yes,9,-1250
2025-05-22T17:06:20.667334,KXBTCD-25MAY2221-T111999.99,DELTA,12,68,14,500,211,no,7,20000
2025-05-22T17:06:20.726443,KXBTCD-25MAY2221-T111999.99,DELTA,12,68,14,500,212,yes,7,-2000
2025-05-22T17:06:20.726549,KXBTCD-25MAY2221-T111999.99,DELTA,12,68,14,500,213,yes,9,1250
2025-05-22T17:06:20.726609,KXBTCD-25MAY2221-T111999.99,DELTA,12,68,14,500,214,yes,9,1000
2025-05-22T17:06:20.766373,KXBTCD-25MAY2221-T111999.99,DELTA,12,68,14,500,215,yes,8,2000
2025-05-22T17:06:21.126949,KXBTCD-25MAY2221-T111999.99,DELTA,12,68,14,500,216,no,6,-5400
2025-05-22T17:06:21.206692,KXBTCD-25MAY2221-T111999.99,DELTA,12,68,14,500,217,no,7,-20000
2025-05-22T17:06:22.467460,KXBTCD-25MAY2221-T111999.99,DELTA,12,68,14,500,218,yes,8,-2000
2025-05-22T17:06:22.467571,KXBTCD-25MAY2221-T111999.99,DELTA,12,68,14,500,219,yes,9,-1250
2025-05-22T17:06:22.467636,KXBTCD-25MAY2221-T111999.99,DELTA,12,68,14,500,220,no,81,-2000
2025-05-22T17:06:22.467729,KXBTCD-25MAY2221-T111999.99,DELTA,12,68,14,500,221,no,84,-1000
2025-05-22T17:06:22.485303,KXBTCD-25MAY2221-T111999.99,DELTA,12,68,14,500,222,no,82,-1250
2025-05-22T17:06:22.566232,KXBTCD-25MAY2221-T111999.99,DELTA,12,68,14,500,223,yes,7,2000
2025-05-22T17:06:22.566363,KXBTCD-25MAY2221-T111999.99,DELTA,12,68,14,500,224,yes,8,1250
2025-05-22T17:06:22.566444,KXBTCD-25MAY2221-T111999.99,DELTA,12,68,14,500,225,no,83,1250
2025-05-22T17:06:22.566513,KXBTCD-25MAY2221-T111999.99,DELTA,12,68,14,500,226,no,85,1000
2025-05-22T17:06:22.606295,KXBTCD-25MAY2221-T111999.99,DELTA,12,68,14,500,227,no,82,2000
2025-05-22T17:06:25.827437,KXBTCD-25MAY2221-T111999.99,DELTA,12,68,14,500,228,yes,7,-2000
2025-05-22T17:06:25.827557,KXBTCD-25MAY2221-T111999.99,DELTA,12,68,14,500,229,yes,8,-1250
2025-05-22T17:06:25.846344,KXBTCD-25MAY2221-T111999.99,DELTA,12,68,14,500,230,no,82,-2000
2025-05-22T17:06:25.846462,KXBTCD-25MAY2221-T111999.99,DELTA,12,68,14,500,231,no,85,-1000
2025-05-22T17:06:25.866188,KXBTCD-25MAY2221-T111999.99,DELTA,12,68,14,500,232,no,83,-1250
2025-05-22T17:06:25.926050,KXBTCD-25MAY2221-T111999.99,DELTA,12,68,14,500,233,no,84,1000
2025-05-22T17:06:25.926166,KXBTCD-25MAY2221-T111999.99,DELTA,12,68,14,500,234,yes,9,1250
2025-05-22T17:06:25.926226,KXBTCD-25MAY2221-T111999.99,DELTA,12,68,14,500,235,no,82,1250
2025-05-22T17:06:25.926276,KXBTCD-25MAY2221-T111999.99,DELTA,12,68,14,500,236,yes,8,2000
2025-05-22T17:06:25.926323,KXBTCD-25MAY2221-T111999.99,DELTA,12,68,14,500,237,no,81,2000
2025-05-22T17:06:26.230154,KXBTCD-25MAY2221-T111999.99,DELTA,12,68,14,500,238,yes,8,-2000
2025-05-22T17:06:26.230345,KXBTCD-25MAY2221-T111999.99,DELTA,12,68,14,500,239,yes,9,-1250
2025-05-22T17:06:26.247049,KXBTCD-25MAY2221-T111999.99,DELTA,12,68,14,500,240,no,81,-2000
2025-05-22T17:06:26.247167,KXBTCD-25MAY2221-T111999.99,DELTA,12,68,14,500,241,no,84,-1000
2025-05-22T17:06:26.265798,KXBTCD-25MAY2221-T111999.99,DELTA,12,68,14,500,242,no,82,-1250
2025-05-22T17:06:26.346613,KXBTCD-25MAY2221-T111999.99,DELTA,12,68,14,500,243,yes,7,2000
2025-05-22T17:06:26.346749,KXBTCD-25MAY2221-T111999.99,DELTA,12,68,14,500,244,no,82,2000
2025-05-22T17:06:26.346817,KXBTCD-25MAY2221-T111999.99,DELTA,12,68,14,500,245,yes,8,1250
2025-05-22T17:06:26.346870,KXBTCD-25MAY2221-T111999.99,DELTA,12,68,14,500,246,no,83,1250
2025-05-22T17:06:26.346921,KXBTCD-25MAY2221-T111999.99,DELTA,12,68,14,500,247,no,85,1000
2025-05-22T17:06:28.547899,KXBTCD-25MAY2221-T111999.99,DELTA,12,68,14,500,248,no,4,8100
2025-05-22T17:06:28.628239,KXBTCD-25MAY2221-T111999.99,DELTA,12,68,14,500,249,no,5,20000
2025-05-22T17:06:29.087880,KXBTCD-25MAY2221-T111999.99,DELTA,12,68,14,500,250,yes,8,-30
2025-05-22T17:06:29.088091,KXBTCD-25MAY2221-T111999.99,DELTA,12,68,14,500,251,yes,7,30
2025-05-22T17:06:29.088360,KXBTCD-25MAY2221-T111999.99,DELTA,12,68,14,500,252,no,81,-30
2025-05-22T17:06:29.088443,KXBTCD-25MAY2221-T111999.99,DELTA,12,68,14,500,253,no,82,30
2025-05-22T17:06:29.166363,KXBTCD-25MAY2221-T111999.99,DELTA,12,68,14,500,254,yes,6,-250
2025-05-22T17:06:29.227823,KXBTCD-25MAY2221-T111999.99,DELTA,12,68,14,500,255,yes,7,-2000
2025-05-22T17:06:29.287405,KXBTCD-25MAY2221-T111999.99,DELTA,12,68,14,500,256,yes,5,2000
2025-05-22T17:06:29.787456,KXBTCD-25MAY2221-T111999.99,DELTA,12,68,14,500,257,no,81,-100
2025-05-22T17:06:29.787697,KXBTCD-25MAY2221-T111999.99,DELTA,11,14,14,500,258,yes,12,-68
2025-05-22T17:06:30.346748,KXBTCD-25MAY2221-T111999.99,DELTA,11,14,14,500,259,yes,5,-2000
2025-05-22T17:06:30.346859,KXBTCD-25MAY2221-T111999.99,DELTA,11,14,14,500,260,yes,8,-1250
2025-05-22T17:06:30.366267,KXBTCD-25MAY2221-T111999.99,DELTA,11,14,14,500,261,no,82,-2000
2025-05-22T17:06:30.366342,KXBTCD-25MAY2221-T111999.99,DELTA,11,14,14,500,262,no,85,-1000
2025-05-22T17:06:30.387075,KXBTCD-25MAY2221-T111999.99,DELTA,11,14,14,500,263,no,83,-1250
2025-05-22T17:06:30.466006,KXBTCD-25MAY2221-T111999.99,DELTA,11,14,14,500,264,no,84,1000
2025-05-22T17:06:30.467304,KXBTCD-25MAY2221-T111999.99,DELTA,11,14,14,500,265,no,81,2000
2025-05-22T17:06:30.467374,KXBTCD-25MAY2221-T111999.99,DELTA,11,14,14,500,266,yes,8,2000
2025-05-22T17:06:30.468025,KXBTCD-25MAY2221-T111999.99,DELTA,11,14,14,500,267,yes,9,1250
2025-05-22T17:06:30.486777,KXBTCD-25MAY2221-T111999.99,DELTA,11,14,14,500,268,no,82,1250
2025-05-22T17:06:30.886362,KXBTCD-25MAY2221-T111999.99,DELTA,11,14,14,500,269,yes,8,-2000
2025-05-22T17:06:30.886464,KXBTCD-25MAY2221-T111999.99,DELTA,11,14,14,500,270,yes,9,-1250
2025-05-22T17:06:30.907527,KXBTCD-25MAY2221-T111999.99,DELTA,11,14,14,500,271,no,81,-2000
2025-05-22T17:06:30.907628,KXBTCD-25MAY2221-T111999.99,DELTA,11,14,14,500,272,no,84,-1000
2025-05-22T17:06:30.926221,KXBTCD-25MAY2221-T111999.99,DELTA,11,14,14,500,273,no,82,-1250
2025-05-22T17:06:30.966256,KXBTCD-25MAY2221-T111999.99,DELTA,11,14,14,500,274,no,82,2000
2025-05-22T17:06:30.966345,KXBTCD-25MAY2221-T111999.99,DELTA,11,14,14,500,275,no,85,1000
2025-05-22T17:06:30.966406,KXBTCD-25MAY2221-T111999.99,DELTA,11,14,14,500,276,no,83,1250
2025-05-22T17:06:30.966458,KXBTCD-25MAY2221-T111999.99,DELTA,11,14,14,500,277,yes,8,1250
2025-05-22T17:06:30.966506,KXBTCD-25MAY2221-T111999.99,DELTA,11,14,14,500,278,yes,5,2000
2025-05-22T17:06:31.167009,KXBTCD-25MAY2221-T111999.99,DELTA,11,14,14,500,279,yes,6,250
2025-05-22T17:06:31.167099,KXBTCD-25MAY2221-T111999.99,DELTA,11,14,14,500,280,no,4,-8100
2025-05-22T17:06:31.167163,KXBTCD-25MAY2221-T111999.99,DELTA,11,14,14,500,281,no,39,830
2025-05-22T17:06:31.227894,KXBTCD-25MAY2221-T111999.99,DELTA,11,14,14,500,282,yes,5,-2000
2025-05-22T17:06:31.246712,KXBTCD-25MAY2221-T111999.99,DELTA,11,14,14,500,283,no,5,-20000
2025-05-22T17:06:31.286518,KXBTCD-25MAY2221-T111999.99,DELTA,11,14,14,500,284,yes,7,2000
2025-05-22T17:06:31.806462,KXBTCD-25MAY2221-T111999.99,DELTA,11,14,14,500,285,yes,7,-2000
2025-05-22T17:06:31.806591,KXBTCD-25MAY2221-T111999.99,DELTA,11,14,14,500,286,yes,8,-1250
2025-05-22T17:06:31.827600,KXBTCD-25MAY2221-T111999.99,DELTA,11,14,14,500,287,no,82,-2000
2025-05-22T17:06:31.827715,KXBTCD-25MAY2221-T111999.99,DELTA,11,14,14,500,288,no,85,-1000
2025-05-22T17:06:31.846443,KXBTCD-25MAY2221-T111999.99,DELTA,11,14,14,500,289,no,83,-1250
2025-05-22T17:06:31.886737,KXBTCD-25MAY2221-T111999.99,DELTA,11,14,14,500,290,no,82,1250
2025-05-22T17:06:31.886863,KXBTCD-25MAY2221-T111999.99,DELTA,11,14,14,500,291,no,84,1000
2025-05-22T17:06:31.886924,KXBTCD-25MAY2221-T111999.99,DELTA,11,14,14,500,292,no,81,2000
2025-05-22T17:06:31.886987,KXBTCD-25MAY2221-T111999.99,DELTA,11,14,14,500,293,yes,8,2000
2025-05-22T17:06:31.907086,KXBTCD-25MAY2221-T111999.99,DELTA,11,14,14,500,294,yes,9,1250
2025-05-22T17:06:32.407248,KXBTCD-25MAY2221-T111999.99,DELTA,11,82,14,500,295,yes,11,68
2025-05-22T17:06:32.407335,KXBTCD-25MAY2221-T111999.99,DELTA,11,82,14,500,296,no,81,100
2025-05-22T17:06:32.506227,KXBTCD-25MAY2221-T111999.99,DELTA,11,82,14,500,297,yes,9,-1000
2025-05-22T17:06:32.585599,KXBTCD-25MAY2221-T111999.99,DELTA,11,1082,14,500,298,yes,11,1000
2025-05-22T17:06:33.067056,KXBTCD-25MAY2221-T111999.99,DELTA,11,1082,14,500,299,yes,8,-2000
2025-05-22T17:06:33.087700,KXBTCD-25MAY2221-T111999.99,DELTA,11,82,14,500,300,yes,11,-1000
2025-05-22T17:06:33.087780,KXBTCD-25MAY2221-T111999.99,DELTA,11,82,14,500,301,yes,9,-1250
2025-05-22T17:06:33.107024,KXBTCD-25MAY2221-T111999.99,DELTA,11,82,14,500,302,no,81,-2000
2025-05-22T17:06:33.107084,KXBTCD-25MAY2221-T111999.99,DELTA,11,82,14,500,303,no,84,-1000
2025-05-22T17:06:33.126787,KXBTCD-25MAY2221-T111999.99,DELTA,11,82,14,500,304,no,82,-1250
2025-05-22T17:06:33.166670,KXBTCD-25MAY2221-T111999.99,DELTA,11,82,14,500,305,no,83,1250
2025-05-22T17:06:33.166761,KXBTCD-25MAY2221-T111999.99,DELTA,11,82,14,500,306,no,85,1000
2025-05-22T17:06:33.166821,KXBTCD-25MAY2221-T111999.99,DELTA,11,82,14,500,307,yes,9,1000
2025-05-22T17:06:33.166875,KXBTCD-25MAY2221-T111999.99,DELTA,11,82,14,500,308,yes,7,2000
2025-05-22T17:06:33.166928,KXBTCD-25MAY2221-T111999.99,DELTA,11,82,14,500,309,no,82,2000
2025-05-22T17:06:33.188625,KXBTCD-25MAY2221-T111999.99,DELTA,11,82,14,500,310,yes,8,1250
2025-05-22T17:06:35.446166,KXBTCD-25MAY2221-T111999.99,DELTA,11,82,14,500,311,no,81,-100
2025-05-22T17:06:36.487075,KXBTCD-25MAY2221-T111999.99,DELTA,11,82,14,500,312,yes,6,-250
2025-05-22T17:06:36.487240,KXBTCD-25MAY2221-T111999.99,DELTA,11,82,14,500,313,yes,7,-2000
2025-05-22T17:06:36.507407,KXBTCD-25MAY2221-T111999.99,DELTA,11,82,14,500,314,yes,8,-1250
2025-05-22T17:06:36.585361,KXBTCD-25MAY2221-T111999.99,DELTA,11,82,14,500,315,no,82,-2000
2025-05-22T17:06:36.607054,KXBTCD-25MAY2221-T111999.99,DELTA,11,82,14,500,316,no,85,-1000
2025-05-22T17:06:36.685337,KXBTCD-25MAY2221-T111999.99,DELTA,11,82,14,500,317,no,83,-1250
2025-05-22T17:06:36.786679,KXBTCD-25MAY2221-T111999.99,DELTA,11,82,14,1500,318,no,86,1000
2025-05-22T17:06:36.807108,KXBTCD-25MAY2221-T111999.99,DELTA,11,82,14,1500,319,no,83,2000
2025-05-22T17:06:36.807190,KXBTCD-25MAY2221-T111999.99,DELTA,11,82,14,1500,320,yes,5,1250
2025-05-22T17:06:36.807247,KXBTCD-25MAY2221-T111999.99,DELTA,11,82,14,1500,321,no,84,1250
2025-05-22T17:06:36.808042,KXBTCD-25MAY2221-T111999.99,DELTA,11,82,14,1500,322,yes,5,2000
2025-05-22T17:06:37.006353,KXBTCD-25MAY2221-T111999.99,DELTA,11,82,14,1500,323,yes,8,-500
2025-05-22T17:06:37.086468,KXBTCD-25MAY2221-T111999.99,DELTA,11,82,14,1000,324,no,86,-500
2025-05-22T17:06:37.306492,KXBTCD-25MAY2221-T111999.99,DELTA,11,82,14,1000,325,yes,9,-1000
2025-05-22T17:06:37.306614,KXBTCD-25MAY2221-T111999.99,DELTA,11,82,16,1500,326,no,86,-1000
2025-05-22T17:06:37.386688,KXBTCD-25MAY2221-T111999.99,DELTA,11,82,16,1500,327,yes,8,1000
2025-05-22T17:06:37.386784,KXBTCD-25MAY2221-T111999.99,DELTA,11,82,15,1000,328,no,85,1000
2025-05-22T17:06:37.386966,KXBTCD-25MAY2221-T111999.99,DELTA,11,82,15,1000,329,no,76,-250
2025-05-22T17:06:37.406151,KXBTCD-25MAY2221-T111999.99,DELTA,11,82,14,250,330,no,86,250
2025-05-22T17:06:37.505941,KXBTCD-25MAY2221-T111999.99,DELTA,11,82,14,250,331,yes,6,9
2025-05-22T17:06:37.586224,KXBTCD-25MAY2221-T111999.99,DELTA,11,82,14,250,332,no,85,-1000
2025-05-22T17:06:37.586438,KXBTCD-25MAY2221-T111999.99,DELTA,11,82,14,250,333,no,82,100
2025-05-22T17:06:37.586523,KXBTCD-25MAY2221-T111999.99,DELTA,11,14,14,250,334,yes,11,-68
2025-05-22T17:06:37.707808,KXBTCD-25MAY2221-T111999.99,DELTA,11,14,14,1250,335,no,86,1000
2025-05-22T17:06:37.806897,KXBTCD-25MAY2221-T111999.99,DELTA,11,14,14,1250,336,yes,7,500
2025-05-22T17:06:37.907455,KXBTCD-25MAY2221-T111999.99,DELTA,11,14,13,500,337,no,87,500
2025-05-22T17:06:38.108486,KXBTCD-25MAY2221-T111999.99,DELTA,11,14,13,500,338,yes,5,-1250
2025-05-22T17:06:38.286471,KXBTCD-25MAY2221-T111999.99,DELTA,11,14,13,500,339,yes,7,1250
2025-05-22T17:06:38.386423,KXBTCD-25MAY2221-T111999.99,DELTA,11,14,13,500,340,yes,6,-9
2025-05-22T17:06:38.690392,KXBTCD-25MAY2221-T111999.99,DELTA,11,14,13,500,341,no,82,-100
2025-05-22T17:06:39.707898,KXBTCD-25MAY2221-T111999.99,DELTA,11,14,13,500,342,yes,5,-2000
2025-05-22T17:06:39.807898,KXBTCD-25MAY2221-T111999.99,DELTA,11,14,13,500,343,yes,7,-1250
2025-05-22T17:06:39.985789,KXBTCD-25MAY2221-T111999.99,DELTA,11,14,13,500,344,no,83,-2000
2025-05-22T17:06:40.086776,KXBTCD-25MAY2221-T111999.99,DELTA,11,14,13,500,345,no,86,-1000
2025-05-22T17:06:40.587923,KXBTCD-25MAY2221-T111999.99,DELTA,11,14,13,500,346,yes,9,68
2025-05-22T17:06:40.588180,KXBTCD-25MAY2221-T111999.99,DELTA,11,14,13,500,347,no,84,-1250
2025-05-22T17:06:40.687079,KXBTCD-25MAY2221-T111999.99,DELTA,11,14,13,500,348,no,83,100
2025-05-22T17:06:40.786818,KXBTCD-25MAY2221-T111999.99,DELTA,11,14,13,500,349,yes,8,-1000
2025-05-22T17:06:40.787004,KXBTCD-25MAY2221-T111999.99,DELTA,11,14,13,500,350,no,84,1250
2025-05-22T17:06:40.787115,KXBTCD-25MAY2221-T111999.99,DELTA,11,14,13,500,351,no,86,1000
2025-05-22T17:06:40.787209,KXBTCD-25MAY2221-T111999.99,DELTA,11,14,13,500,352,yes,5,2000
2025-05-22T17:06:40.787297,KXBTCD-25MAY2221-T111999.99,DELTA,11,14,13,500,353,yes,7,1250
2025-05-22T17:06:41.288284,KXBTCD-25MAY2221-T111999.99,DELTA,11,14,13,500,354,no,83,2000
2025-05-22T17:06:41.488031,KXBTCD-25MAY2221-T111999.99,DELTA,11,14,13,500,355,yes,9,1000
2025-05-22T17:06:42.193518,KXBTCD-25MAY2221-T111999.99,DELTA,11,14,13,500,356,yes,5,-2000
2025-05-22T17:06:42.193793,KXBTCD-25MAY2221-T111999.99,DELTA,11,14,13,500,357,yes,9,-1000
2025-05-22T17:06:42.193946,KXBTCD-25MAY2221-T111999.99,DELTA,11,14,13,500,358,yes,7,-1250
2025-05-22T17:06:42.207626,KXBTCD-25MAY2221-T111999.99,DELTA,11,14,13,500,359,no,83,-2000
2025-05-22T17:06:42.226363,KXBTCD-25MAY2221-T111999.99,DELTA,11,14,13,500,360,no,86,-1000
2025-05-22T17:06:42.226618,KXBTCD-25MAY2221-T111999.99,DELTA,11,14,13,500,361,no,84,-1250
2025-05-22T17:06:42.487960,KXBTCD-25MAY2221-T111999.99,DELTA,11,14,13,500,362,no,85,1000
2025-05-22T17:06:42.488905,KXBTCD-25MAY2221-T111999.99,DELTA,11,14,13,500,363,yes,8,1250
2025-05-22T17:06:42.489387,KXBTCD-25MAY2221-T111999.99,DELTA,11,14,13,500,364,yes,10,1000
2025-05-22T17:06:42.489802,KXBTCD-25MAY2221-T111999.99,DELTA,11,14,13,500,365,no,82,2000
2025-05-22T17:06:42.512835,KXBTCD-25MAY2221-T111999.99,DELTA,11,14,13,500,366,yes,7,2000
2025-05-22T17:06:42.567702,KXBTCD-25MAY2221-T111999.99,DELTA,11,14,13,500,367,no,83,1250
2025-05-22T17:06:42.726113,KXBTCD-25MAY2221-T111999.99,DELTA,11,14,13,500,368,yes,9,-68
2025-05-22T17:06:42.840735,KXBTCD-25MAY2221-T111999.99,DELTA,11,14,13,500,369,yes,10,-1000
2025-05-22T17:06:42.870753,KXBTCD-25MAY2221-T111999.99,DELTA,11,14,13,500,370,yes,8,1000
2025-05-22T17:06:43.168261,KXBTCD-25MAY2221-T111999.99,DELTA,11,14,13,500,371,no,86,-250
2025-05-22T17:06:43.168436,KXBTCD-25MAY2221-T111999.99,DELTA,11,14,13,500,372,no,76,250
2025-05-22T17:06:43.927458,KXBTCD-25MAY2221-T111999.99,DELTA,11,14,13,500,373,yes,7,-2000
2025-05-22T17:06:43.927625,KXBTCD-25MAY2221-T111999.99,DELTA,11,14,13,500,374,no,80,-250
2025-05-22T17:06:43.927723,KXBTCD-25MAY2221-T111999.99,DELTA,11,14,13,500,375,no,82,-250
2025-05-22T17:06:43.927816,KXBTCD-25MAY2221-T111999.99,DELTA,11,14,13,500,376,no,82,-2000
2025-05-22T17:06:43.947758,KXBTCD-25MAY2221-T111999.99,DELTA,11,14,13,500,377,no,85,-1000
2025-05-22T17:06:43.947950,KXBTCD-25MAY2221-T111999.99,DELTA,11,14,13,500,378,no,70,250
2025-05-22T17:06:43.948040,KXBTCD-25MAY2221-T111999.99,DELTA,11,14,13,500,379,no,83,-1250
2025-05-22T17:06:43.948119,KXBTCD-25MAY2221-T111999.99,DELTA,11,14,13,500,380,no,84,-250
2025-05-22T17:06:43.948192,KXBTCD-25MAY2221-T111999.99,DELTA,11,14,13,500,381,no,72,250
2025-05-22T17:06:43.967107,KXBTCD-25MAY2221-T111999.99,DELTA,11,14,13,500,382,no,74,250
2025-05-22T17:06:44.027802,KXBTCD-25MAY2221-T111999.99,DELTA,11,14,13,500,383,no,79,1250
2025-05-22T17:06:44.027989,KXBTCD-25MAY2221-T111999.99,DELTA,11,14,13,500,384,no,79,2000
2025-05-22T17:06:44.046441,KXBTCD-25MAY2221-T111999.99,DELTA,11,14,13,500,385,yes,8,2000
2025-05-22T17:06:44.046591,KXBTCD-25MAY2221-T111999.99,DELTA,11,14,13,500,386,yes,7,-500
2025-05-22T17:06:44.067099,KXBTCD-25MAY2221-T111999.99,DELTA,11,14,17,100,387,no,87,-500
2025-05-22T17:06:44.168073,KXBTCD-25MAY2221-T111999.99,DELTA,11,14,17,100,388,yes,9,500
2025-05-22T17:06:44.168262,KXBTCD-25MAY2221-T111999.99,DELTA,11,14,16,1000,389,no,84,1000
2025-05-22T17:06:44.168358,KXBTCD-25MAY2221-T111999.99,DELTA,11,14,16,1000,390,no,72,-250
2025-05-22T17:06:44.168505,KXBTCD-25MAY2221-T111999.99,DELTA,11,14,14,100,391,no,86,100
2025-05-22T17:06:44.206842,KXBTCD-25MAY2221-T111999.99,DELTA,11,14,14,100,392,no,70,-250
2025-05-22T17:06:44.206999,KXBTCD-25MAY2221-T111999.99,DELTA,11,14,14,100,393,no,80,250
2025-05-22T17:06:44.207095,KXBTCD-25MAY2221-T111999.99,DELTA,11,14,14,100,394,no,82,250
2025-05-22T17:06:44.225997,KXBTCD-25MAY2221-T111999.99,DELTA,11,14,14,100,395,no,84,250
2025-05-22T17:06:44.226141,KXBTCD-25MAY2221-T111999.99,DELTA,11,14,14,100,396,no,74,-250
2025-05-22T17:06:44.226369,KXBTCD-25MAY2221-T111999.99,DELTA,11,14,14,100,397,yes,6,250
2025-05-22T17:06:44.286707,KXBTCD-25MAY2221-T111999.99,DELTA,11,14,14,100,398,no,79,-2000
2025-05-22T17:06:44.287036,KXBTCD-25MAY2221-T111999.99,DELTA,11,14,14,100,399,no,79,-1250
2025-05-22T17:06:44.306004,KXBTCD-25MAY2221-T111999.99,DELTA,11,14,14,100,400,yes,10,68
2025-05-22T17:06:44.346476,KXBTCD-25MAY2221-T111999.99,DELTA,11,14,14,100,401,no,82,1250
2025-05-22T17:06:44.365919,KXBTCD-25MAY2221-T111999.99,DELTA,11,14,14,100,402,no,81,2000
2025-05-22T17:06:44.586008,KXBTCD-25MAY2221-T111999.99,DELTA,11,14,14,100,403,yes,8,-2000
2025-05-22T17:06:44.586158,KXBTCD-25MAY2221-T111999.99,DELTA,11,14,14,100,404,yes,8,-1250
2025-05-22T17:06:44.666787,KXBTCD-25MAY2221-T111999.99,DELTA,11,14,14,100,405,yes,9,1250
2025-05-22T17:06:44.666948,KXBTCD-25MAY2221-T111999.99,DELTA,11,14,14,100,406,yes,7,2000
2025-05-22T17:06:44.685715,KXBTCD-25MAY2221-T111999.99,DELTA,11,14,14,100,407,yes,8,-1000
2025-05-22T17:06:44.725564,KXBTCD-25MAY2221-T111999.99,DELTA,11,1014,14,100,408,yes,11,1000
2025-05-22T17:06:44.927238,KXBTCD-25MAY2221-T111999.99,DELTA,11,1014,16,1250,409,no,86,-100
2025-05-22T17:06:44.967391,KXBTCD-25MAY2221-T111999.99,DELTA,11,1014,15,500,410,no,85,500
2025-05-22T17:06:45.726436,KXBTCD-25MAY2221-T111999.99,DELTA,11,1014,15,500,411,yes,10,-68
2025-05-22T17:06:45.726724,KXBTCD-25MAY2221-T111999.99,DELTA,11,1014,15,500,412,no,83,-100
2025-05-22T17:06:45.786739,KXBTCD-25MAY2221-T111999.99,DELTA,11,14,15,500,413,yes,11,-1000
2025-05-22T17:06:46.032709,KXBTCD-25MAY2221-T111999.99,DELTA,11,14,15,500,414,no,39,-830
2025-05-22T17:06:46.032900,KXBTCD-25MAY2221-T111999.99,DELTA,11,14,15,500,415,no,40,810
2025-05-22T17:06:46.546699,KXBTCD-25MAY2221-T111999.99,DELTA,11,14,15,500,416,yes,10,1000
2025-05-22T17:06:47.946595,KXBTCD-25MAY2221-T111999.99,DELTA,11,82,15,500,417,yes,11,68
2025-05-22T17:06:47.968366,KXBTCD-25MAY2221-T111999.99,DELTA,11,82,15,500,418,no,81,100
2025-05-22T17:06:48.026710,KXBTCD-25MAY2221-T111999.99,DELTA,11,82,15,500,419,yes,10,-1000
2025-05-22T17:06:48.826780,KXBTCD-25MAY2221-T111999.99,DELTA,11,1082,15,500,420,yes,11,1000
2025-05-22T17:06:50.886952,KXBTCD-25MAY2221-T111999.99,DELTA,11,82,15,500,421,yes,11,-1000
2025-05-22T17:06:50.887174,KXBTCD-25MAY2221-T111999.99,DELTA,11,82,15,500,422,yes,9,-1250
2025-05-22T17:06:50.907761,KXBTCD-25MAY2221-T111999.99,DELTA,11,82,15,500,423,no,81,-2000
2025-05-22T17:06:50.907968,KXBTCD-25MAY2221-T111999.99,DELTA,11,82,15,500,424,no,84,-1000
2025-05-22T17:06:50.925787,KXBTCD-25MAY2221-T111999.99,DELTA,11,82,15,500,425,no,82,-1250
2025-05-22T17:06:50.987263,KXBTCD-25MAY2221-T111999.99,DELTA,11,82,15,500,426,no,82,2000
2025-05-22T17:06:50.987361,KXBTCD-25MAY2221-T111999.99,DELTA,11,82,15,500,427,no,83,1250
2025-05-22T17:06:50.987424,KXBTCD-25MAY2221-T111999.99,DELTA,11,82,15,500,428,yes,10,1000
2025-05-22T17:06:50.987476,KXBTCD-25MAY2221-T111999.99,DELTA,11,82,15,500,429,yes,7,1250
2025-05-22T17:06:51.006758,KXBTCD-25MAY2221-T111999.99,DELTA,11,82,15,1500,430,no,85,1000
2025-05-22T17:06:53.758587,KXBTCD-25MAY2221-T111999.99,DELTA,11,82,15,1500,431,yes,10,-1000
2025-05-22T17:06:53.771165,KXBTCD-25MAY2221-T111999.99,DELTA,11,82,15,1500,432,yes,7,-1250
2025-05-22T17:06:53.771273,KXBTCD-25MAY2221-T111999.99,DELTA,11,82,15,1500,433,no,82,-2000
2025-05-22T17:06:53.771336,KXBTCD-25MAY2221-T111999.99,DELTA,11,82,15,500,434,no,85,-1000
2025-05-22T17:06:53.786048,KXBTCD-25MAY2221-T111999.99,DELTA,11,82,15,500,435,no,83,-1250
2025-05-22T17:06:53.869644,KXBTCD-25MAY2221-T111999.99,DELTA,11,82,15,500,436,no,84,1000
2025-05-22T17:06:53.869760,KXBTCD-25MAY2221-T111999.99,DELTA,11,1082,15,500,437,yes,11,1000
2025-05-22T17:06:53.869824,KXBTCD-25MAY2221-T111999.99,DELTA,11,1082,15,500,438,yes,9,1250
2025-05-22T17:06:53.869881,KXBTCD-25MAY2221-T111999.99,DELTA,11,1082,15,500,439,no,82,1250
2025-05-22T17:06:53.886294,KXBTCD-25MAY2221-T111999.99,DELTA,11,1082,15,500,440,no,81,2000
2025-05-22T17:06:55.165671,KXBTCD-25MAY2221-T111999.99,DELTA,11,82,15,500,441,yes,11,-1000
2025-05-22T17:06:55.168320,KXBTCD-25MAY2221-T111999.99,DELTA,11,82,15,500,442,yes,9,-1250
2025-05-22T17:06:55.168416,KXBTCD-25MAY2221-T111999.99,DELTA,11,82,15,500,443,no,81,-2000
2025-05-22T17:06:55.186906,KXBTCD-25MAY2221-T111999.99,DELTA,11,82,15,500,444,no,84,-1000
2025-05-22T17:06:55.187542,KXBTCD-25MAY2221-T111999.99,DELTA,11,82,15,500,445,no,82,-1250
2025-05-22T17:06:55.226527,KXBTCD-25MAY2221-T111999.99,DELTA,11,82,15,500,446,yes,9,-500
2025-05-22T17:06:55.266024,KXBTCD-25MAY2221-T111999.99,DELTA,11,82,15,1500,447,no,85,1000
2025-05-22T17:06:55.266224,KXBTCD-25MAY2221-T111999.99,DELTA,11,82,15,1500,448,yes,8,500
2025-05-22T17:06:55.266295,KXBTCD-25MAY2221-T111999.99,DELTA,11,82,15,1500,449,no,82,2000
2025-05-22T17:06:55.266351,KXBTCD-25MAY2221-T111999.99,DELTA,11,82,15,1500,450,yes,10,1000
2025-05-22T17:06:55.327541,KXBTCD-25MAY2221-T111999.99,DELTA,11,82,15,1500,451,yes,10,-1000
2025-05-22T17:06:55.327662,KXBTCD-25MAY2221-T111999.99,DELTA,11,82,15,1500,452,yes,7,1250
2025-05-22T17:06:55.346426,KXBTCD-25MAY2221-T111999.99,DELTA,11,82,15,1500,453,no,83,1250
2025-05-22T17:06:55.406936,KXBTCD-25MAY2221-T111999.99,DELTA,11,82,15,1500,454,yes,7,-1250
2025-05-22T17:06:55.486735,KXBTCD-25MAY2221-T111999.99,DELTA,11,82,15,1500,455,yes,9,1000
2025-05-22T17:06:55.486914,KXBTCD-25MAY2221-T111999.99,DELTA,11,82,15,1500,456,yes,8,1250
2025-05-22T17:06:55.987154,KXBTCD-25MAY2221-T111999.99,DELTA,11,82,15,1500,457,yes,7,-2000
2025-05-22T17:06:56.006664,KXBTCD-25MAY2221-T111999.99,DELTA,11,82,15,1500,458,yes,9,-1000
2025-05-22T17:06:56.007000,KXBTCD-25MAY2221-T111999.99,DELTA,11,82,15,1500,459,yes,8,-1250
2025-05-22T17:06:56.026425,KXBTCD-25MAY2221-T111999.99,DELTA,11,82,15,1500,460,no,82,-2000
2025-05-22T17:06:56.026534,KXBTCD-25MAY2221-T111999.99,DELTA,11,82,15,500,461,no,85,-1000
2025-05-22T17:06:56.046908,KXBTCD-25MAY2221-T111999.99,DELTA,11,82,15,500,462,no,83,-1250
2025-05-22T17:06:56.086837,KXBTCD-25MAY2221-T111999.99,DELTA,11,82,15,500,463,yes,8,2000
2025-05-22T17:06:56.087216,KXBTCD-25MAY2221-T111999.99,DELTA,11,82,15,500,464,no,84,1000
2025-05-22T17:06:56.125463,KXBTCD-25MAY2221-T111999.99,DELTA,11,82,15,500,465,no,81,2000
2025-05-22T17:06:56.125565,KXBTCD-25MAY2221-T111999.99,DELTA,11,82,15,500,466,no,82,1250
2025-05-22T17:06:56.146238,KXBTCD-25MAY2221-T111999.99,DELTA,11,1082,15,500,467,yes,11,1000
2025-05-22T17:06:56.527260,KXBTCD-25MAY2221-T111999.99,DELTA,11,1082,15,500,468,yes,9,1250
2025-05-22T17:06:56.966490,KXBTCD-25MAY2221-T111999.99,DELTA,11,1082,15,500,469,yes,8,-500
2025-05-22T17:06:57.006135,KXBTCD-25MAY2221-T111999.99,DELTA,11,1082,15,500,470,yes,10,50
2025-05-22T17:06:57.046224,KXBTCD-25MAY2221-T111999.99,DELTA,11,1082,15,500,471,yes,8,-2000
2025-05-22T17:06:57.046349,KXBTCD-25MAY2221-T111999.99,DELTA,11,1082,15,500,472,yes,9,-1250
2025-05-22T17:06:57.067987,KXBTCD-25MAY2221-T111999.99,DELTA,11,1082,15,500,473,yes,10,-50
2025-05-22T17:06:57.088499,KXBTCD-25MAY2221-T111999.99,DELTA,11,1082,15,500,474,yes,7,2000
2025-05-22T17:06:57.106729,KXBTCD-25MAY2221-T111999.99,DELTA,11,1082,15,500,475,yes,10,150
2025-05-22T17:06:57.107029,KXBTCD-25MAY2221-T111999.99,DELTA,11,1082,15,500,476,yes,7,1250
2025-05-22T17:06:59.346184,KXBTCD-25MAY2221-T111999.99,DELTA,11,1082,15,500,477,yes,10,-150
2025-05-22T17:06:59.368338,KXBTCD-25MAY2221-T111999.99,DELTA,11,1082,15,500,478,yes,9,500
2025-05-22T17:06:59.606844,KXBTCD-25MAY2221-T111999.99,DELTA,11,1082,15,500,479,yes,7,-1250
2025-05-22T17:06:59.745943,KXBTCD-25MAY2221-T111999.99,DELTA,11,1082,15,500,480,yes,9,1250
2025-05-22T17:06:59.826290,KXBTCD-25MAY2221-T111999.99,DELTA,11,1014,15,500,481,yes,11,-68
2025-05-22T17:06:59.887241,KXBTCD-25MAY2221-T111999.99,DELTA,11,14,15,500,482,yes,11,-1000
2025-05-22T17:07:00.006923,KXBTCD-25MAY2221-T111999.99,DELTA,11,14,15,500,483,yes,10,1000
2025-05-22T17:07:01.786873,KXBTCD-25MAY2221-T111999.99,DELTA,11,82,15,500,484,yes,11,68
2025-05-22T17:07:02.106190,KXBTCD-25MAY2221-T111999.99,DELTA,11,82,15,500,485,yes,10,-1000
2025-05-22T17:07:02.147631,KXBTCD-25MAY2221-T111999.99,DELTA,11,1082,15,500,486,yes,11,1000
2025-05-22T17:07:08.566585,KXBTCD-25MAY2221-T111999.99,DELTA,11,1082,15,500,487,no,81,-100
2025-05-22T17:07:09.546346,KXBTCD-25MAY2221-T111999.99,DELTA,11,1082,15,500,488,yes,9,-500
2025-05-22T17:07:09.586584,KXBTCD-25MAY2221-T111999.99,DELTA,11,1082,15,500,489,yes,8,500
2025-05-22T17:07:09.726375,KXBTCD-25MAY2221-T111999.99,DELTA,11,82,15,500,490,yes,11,-1000
2025-05-22T17:07:09.726647,KXBTCD-25MAY2221-T111999.99,DELTA,11,82,15,500,491,no,81,-2000
2025-05-22T17:07:09.746869,KXBTCD-25MAY2221-T111999.99,DELTA,11,82,15,500,492,no,84,-1000
2025-05-22T17:07:09.747178,KXBTCD-25MAY2221-T111999.99,DELTA,11,82,15,500,493,no,82,-1250
2025-05-22T17:07:09.786626,KXBTCD-25MAY2221-T111999.99,DELTA,11,82,15,500,494,yes,9,-1250
2025-05-22T17:07:09.926711,KXBTCD-25MAY2221-T111999.99,DELTA,11,82,15,500,495,yes,9,1000
2025-05-22T17:07:09.947295,KXBTCD-25MAY2221-T111999.99,DELTA,11,82,15,1500,496,no,85,1000
2025-05-22T17:07:10.247002,KXBTCD-25MAY2221-T111999.99,DELTA,11,82,15,1500,497,yes,8,1250
2025-05-22T17:07:10.368556,KXBTCD-25MAY2221-T111999.99,DELTA,11,82,15,1500,498,no,82,2000
2025-05-22T17:07:11.243833,KXBTCD-25MAY2221-T111999.99,DELTA,11,82,15,1500,499,no,81,100
2025-05-22T17:07:11.547990,KXBTCD-25MAY2221-T111999.99,DELTA,11,82,15,1500,500,no,83,1250
2025-05-22T17:07:12.147477,KXBTCD-25MAY2221-T111999.99,DELTA,11,82,15,1500,501,no,74,250
2025-05-22T17:07:12.147818,KXBTCD-25MAY2221-T111999.99,DELTA,11,82,15,1500,502,no,84,-250
2025-05-22T17:07:12.207970,KXBTCD-25MAY2221-T111999.99,DELTA,11,82,15,1500,503,yes,8,-500
2025-05-22T17:07:12.226685,KXBTCD-25MAY2221-T111999.99,DELTA,11,82,15,1500,504,yes,8,250
2025-05-22T17:07:12.348079,KXBTCD-25MAY2221-T111999.99,DELTA,11,82,15,1500,505,yes,10,150
2025-05-22T17:07:12.349173,KXBTCD-25MAY2221-T111999.99,DELTA,11,82,15,1500,506,yes,7,-2000
2025-05-22T17:07:12.366296,KXBTCD-25MAY2221-T111999.99,DELTA,11,82,15,1500,507,yes,9,-1000
2025-05-22T17:07:12.366577,KXBTCD-25MAY2221-T111999.99,DELTA,11,82,15,1500,508,yes,8,-1250
2025-05-22T17:07:12.386730,KXBTCD-25MAY2221-T111999.99,DELTA,11,82,15,1500,509,no,82,-2000
2025-05-22T17:07:12.386945,KXBTCD-25MAY2221-T111999.99,DELTA,11,82,15,1500,510,yes,10,-150
2025-05-22T17:07:12.387264,KXBTCD-25MAY2221-T111999.99,DELTA,11,82,15,500,511,no,85,-1000
2025-05-22T17:07:12.406091,KXBTCD-25MAY2221-T111999.99,DELTA,11,82,15,500,512,no,83,-1250
2025-05-22T17:07:12.517293,KXBTCD-25MAY2221-T111999.99,DELTA,11,82,15,500,513,yes,10,400
2025-05-22T17:07:12.527147,KXBTCD-25MAY2221-T111999.99,DELTA,11,82,15,500,514,yes,7,-30
2025-05-22T17:07:12.527972,KXBTCD-25MAY2221-T111999.99,DELTA,11,82,15,500,515,no,82,-30
2025-05-22T17:07:12.546620,KXBTCD-25MAY2221-T111999.99,DELTA,11,82,15,500,516,yes,9,30
2025-05-22T17:07:12.566433,KXBTCD-25MAY2221-T111999.99,DELTA,11,82,15,500,517,no,80,30
2025-05-22T17:07:12.667458,KXBTCD-25MAY2221-T111999.99,DELTA,11,82,18,250,518,no,85,-500
2025-05-22T17:07:12.668284,KXBTCD-25MAY2221-T111999.99,DELTA,13,14,18,250,519,yes,13,14
2025-05-22T17:07:12.688020,KXBTCD-25MAY2221-T111999.99,DELTA,13,14,18,250,520,yes,11,-14
2025-05-22T17:07:12.689481,KXBTCD-25MAY2221-T111999.99,DELTA,13,14,18,250,521,no,77,14
2025-05-22T17:07:12.690025,KXBTCD-25MAY2221-T111999.99,DELTA,13,14,18,250,522,no,79,-14
2025-05-22T17:07:12.727009,KXBTCD-25MAY2221-T111999.99,DELTA,13,14,19,100,523,no,82,-250
2025-05-22T17:07:12.727624,KXBTCD-25MAY2221-T111999.99,DELTA,13,14,19,100,524,no,72,250
2025-05-22T17:07:12.826994,KXBTCD-25MAY2221-T111999.99,DELTA,13,14,16,300,525,no,84,300
2025-05-22T17:07:12.827246,KXBTCD-25MAY2221-T111999.99,DELTA,13,14,16,300,526,yes,9,2000
2025-05-22T17:07:12.867459,KXBTCD-25MAY2221-T111999.99,DELTA,13,14,16,300,527,no,81,1250
2025-05-22T17:07:12.887215,KXBTCD-25MAY2221-T111999.99,DELTA,13,14,16,300,528,no,82,250
2025-05-22T17:07:12.906871,KXBTCD-25MAY2221-T111999.99,DELTA,13,14,16,300,529,no,72,-250
2025-05-22T17:07:12.944222,KXBTCD-25MAY2221-T111999.99,DELTA,13,14,16,300,530,yes,12,1000
2025-05-22T17:07:13.169646,KXBTCD-25MAY2221-T111999.99,DELTA,13,14,16,300,531,no,82,-250
2025-05-22T17:07:13.169881,KXBTCD-25MAY2221-T111999.99,DELTA,13,14,16,300,532,no,72,250
2025-05-22T17:07:13.170222,KXBTCD-25MAY2221-T111999.99,DELTA,13,14,16,300,533,yes,11,-68
2025-05-22T17:07:13.673340,KXBTCD-25MAY2221-T111999.99,DELTA,13,14,19,1350,534,no,84,-300
2025-05-22T17:07:13.706489,KXBTCD-25MAY2221-T111999.99,DELTA,13,14,17,450,535,no,83,450
2025-05-22T17:07:13.806677,KXBTCD-25MAY2221-T111999.99,DELTA,13,14,17,450,536,no,80,2000
2025-05-22T17:07:13.826378,KXBTCD-25MAY2221-T111999.99,DELTA,13,14,17,1450,537,no,83,1000
2025-05-22T17:07:13.885144,KXBTCD-25MAY2221-T111999.99,DELTA,13,14,17,1450,538,yes,10,-400
2025-05-22T17:07:13.907602,KXBTCD-25MAY2221-T111999.99,DELTA,13,14,17,1450,539,yes,12,50
2025-05-22T17:07:13.926940,KXBTCD-25MAY2221-T111999.99,DELTA,13,14,17,1450,540,yes,12,-50
2025-05-22T17:07:13.945235,KXBTCD-25MAY2221-T111999.99,DELTA,13,14,17,1450,541,yes,11,500
2025-05-22T17:07:14.087807,KXBTCD-25MAY2221-T111999.99,DELTA,13,14,17,1450,542,yes,12,-1000
2025-05-22T17:07:14.127165,KXBTCD-25MAY2221-T111999.99,DELTA,13,14,17,1450,543,no,81,-1250
2025-05-22T17:07:14.145737,KXBTCD-25MAY2221-T111999.99,DELTA,13,14,17,1450,544,yes,10,250
2025-05-22T17:07:14.326586,KXBTCD-25MAY2221-T111999.99,DELTA,13,14,17,1450,545,yes,10,1250
2025-05-22T17:07:14.487227,KXBTCD-25MAY2221-T111999.99,DELTA,13,14,17,1450,546,yes,12,1000
2025-05-22T17:07:15.292309,KXBTCD-25MAY2221-T111999.99,DELTA,13,14,17,1450,547,yes,12,68
2025-05-22T17:07:15.625873,KXBTCD-25MAY2221-T111999.99,DELTA,13,14,17,1450,548,no,80,1250
2025-05-22T17:07:15.886103,KXBTCD-25MAY2221-T111999.99,DELTA,13,14,17,1450,549,yes,10,30
2025-05-22T17:07:15.886602,KXBTCD-25MAY2221-T111999.99,DELTA,13,14,17,1450,550,yes,9,-30
2025-05-22T17:07:15.886981,KXBTCD-25MAY2221-T111999.99,DELTA,13,14,17,1450,551,no,79,30
2025-05-22T17:07:15.887324,KXBTCD-25MAY2221-T111999.99,DELTA,13,14,17,1450,552,no,80,-30
2025-05-22T17:07:16.147942,KXBTCD-25MAY2221-T111999.99,DELTA,13,14,17,1450,553,no,81,-100
2025-05-22T17:07:16.148679,KXBTCD-25MAY2221-T111999.99,DELTA,13,14,17,1450,554,yes,12,-68
2025-05-22T17:07:17.267769,KXBTCD-25MAY2221-T111999.99,DELTA,13,14,17,1450,555,yes,9,-2000
2025-05-22T17:07:17.268871,KXBTCD-25MAY2221-T111999.99,DELTA,13,14,17,1450,556,yes,10,-1250
2025-05-22T17:07:17.287121,KXBTCD-25MAY2221-T111999.99,DELTA,13,14,17,1450,557,no,80,-2000
2025-05-22T17:07:17.287866,KXBTCD-25MAY2221-T111999.99,DELTA,13,14,17,450,558,no,83,-1000
2025-05-22T17:07:17.407043,KXBTCD-25MAY2221-T111999.99,DELTA,13,14,17,450,559,yes,10,2000
2025-05-22T17:07:17.408025,KXBTCD-25MAY2221-T111999.99,DELTA,13,14,17,450,560,yes,11,1250
2025-05-22T17:07:17.527568,KXBTCD-25MAY2221-T111999.99,DELTA,13,14,17,450,561,no,79,2000
2025-05-22T17:07:17.926996,KXBTCD-25MAY2221-T111999.99,DELTA,13,14,17,450,562,no,81,1000
2025-05-22T17:07:17.985611,KXBTCD-25MAY2221-T111999.99,DELTA,13,14,17,450,563,no,80,-1250
2025-05-22T17:07:18.027170,KXBTCD-25MAY2221-T111999.99,DELTA,13,14,17,450,564,no,79,1250
2025-05-22T17:07:18.327161,KXBTCD-25MAY2221-T111999.99,DELTA,13,82,17,450,565,yes,13,68
2025-05-22T17:07:18.347325,KXBTCD-25MAY2221-T111999.99,DELTA,13,82,17,450,566,no,79,100
2025-05-22T17:07:18.406854,KXBTCD-25MAY2221-T111999.99,DELTA,13,82,17,450,567,yes,12,-1000
2025-05-22T17:07:18.447115,KXBTCD-25MAY2221-T111999.99,DELTA,13,1082,17,450,568,yes,13,1000
2025-05-22T17:07:18.646151,KXBTCD-25MAY2221-T111999.99,DELTA,13,1014,17,450,569,yes,13,-68
2025-05-22T17:07:18.746195,KXBTCD-25MAY2221-T111999.99,DELTA,13,14,17,450,570,yes,13,-1000
2025-05-22T17:07:18.786785,KXBTCD-25MAY2221-T111999.99,DELTA,13,14,17,450,571,yes,12,1000
2025-05-22T17:07:20.087581,KXBTCD-25MAY2221-T111999.99,DELTA,13,14,17,450,572,no,40,-810
2025-05-22T17:07:20.088217,KXBTCD-25MAY2221-T111999.99,DELTA,13,14,17,450,573,no,39,830
2025-05-22T17:07:20.307086,KXBTCD-25MAY2221-T111999.99,DELTA,14,68,17,450,574,yes,14,68
2025-05-22T17:07:20.367132,KXBTCD-25MAY2221-T111999.99,DELTA,15,14,17,450,575,yes,15,14
2025-05-22T17:07:20.386253,KXBTCD-25MAY2221-T111999.99,DELTA,15,14,17,450,576,no,75,14
2025-05-22T17:07:20.386373,KXBTCD-25MAY2221-T111999.99,DELTA,15,14,17,450,577,yes,13,-14
2025-05-22T17:07:20.386460,KXBTCD-25MAY2221-T111999.99,DELTA,15,14,17,450,578,no,77,-14
2025-05-22T17:07:20.567046,KXBTCD-25MAY2221-T111999.99,DELTA,15,14,17,450,579,yes,10,-2000
2025-05-22T17:07:20.567419,KXBTCD-25MAY2221-T111999.99,DELTA,15,14,17,450,580,yes,1,3000
2025-05-22T17:07:20.567964,KXBTCD-25MAY2221-T111999.99,DELTA,15,14,17,450,581,yes,12,-1000
2025-05-22T17:07:20.586389,KXBTCD-25MAY2221-T111999.99,DELTA,15,14,17,450,582,yes,11,-1250
2025-05-22T17:07:20.586889,KXBTCD-25MAY2221-T111999.99,DELTA,15,14,17,450,583,no,79,-2000
2025-05-22T17:07:20.626377,KXBTCD-25MAY2221-T111999.99,DELTA,15,14,19,1000,584,no,83,-450
2025-05-22T17:07:20.672177,KXBTCD-25MAY2221-T111999.99,DELTA,15,14,19,1000,585,yes,12,1250
2025-05-22T17:07:20.892642,KXBTCD-25MAY2221-T111999.99,DELTA,15,14,19,1000,586,yes,14,1000
2025-05-22T17:07:20.893304,KXBTCD-25MAY2221-T111999.99,DELTA,15,14,19,1000,587,no,78,2000
2025-05-22T17:07:20.894825,KXBTCD-25MAY2221-T111999.99,DELTA,15,14,18,450,588,no,82,450
2025-05-22T17:07:20.895381,KXBTCD-25MAY2221-T111999.99,DELTA,15,14,18,450,589,yes,11,2000
2025-05-22T17:07:22.466854,KXBTCD-25MAY2221-T111999.99,DELTA,15,14,18,450,590,no,39,-830
2025-05-22T17:07:22.468019,KXBTCD-25MAY2221-T111999.99,DELTA,15,14,18,450,591,no,4,8100
2025-05-22T17:07:22.547087,KXBTCD-25MAY2221-T111999.99,DELTA,15,14,18,450,592,no,5,20000
2025-05-22T17:07:23.507524,KXBTCD-25MAY2221-T111999.99,DELTA,15,14,18,450,593,no,4,-8100
2025-05-22T17:07:23.508234,KXBTCD-25MAY2221-T111999.99,DELTA,15,14,18,450,594,no,6,5400
2025-05-22T17:07:23.568159,KXBTCD-25MAY2221-T111999.99,DELTA,15,14,18,450,595,no,5,-20000
2025-05-22T17:07:23.606552,KXBTCD-25MAY2221-T111999.99,DELTA,15,14,18,450,596,no,7,20000
2025-05-22T17:07:24.547526,KXBTCD-25MAY2221-T111999.99,DELTA,15,14,18,450,597,no,79,-100
2025-05-22T17:07:24.607580,KXBTCD-25MAY2221-T111999.99,DELTA,15,14,18,450,598,no,6,-5400
2025-05-22T17:07:24.608306,KXBTCD-25MAY2221-T111999.99,DELTA,15,14,18,450,599,no,8,4050
2025-05-22T17:07:24.686711,KXBTCD-25MAY2221-T111999.99,DELTA,15,14,18,450,600,no,7,-20000
2025-05-22T17:07:24.727058,KXBTCD-25MAY2221-T111999.99,DELTA,15,14,18,450,601,no,9,20000
2025-05-22T17:07:25.606877,KXBTCD-25MAY2221-T111999.99,DELTA,15,14,18,450,602,yes,11,-2000
2025-05-22T17:07:25.607317,KXBTCD-25MAY2221-T111999.99,DELTA,15,14,18,450,603,yes,14,-1000
2025-05-22T17:07:25.626808,KXBTCD-25MAY2221-T111999.99,DELTA,15,14,18,450,604,yes,12,-1250
2025-05-22T17:07:25.627859,KXBTCD-25MAY2221-T111999.99,DELTA,15,14,18,450,605,yes,1,-3000
2025-05-22T17:07:25.647658,KXBTCD-25MAY2221-T111999.99,DELTA,15,14,18,450,606,no,78,-2000
2025-05-22T17:07:25.648359,KXBTCD-25MAY2221-T111999.99,DELTA,15,14,18,450,607,no,81,-1000
2025-05-22T17:07:25.666769,KXBTCD-25MAY2221-T111999.99,DELTA,15,14,18,450,608,no,8,-4050
2025-05-22T17:07:25.667221,KXBTCD-25MAY2221-T111999.99,DELTA,15,14,18,450,609,no,10,3240
2025-05-22T17:07:25.707489,KXBTCD-25MAY2221-T111999.99,DELTA,15,14,18,450,610,yes,12,1000
2025-05-22T17:07:25.708190,KXBTCD-25MAY2221-T111999.99,DELTA,15,14,18,450,611,yes,10,2000
2025-05-22T17:07:25.708489,KXBTCD-25MAY2221-T111999.99,DELTA,15,14,18,1450,612,no,82,1000
2025-05-22T17:07:25.708735,KXBTCD-25MAY2221-T111999.99,DELTA,15,14,18,1450,613,no,79,2000
2025-05-22T17:07:25.709002,KXBTCD-25MAY2221-T111999.99,DELTA,15,14,18,1450,614,yes,11,1250
2025-05-22T17:07:25.746923,KXBTCD-25MAY2221-T111999.99,DELTA,15,14,18,1450,615,no,9,-20000
2025-05-22T17:07:25.787356,KXBTCD-25MAY2221-T111999.99,DELTA,15,14,18,1450,616,no,11,20000
2025-05-22T17:07:26.146719,KXBTCD-25MAY2221-T111999.99,DELTA,15,14,18,1450,617,no,78,100
2025-05-22T17:07:26.649240,KXBTCD-25MAY2221-T111999.99,DELTA,15,14,18,1450,618,no,79,-1250
2025-05-22T17:07:26.687484,KXBTCD-25MAY2221-T111999.99,DELTA,15,14,18,1450,619,no,80,1250
2025-05-22T17:07:26.828819,KXBTCD-25MAY2221-T111999.99,DELTA,15,14,18,1450,620,no,10,-3240
2025-05-22T17:07:26.829909,KXBTCD-25MAY2221-T111999.99,DELTA,15,14,18,1450,621,no,12,2700
2025-05-22T17:07:26.886883,KXBTCD-25MAY2221-T111999.99,DELTA,15,14,18,1450,622,no,11,-20000
2025-05-22T17:07:28.367058,KXBTCD-25MAY2221-T111999.99,DELTA,15,14,18,1000,623,no,82,-450
2025-05-22T17:07:28.407352,KXBTCD-25MAY2221-T111999.99,DELTA,15,14,16,50,624,no,84,50
2025-05-22T17:07:28.426196,KXBTCD-25MAY2221-T111999.99,DELTA,15,14,16,50,625,no,82,-1000
2025-05-22T17:07:28.466676,KXBTCD-25MAY2221-T111999.99,DELTA,15,14,20,1500,626,no,84,-50
2025-05-22T17:07:28.467044,KXBTCD-25MAY2221-T111999.99,DELTA,15,14,19,1000,627,no,81,1000
2025-05-22T17:07:28.507822,KXBTCD-25MAY2221-T111999.99,DELTA,15,14,16,200,628,no,84,200
2025-05-22T17:07:30.547435,KXBTCD-25MAY2221-T111999.99,DELTA,15,14,16,200,629,no,78,-100
2025-05-22T17:07:31.107366,KXBTCD-25MAY2221-T111999.99,DELTA,15,14,16,200,630,yes,10,-2000
2025-05-22T17:07:31.126651,KXBTCD-25MAY2221-T111999.99,DELTA,15,14,16,200,631,yes,11,-1250
2025-05-22T17:07:31.127372,KXBTCD-25MAY2221-T111999.99,DELTA,15,14,16,200,632,no,79,-2000
2025-05-22T17:07:31.148284,KXBTCD-25MAY2221-T111999.99,DELTA,15,14,16,200,633,yes,13,14
2025-05-22T17:07:31.148769,KXBTCD-25MAY2221-T111999.99,DELTA,14,68,16,200,634,yes,15,-14
2025-05-22T17:07:31.168770,KXBTCD-25MAY2221-T111999.99,DELTA,14,68,16,200,635,no,75,-14
2025-05-22T17:07:31.169729,KXBTCD-25MAY2221-T111999.99,DELTA,14,68,16,200,636,no,77,14
2025-05-22T17:07:31.186898,KXBTCD-25MAY2221-T111999.99,DELTA,14,68,16,200,637,yes,11,-500
2025-05-22T17:07:31.187344,KXBTCD-25MAY2221-T111999.99,DELTA,14,68,16,200,638,no,80,2000
2025-05-22T17:07:31.187865,KXBTCD-25MAY2221-T111999.99,DELTA,14,68,16,200,639,yes,9,2000
2025-05-22T17:07:31.188074,KXBTCD-25MAY2221-T111999.99,DELTA,14,68,16,200,640,yes,10,1250
2025-05-22T17:07:31.247504,KXBTCD-25MAY2221-T111999.99,DELTA,14,68,16,200,641,no,80,-1250
2025-05-22T17:07:31.266679,KXBTCD-25MAY2221-T111999.99,DELTA,14,68,16,200,642,yes,12,-1000
2025-05-22T17:07:31.307355,KXBTCD-25MAY2221-T111999.99,DELTA,14,68,16,200,643,yes,10,300
2025-05-22T17:07:31.329617,KXBTCD-25MAY2221-T111999.99,DELTA,14,68,16,200,644,no,81,1250
2025-05-22T17:07:31.329960,KXBTCD-25MAY2221-T111999.99,DELTA,14,68,16,200,645,no,12,-2700
2025-05-22T17:07:31.330291,KXBTCD-25MAY2221-T111999.99,DELTA,14,68,16,200,646,no,4,8100
2025-05-22T17:07:31.346953,KXBTCD-25MAY2221-T111999.99,DELTA,14,68,16,200,647,yes,11,1000
2025-05-22T17:07:31.406718,KXBTCD-25MAY2221-T111999.99,DELTA,14,68,16,200,648,no,5,20000
2025-05-22T17:07:31.806967,KXBTCD-25MAY2221-T111999.99,DELTA,14,68,16,200,649,no,79,100
2025-05-22T17:07:32.147929,KXBTCD-25MAY2221-T111999.99,DELTA,14,68,16,200,650,no,82,250
2025-05-22T17:07:32.148313,KXBTCD-25MAY2221-T111999.99,DELTA,14,68,16,200,651,no,72,-250
2025-05-22T17:07:32.166804,KXBTCD-25MAY2221-T111999.99,DELTA,14,68,16,200,652,yes,10,-250
2025-05-22T17:07:32.207772,KXBTCD-25MAY2221-T111999.99,DELTA,14,68,16,200,653,no,81,-1000
2025-05-22T17:07:32.247030,KXBTCD-25MAY2221-T111999.99,DELTA,14,68,16,200,654,no,83,1000
2025-05-22T17:07:33.807019,KXBTCD-25MAY2221-T111999.99,DELTA,14,68,16,200,655,yes,9,30
2025-05-22T17:07:33.807496,KXBTCD-25MAY2221-T111999.99,DELTA,14,68,16,200,656,yes,10,-30
2025-05-22T17:07:33.807810,KXBTCD-25MAY2221-T111999.99,DELTA,14,68,16,200,657,no,79,-30
2025-05-22T17:07:33.808048,KXBTCD-25MAY2221-T111999.99,DELTA,14,68,16,200,658,no,80,30
2025-05-22T17:07:33.906361,KXBTCD-25MAY2221-T111999.99,DELTA,14,68,16,200,659,yes,9,-2000
2025-05-22T17:07:33.989774,KXBTCD-25MAY2221-T111999.99,DELTA,14,68,16,200,660,yes,10,-1250
2025-05-22T17:07:33.990134,KXBTCD-25MAY2221-T111999.99,DELTA,14,68,16,200,661,no,4,-8100
2025-05-22T17:07:33.990315,KXBTCD-25MAY2221-T111999.99,DELTA,14,68,16,200,662,no,39,830
2025-05-22T17:07:33.990484,KXBTCD-25MAY2221-T111999.99,DELTA,14,68,16,200,663,no,79,-100
2025-05-22T17:07:33.990634,KXBTCD-25MAY2221-T111999.99,DELTA,13,14,16,200,664,yes,14,-68
2025-05-22T17:07:33.990776,KXBTCD-25MAY2221-T111999.99,DELTA,13,14,16,200,665,no,80,-2000
2025-05-22T17:07:34.006379,KXBTCD-25MAY2221-T111999.99,DELTA,13,14,16,200,666,no,83,-1000
2025-05-22T17:07:34.006738,KXBTCD-25MAY2221-T111999.99,DELTA,13,14,16,200,667,no,81,-1250
2025-05-22T17:07:34.047542,KXBTCD-25MAY2221-T111999.99,DELTA,13,14,16,200,668,no,5,-20000
2025-05-22T17:07:34.128107,KXBTCD-25MAY2221-T111999.99,DELTA,13,14,16,200,669,yes,8,2000
2025-05-22T17:07:34.128724,KXBTCD-25MAY2221-T111999.99,DELTA,13,14,16,1200,670,no,84,1000
2025-05-22T17:07:34.129077,KXBTCD-25MAY2221-T111999.99,DELTA,13,14,16,1200,671,no,82,1250
2025-05-22T17:07:34.129546,KXBTCD-25MAY2221-T111999.99,DELTA,13,14,16,1200,672,yes,9,1250
2025-05-22T17:07:34.129848,KXBTCD-25MAY2221-T111999.99,DELTA,13,14,16,1200,673,no,81,2000
2025-05-22T17:07:34.347776,KXBTCD-25MAY2221-T111999.99,DELTA,13,14,16,1450,674,no,84,250
2025-05-22T17:07:34.348503,KXBTCD-25MAY2221-T111999.99,DELTA,13,14,16,1450,675,no,74,-250
2025-05-22T17:07:34.388192,KXBTCD-25MAY2221-T111999.99,DELTA,13,14,16,1450,676,yes,10,-300
2025-05-22T17:07:34.388874,KXBTCD-25MAY2221-T111999.99,DELTA,13,14,16,1250,677,no,84,-200
2025-05-22T17:07:34.406280,KXBTCD-25MAY2221-T111999.99,DELTA,13,14,16,1250,678,yes,9,500
2025-05-22T17:07:34.427515,KXBTCD-25MAY2221-T111999.99,DELTA,13,14,15,500,679,no,85,500
2025-05-22T17:07:34.466343,KXBTCD-25MAY2221-T111999.99,DELTA,13,14,15,500,680,yes,11,-1000
2025-05-22T17:07:34.506585,KXBTCD-25MAY2221-T111999.99,DELTA,13,14,15,500,681,yes,10,1000
2025-05-22T17:07:36.024234,KXBTCD-25MAY2221-T111999.99,DELTA,13,14,15,500,682,yes,12,68
2025-05-22T17:07:36.025115,KXBTCD-25MAY2221-T111999.99,DELTA,13,14,15,500,683,no,80,100
2025-05-22T17:07:37.807838,KXBTCD-25MAY2221-T111999.99,DELTA,13,14,15,500,684,yes,8,-250
2025-05-22T17:07:37.910290,KXBTCD-25MAY2221-T111999.99,DELTA,13,14,15,500,685,yes,8,-2000
2025-05-22T17:07:37.946737,KXBTCD-25MAY2221-T111999.99,DELTA,13,14,15,500,686,yes,7,2000
2025-05-22T17:07:38.028270,KXBTCD-25MAY2221-T111999.99,DELTA,13,14,15,500,687,yes,9,-500
2025-05-22T17:07:38.029249,KXBTCD-25MAY2221-T111999.99,DELTA,13,14,16,1250,688,no,85,-500
2025-05-22T17:07:38.127904,KXBTCD-25MAY2221-T111999.99,DELTA,13,14,16,1250,689,yes,8,500
2025-05-22T17:07:38.188038,KXBTCD-25MAY2221-T111999.99,DELTA,12,68,16,1250,690,yes,13,-14
2025-05-22T17:07:38.188710,KXBTCD-25MAY2221-T111999.99,DELTA,12,68,13,36,691,no,87,36
2025-05-22T17:07:38.189216,KXBTCD-25MAY2221-T111999.99,DELTA,12,68,13,36,692,yes,9,-1250
2025-05-22T17:07:38.247319,KXBTCD-25MAY2221-T111999.99,DELTA,12,68,16,1250,693,no,87,-36
2025-05-22T17:07:38.247947,KXBTCD-25MAY2221-T111999.99,DELTA,12,68,16,1250,694,yes,7,-2000
2025-05-22T17:07:38.248508,KXBTCD-25MAY2221-T111999.99,DELTA,12,68,16,1250,695,yes,9,1250
2025-05-22T17:07:38.249005,KXBTCD-25MAY2221-T111999.99,DELTA,12,68,16,1250,696,no,77,-14
2025-05-22T17:07:38.249508,KXBTCD-25MAY2221-T111999.99,DELTA,12,68,16,1250,697,yes,9,14
2025-05-22T17:07:38.266453,KXBTCD-25MAY2221-T111999.99,DELTA,12,68,16,1250,698,no,82,14
2025-05-22T17:07:38.286613,KXBTCD-25MAY2221-T111999.99,DELTA,12,68,13,100,699,no,87,100
2025-05-22T17:07:38.326633,KXBTCD-25MAY2221-T111999.99,DELTA,12,68,13,100,700,yes,8,2000
2025-05-22T17:07:38.892163,KXBTCD-25MAY2221-T111999.99,DELTA,12,68,16,1250,701,no,87,-100
2025-05-22T17:07:38.948508,KXBTCD-25MAY2221-T111999.99,DELTA,12,68,14,200,702,no,86,200
2025-05-22T17:07:39.206907,KXBTCD-25MAY2221-T111999.99,DELTA,12,68,14,200,703,yes,8,250
2025-05-22T17:07:39.607515,KXBTCD-25MAY2221-T111999.99,DELTA,12,68,16,1250,704,no,86,-200
2025-05-22T17:07:39.647883,KXBTCD-25MAY2221-T111999.99,DELTA,12,68,15,500,705,no,85,500
2025-05-22T17:07:41.546813,KXBTCD-25MAY2221-T111999.99,DELTA,12,68,15,500,706,yes,8,-500
2025-05-22T17:07:41.586135,KXBTCD-25MAY2221-T111999.99,DELTA,12,68,15,500,707,yes,10,100
2025-05-22T17:07:41.626602,KXBTCD-25MAY2221-T111999.99,DELTA,12,68,15,500,708,yes,8,-2000
2025-05-22T17:07:41.647905,KXBTCD-25MAY2221-T111999.99,DELTA,12,68,15,500,709,yes,10,-1000
2025-05-22T17:07:41.648364,KXBTCD-25MAY2221-T111999.99,DELTA,12,68,15,500,710,no,81,-2000
2025-05-22T17:07:41.667652,KXBTCD-25MAY2221-T111999.99,DELTA,12,68,15,500,711,no,84,-1000
2025-05-22T17:07:41.668421,KXBTCD-25MAY2221-T111999.99,DELTA,12,68,15,500,712,no,82,-1250
2025-05-22T17:07:41.727540,KXBTCD-25MAY2221-T111999.99,DELTA,12,68,15,500,713,no,81,1250
2025-05-22T17:07:41.728026,KXBTCD-25MAY2221-T111999.99,DELTA,12,68,15,500,714,no,80,2000
2025-05-22T17:07:41.728224,KXBTCD-25MAY2221-T111999.99,DELTA,12,1068,15,500,715,yes,12,1000
2025-05-22T17:07:41.728371,KXBTCD-25MAY2221-T111999.99,DELTA,12,1068,15,500,716,no,83,1000
2025-05-22T17:07:41.728514,KXBTCD-25MAY2221-T111999.99,DELTA,12,1068,15,500,717,yes,9,2000
2025-05-22T17:07:41.910461,KXBTCD-25MAY2221-T111999.99,DELTA,12,1068,15,500,718,yes,10,-100
2025-05-22T17:07:41.967348,KXBTCD-25MAY2221-T111999.99,DELTA,12,1068,15,500,719,yes,10,250
2025-05-22T17:07:42.028062,KXBTCD-25MAY2221-T111999.99,DELTA,12,1068,15,500,720,no,84,-250
2025-05-22T17:07:42.029011,KXBTCD-25MAY2221-T111999.99,DELTA,12,1068,15,500,721,no,74,250
2025-05-22T17:07:42.047676,KXBTCD-25MAY2221-T111999.99,DELTA,12,1068,15,500,722,yes,9,-1250
2025-05-22T17:07:42.108422,KXBTCD-25MAY2221-T111999.99,DELTA,12,1068,15,500,723,yes,10,1250
2025-05-22T17:07:42.487337,KXBTCD-25MAY2221-T111999.99,DELTA,12,1000,15,500,724,yes,12,-68
2025-05-22T17:07:42.567034,KXBTCD-25MAY2221-T111999.99,DELTA,10,1500,15,500,725,yes,12,-1000
2025-05-22T17:07:42.627014,KXBTCD-25MAY2221-T111999.99,DELTA,11,1000,15,500,726,yes,11,1000
2025-05-22T17:07:44.189170,KXBTCD-25MAY2221-T111999.99,DELTA,11,1000,15,500,727,yes,10,250
2025-05-22T17:07:44.487668,KXBTCD-25MAY2221-T111999.99,DELTA,13,68,15,500,728,yes,13,68
2025-05-22T17:07:45.127514,KXBTCD-25MAY2221-T111999.99,DELTA,13,68,15,500,729,yes,10,-250
2025-05-22T17:07:46.687537,KXBTCD-25MAY2221-T111999.99,DELTA,13,68,15,500,730,yes,10,-250
2025-05-22T17:07:46.725845,KXBTCD-25MAY2221-T111999.99,DELTA,13,68,15,500,731,yes,9,500
2025-05-22T17:07:46.747221,KXBTCD-25MAY2221-T111999.99,DELTA,13,68,15,500,732,yes,11,-1000
2025-05-22T17:07:46.766773,KXBTCD-25MAY2221-T111999.99,DELTA,13,68,15,500,733,yes,10,-1250
2025-05-22T17:07:46.806796,KXBTCD-25MAY2221-T111999.99,DELTA,13,68,15,500,734,yes,10,1250
2025-05-22T17:07:46.807197,KXBTCD-25MAY2221-T111999.99,DELTA,13,68,15,500,735,yes,10,1000
2025-05-22T17:08:01.271079,KXBTCD-25MAY2221-T111999.99,DELTA,13,68,15,500,736,yes,9,-2000
2025-05-22T17:08:01.287067,KXBTCD-25MAY2221-T111999.99,DELTA,13,68,15,500,737,yes,10,-1000
2025-05-22T17:08:01.287899,KXBTCD-25MAY2221-T111999.99,DELTA,13,68,15,500,738,no,80,-2000
2025-05-22T17:08:01.309362,KXBTCD-25MAY2221-T111999.99,DELTA,13,68,15,500,739,no,83,-1000
2025-05-22T17:08:01.310190,KXBTCD-25MAY2221-T111999.99,DELTA,13,68,15,500,740,no,81,-1250
2025-05-22T17:08:01.389739,KXBTCD-25MAY2221-T111999.99,DELTA,13,1068,15,500,741,yes,13,1000
2025-05-22T17:08:01.390748,KXBTCD-25MAY2221-T111999.99,DELTA,13,1068,15,500,742,no,82,1000
2025-05-22T17:08:01.391383,KXBTCD-25MAY2221-T111999.99,DELTA,13,1068,15,500,743,no,79,2000
2025-05-22T17:08:01.391853,KXBTCD-25MAY2221-T111999.99,DELTA,13,1068,15,500,744,yes,10,2000
2025-05-22T17:08:01.392287,KXBTCD-25MAY2221-T111999.99,DELTA,13,1068,15,500,745,no,80,1250
2025-05-22T17:08:02.208005,KXBTCD-25MAY2221-T111999.99,DELTA,13,1068,15,500,746,yes,10,-2000
2025-05-22T17:08:02.208774,KXBTCD-25MAY2221-T111999.99,DELTA,13,68,15,500,747,yes,13,-1000
2025-05-22T17:08:02.226865,KXBTCD-25MAY2221-T111999.99,DELTA,13,68,15,500,748,no,79,-2000
2025-05-22T17:08:02.227277,KXBTCD-25MAY2221-T111999.99,DELTA,13,68,15,500,749,no,82,-1000
2025-05-22T17:08:02.247191,KXBTCD-25MAY2221-T111999.99,DELTA,13,68,15,500,750,no,80,-1250
2025-05-22T17:08:02.306668,KXBTCD-25MAY2221-T111999.99,DELTA,13,68,15,500,751,yes,10,1000
2025-05-22T17:08:02.327016,KXBTCD-25MAY2221-T111999.99,DELTA,13,68,15,500,752,no,83,1000
2025-05-22T17:08:02.327127,KXBTCD-25MAY2221-T111999.99,DELTA,13,68,15,500,753,no,81,1250
2025-05-22T17:08:02.327197,KXBTCD-25MAY2221-T111999.99,DELTA,13,68,15,500,754,yes,9,2000
2025-05-22T17:08:02.327263,KXBTCD-25MAY2221-T111999.99,DELTA,13,68,15,500,755,no,80,2000
2025-05-22T17:08:02.467250,KXBTCD-25MAY2221-T111999.99,DELTA,13,68,15,500,756,yes,9,-500
2025-05-22T17:08:02.488292,KXBTCD-25MAY2221-T111999.99,DELTA,13,68,15,500,757,yes,8,500
2025-05-22T17:08:02.525826,KXBTCD-25MAY2221-T111999.99,DELTA,13,68,15,500,758,yes,10,-1250
2025-05-22T17:08:02.588822,KXBTCD-25MAY2221-T111999.99,DELTA,13,68,15,500,759,yes,9,1250
2025-05-22T17:08:02.589382,KXBTCD-25MAY2221-T111999.99,DELTA,10,1000,15,500,760,yes,13,-68
2025-05-22T17:08:02.606288,KXBTCD-25MAY2221-T111999.99,DELTA,10,1000,15,500,761,no,80,-100
2025-05-22T17:08:03.147216,KXBTCD-25MAY2221-T111999.99,DELTA,10,1000,15,500,762,no,74,-250
2025-05-22T17:08:03.168152,KXBTCD-25MAY2221-T111999.99,DELTA,10,1000,15,500,763,no,84,250
2025-05-22T17:08:04.327154,KXBTCD-25MAY2221-T111999.99,DELTA,10,1000,16,250,764,no,85,-500
2025-05-22T17:08:04.389168,KXBTCD-25MAY2221-T111999.99,DELTA,10,1000,13,100,765,no,87,100
2025-05-22T17:08:04.827365,KXBTCD-25MAY2221-T111999.99,DELTA,10,1000,13,100,766,no,39,-830
2025-05-22T17:08:04.828072,KXBTCD-25MAY2221-T111999.99,DELTA,10,1000,13,100,767,no,40,810
2025-05-22T17:08:04.848191,KXBTCD-25MAY2221-T111999.99,DELTA,11,68,13,100,768,yes,11,68
2025-05-22T17:08:04.848964,KXBTCD-25MAY2221-T111999.99,DELTA,11,68,13,100,769,no,81,100
2025-05-22T17:08:04.927651,KXBTCD-25MAY2221-T111999.99,DELTA,11,68,13,100,770,yes,10,-1000
2025-05-22T17:08:04.967542,KXBTCD-25MAY2221-T111999.99,DELTA,12,1000,13,100,771,yes,12,1000
2025-05-22T17:08:05.108542,KXBTCD-25MAY2221-T111999.99,DELTA,12,1000,16,250,772,no,87,-100
2025-05-22T17:08:05.147008,KXBTCD-25MAY2221-T111999.99,DELTA,12,1000,14,500,773,no,86,500
2025-05-22T17:08:05.187341,KXBTCD-25MAY2221-T111999.99,DELTA,12,1000,14,500,774,yes,8,-250
2025-05-22T17:08:06.332602,KXBTCD-25MAY2221-T111999.99,DELTA,12,1000,14,500,775,yes,9,-2000
2025-05-22T17:08:06.333132,KXBTCD-25MAY2221-T111999.99,DELTA,11,68,14,500,776,yes,12,-1000
2025-05-22T17:08:06.347281,KXBTCD-25MAY2221-T111999.99,DELTA,11,68,14,500,777,no,80,-2000
2025-05-22T17:08:06.347703,KXBTCD-25MAY2221-T111999.99,DELTA,11,68,14,500,778,no,83,-1000
2025-05-22T17:08:06.367124,KXBTCD-25MAY2221-T111999.99,DELTA,11,68,14,500,779,no,81,-1250
2025-05-22T17:08:06.406381,KXBTCD-25MAY2221-T111999.99,DELTA,11,1068,14,500,780,yes,11,1000
2025-05-22T17:08:06.406883,KXBTCD-25MAY2221-T111999.99,DELTA,11,1068,14,500,781,no,82,1250
2025-05-22T17:08:06.407315,KXBTCD-25MAY2221-T111999.99,DELTA,11,1068,14,500,782,no,81,2000
2025-05-22T17:08:06.426633,KXBTCD-25MAY2221-T111999.99,DELTA,11,1068,14,500,783,no,84,1000
2025-05-22T17:08:06.427233,KXBTCD-25MAY2221-T111999.99,DELTA,11,1068,14,500,784,yes,8,2000
2025-05-22T17:08:11.347409,KXBTCD-25MAY2221-T111999.99,DELTA,11,1068,14,500,785,yes,8,-2000
2025-05-22T17:08:11.367597,KXBTCD-25MAY2221-T111999.99,DELTA,11,68,14,500,786,yes,11,-1000
2025-05-22T17:08:11.368129,KXBTCD-25MAY2221-T111999.99,DELTA,11,68,14,500,787,no,81,-2000
2025-05-22T17:08:11.387125,KXBTCD-25MAY2221-T111999.99,DELTA,11,68,14,500,788,no,84,-1000
2025-05-22T17:08:11.387992,KXBTCD-25MAY2221-T111999.99,DELTA,11,68,14,500,789,no,82,-1250
2025-05-22T17:08:11.447370,KXBTCD-25MAY2221-T111999.99,DELTA,11,68,14,500,790,yes,9,2000
2025-05-22T17:08:11.447954,KXBTCD-25MAY2221-T111999.99,DELTA,12,1000,14,500,791,yes,12,1000
2025-05-22T17:08:11.448336,KXBTCD-25MAY2221-T111999.99,DELTA,12,1000,14,500,792,no,81,1250
2025-05-22T17:08:11.448667,KXBTCD-25MAY2221-T111999.99,DELTA,12,1000,14,500,793,no,83,1000
2025-05-22T17:08:11.448975,KXBTCD-25MAY2221-T111999.99,DELTA,12,1000,14,500,794,no,80,2000
2025-05-22T17:08:15.406366,KXBTCD-25MAY2221-T111999.99,DELTA,12,1000,14,500,795,yes,8,250
2025-05-22T17:08:16.385676,KXBTCD-25MAY2221-T111999.99,DELTA,12,1000,14,500,796,yes,8,-250
2025-05-22T17:08:16.787319,KXBTCD-25MAY2221-T111999.99,DELTA,12,1000,14,500,797,yes,9,-2000
2025-05-22T17:08:16.939470,KXBTCD-25MAY2221-T111999.99,DELTA,11,68,14,500,798,yes,12,-1000
2025-05-22T17:08:16.939910,KXBTCD-25MAY2221-T111999.99,DELTA,11,68,14,500,799,no,80,-2000
2025-05-22T17:08:17.007373,KXBTCD-25MAY2221-T111999.99,DELTA,11,68,14,500,800,no,83,-1000
2025-05-22T17:08:17.087282,KXBTCD-25MAY2221-T111999.99,DELTA,11,68,14,500,801,no,81,-1250
2025-05-22T17:08:17.206552,KXBTCD-25MAY2221-T111999.99,DELTA,11,68,14,500,802,no,82,1250
2025-05-22T17:08:17.206894,KXBTCD-25MAY2221-T111999.99,DELTA,11,1068,14,500,803,yes,11,1000
2025-05-22T17:08:17.207237,KXBTCD-25MAY2221-T111999.99,DELTA,11,1068,14,500,804,no,81,2000
2025-05-22T17:08:17.207492,KXBTCD-25MAY2221-T111999.99,DELTA,11,1068,14,500,805,yes,8,2000
2025-05-22T17:08:17.207667,KXBTCD-25MAY2221-T111999.99,DELTA,11,1068,14,500,806,no,84,1000
2025-05-22T17:08:17.486115,KXBTCD-25MAY2221-T111999.99,DELTA,11,1068,14,500,807,yes,8,250
2025-05-22T17:08:19.287172,KXBTCD-25MAY2221-T111999.99,DELTA,11,1068,14,500,808,yes,8,-250
2025-05-22T17:08:23.028508,KXBTCD-25MAY2221-T111999.99,DELTA,11,1068,14,500,809,yes,8,-2000
2025-05-22T17:08:23.029223,KXBTCD-25MAY2221-T111999.99,DELTA,11,68,14,500,810,yes,11,-1000
2025-05-22T17:08:23.047247,KXBTCD-25MAY2221-T111999.99,DELTA,11,68,14,500,811,no,81,-2000
2025-05-22T17:08:23.047643,KXBTCD-25MAY2221-T111999.99,DELTA,11,68,14,500,812,no,84,-1000
2025-05-22T17:08:23.066547,KXBTCD-25MAY2221-T111999.99,DELTA,11,68,14,500,813,no,82,-1250
2025-05-22T17:08:23.127554,KXBTCD-25MAY2221-T111999.99,DELTA,12,1000,14,500,814,yes,12,1000
2025-05-22T17:08:23.127903,KXBTCD-25MAY2221-T111999.99,DELTA,12,1000,14,500,815,no,81,1250
2025-05-22T17:08:23.128220,KXBTCD-25MAY2221-T111999.99,DELTA,12,1000,14,500,816,no,83,1000
2025-05-22T17:08:23.128428,KXBTCD-25MAY2221-T111999.99,DELTA,12,1000,14,500,817,yes,9,2000
2025-05-22T17:08:23.128623,KXBTCD-25MAY2221-T111999.99,DELTA,12,1000,14,500,818,no,80,2000
2025-05-22T17:08:23.165944,KXBTCD-25MAY2221-T111999.99,DELTA,12,1000,14,500,819,yes,8,250
2025-05-22T17:08:24.407472,KXBTCD-25MAY2221-T111999.99,DELTA,12,1000,14,500,820,yes,11,-68
2025-05-22T17:08:24.466947,KXBTCD-25MAY2221-T111999.99,DELTA,9,3294,14,500,821,yes,12,-1000
2025-05-22T17:08:24.507804,KXBTCD-25MAY2221-T111999.99,DELTA,10,1000,14,500,822,yes,10,1000
2025-05-22T17:08:24.587090,KXBTCD-25MAY2221-T111999.99,DELTA,10,1000,14,500,823,no,72,-500
2025-05-22T17:08:26.989470,KXBTCD-25MAY2221-T111999.99,DELTA,9,3294,14,500,824,yes,10,-1000
2025-05-22T17:08:26.989862,KXBTCD-25MAY2221-T111999.99,DELTA,9,3294,14,500,825,no,83,-1000
2025-05-22T17:08:26.990444,KXBTCD-25MAY2221-T111999.99,DELTA,9,1294,14,500,826,yes,9,-2000
2025-05-22T17:08:26.990810,KXBTCD-25MAY2221-T111999.99,DELTA,9,44,14,500,827,yes,9,-1250
2025-05-22T17:08:26.991122,KXBTCD-25MAY2221-T111999.99,DELTA,9,44,14,500,828,no,80,-2000
2025-05-22T17:08:26.991431,KXBTCD-25MAY2221-T111999.99,DELTA,9,44,14,500,829,no,81,-1250
2025-05-22T17:08:27.167195,KXBTCD-25MAY2221-T111999.99,DELTA,9,44,14,500,830,yes,8,-500
2025-05-22T17:08:27.187094,KXBTCD-25MAY2221-T111999.99,DELTA,9,44,16,250,831,no,86,-500
2025-05-22T17:08:27.207343,KXBTCD-25MAY2221-T111999.99,DELTA,9,44,16,250,832,yes,8,-250
2025-05-22T17:08:27.246763,KXBTCD-25MAY2221-T111999.99,DELTA,9,44,16,250,833,no,74,250
2025-05-22T17:08:27.266043,KXBTCD-25MAY2221-T111999.99,DELTA,9,44,16,250,834,yes,6,-250
2025-05-22T17:08:27.286519,KXBTCD-25MAY2221-T111999.99,DELTA,9,44,18,264,835,no,84,-250
2025-05-22T17:08:27.286904,KXBTCD-25MAY2221-T111999.99,DELTA,9,44,18,264,836,yes,7,500
2025-05-22T17:08:27.306964,KXBTCD-25MAY2221-T111999.99,DELTA,9,44,12,50,837,no,88,50
2025-05-22T17:08:27.346293,KXBTCD-25MAY2221-T111999.99,DELTA,9,44,12,50,838,yes,6,250
2025-05-22T17:08:27.546805,KXBTCD-25MAY2221-T111999.99,DELTA,9,44,12,50,839,no,82,2000
2025-05-22T17:08:27.547223,KXBTCD-25MAY2221-T111999.99,DELTA,9,44,12,50,840,no,83,1000
2025-05-22T17:08:27.547433,KXBTCD-25MAY2221-T111999.99,DELTA,9,44,12,50,841,no,83,1250
2025-05-22T17:08:27.566184,KXBTCD-25MAY2221-T111999.99,DELTA,9,44,12,50,842,yes,8,1250
2025-05-22T17:08:27.566640,KXBTCD-25MAY2221-T111999.99,DELTA,9,44,12,50,843,yes,7,2000
2025-05-22T17:08:27.645454,KXBTCD-25MAY2221-T111999.99,DELTA,9,44,17,2250,844,no,88,-50
2025-05-22T17:08:27.645933,KXBTCD-25MAY2221-T111999.99,DELTA,12,18,17,2250,845,yes,12,18
2025-05-22T17:08:27.646428,KXBTCD-25MAY2221-T111999.99,DELTA,12,18,17,2250,846,yes,7,30
2025-05-22T17:08:27.647173,KXBTCD-25MAY2221-T111999.99,DELTA,12,18,17,2250,847,yes,9,-30
2025-05-22T17:08:27.665942,KXBTCD-25MAY2221-T111999.99,DELTA,12,18,17,2250,848,no,82,30
2025-05-22T17:08:27.666570,KXBTCD-25MAY2221-T111999.99,DELTA,12,18,17,2250,849,no,80,-30
2025-05-22T17:08:27.746683,KXBTCD-25MAY2221-T111999.99,DELTA,9,14,17,2250,850,yes,12,-18
2025-05-22T17:08:27.747313,KXBTCD-25MAY2221-T111999.99,DELTA,9,14,12,82,851,no,88,82
2025-05-22T17:08:27.747712,KXBTCD-25MAY2221-T111999.99,DELTA,9,14,12,82,852,no,84,250
2025-05-22T17:08:27.748036,KXBTCD-25MAY2221-T111999.99,DELTA,9,14,12,82,853,no,74,-250
2025-05-22T17:08:27.808079,KXBTCD-25MAY2221-T111999.99,DELTA,9,14,12,82,854,no,83,-1000
2025-05-22T17:08:28.066602,KXBTCD-25MAY2221-T111999.99,DELTA,9,14,12,82,855,no,85,1000
2025-05-22T17:08:28.125706,KXBTCD-25MAY2221-T111999.99,DELTA,9,14,12,82,856,no,81,-100
2025-05-22T17:08:28.186871,KXBTCD-25MAY2221-T111999.99,DELTA,9,14,12,82,857,no,86,250
2025-05-22T17:08:28.187688,KXBTCD-25MAY2221-T111999.99,DELTA,9,14,12,82,858,no,76,-250
2025-05-22T17:08:28.266690,KXBTCD-25MAY2221-T111999.99,DELTA,9,14,12,82,859,yes,8,1000
2025-05-22T17:08:29.367209,KXBTCD-25MAY2221-T111999.99,DELTA,9,14,12,82,860,no,83,100
2025-05-22T17:08:30.106859,KXBTCD-25MAY2221-T111999.99,DELTA,9,14,14,250,861,no,88,-82
2025-05-22T17:08:30.127353,KXBTCD-25MAY2221-T111999.99,DELTA,9,14,12,200,862,no,88,200
2025-05-22T17:08:30.452611,KXBTCD-25MAY2221-T111999.99,DELTA,9,14,14,250,863,no,88,-200
2025-05-22T17:08:30.526474,KXBTCD-25MAY2221-T111999.99,DELTA,9,14,12,500,864,no,88,500
2025-05-22T17:08:31.587480,KXBTCD-25MAY2221-T111999.99,DELTA,9,14,12,500,865,no,83,-100
2025-05-22T17:08:32.187692,KXBTCD-25MAY2221-T111999.99,DELTA,9,14,12,500,866,yes,8,14
2025-05-22T17:08:32.188048,KXBTCD-25MAY2221-T111999.99,DELTA,9,14,12,500,867,no,83,14
2025-05-22T17:08:32.208013,KXBTCD-25MAY2221-T111999.99,DELTA,8,2267,12,500,868,yes,9,-14
2025-05-22T17:08:32.225858,KXBTCD-25MAY2221-T111999.99,DELTA,8,2267,12,500,869,no,82,-14
2025-05-22T17:08:33.179720,KXBTCD-25MAY2221-T111999.99,DELTA,8,2267,12,500,870,yes,6,-250
2025-05-22T17:08:33.586520,KXBTCD-25MAY2221-T111999.99,DELTA,8,2267,12,500,871,no,84,100
2025-05-22T17:08:39.185570,KXBTCD-25MAY2221-T111999.99,DELTA,8,2267,12,500,872,yes,6,250
2025-05-22T17:08:39.786946,KXBTCD-25MAY2221-T111999.99,DELTA,8,2267,12,500,873,yes,7,-2000
2025-05-22T17:08:39.808530,KXBTCD-25MAY2221-T111999.99,DELTA,8,2267,12,500,874,no,82,-2000
2025-05-22T17:08:39.809138,KXBTCD-25MAY2221-T111999.99,DELTA,8,2267,12,500,875,no,85,-1000
2025-05-22T17:08:39.827062,KXBTCD-25MAY2221-T111999.99,DELTA,8,2267,12,500,876,no,83,-1250
2025-05-22T17:08:39.847421,KXBTCD-25MAY2221-T111999.99,DELTA,8,2267,14,250,877,no,88,-500
2025-05-22T17:08:39.866466,KXBTCD-25MAY2221-T111999.99,DELTA,8,4267,14,250,878,yes,8,2000
2025-05-22T17:08:39.866902,KXBTCD-25MAY2221-T111999.99,DELTA,8,4267,14,250,879,no,84,1000
2025-05-22T17:08:39.867141,KXBTCD-25MAY2221-T111999.99,DELTA,8,4267,14,250,880,no,81,2000
2025-05-22T17:08:39.867348,KXBTCD-25MAY2221-T111999.99,DELTA,8,4267,14,250,881,no,82,1250
2025-05-22T17:08:39.907764,KXBTCD-25MAY2221-T111999.99,DELTA,8,4267,13,500,882,no,87,500
2025-05-22T17:08:42.046047,KXBTCD-25MAY2221-T111999.99,DELTA,8,2267,13,500,883,yes,8,-2000
2025-05-22T17:08:42.047045,KXBTCD-25MAY2221-T111999.99,DELTA,8,2267,13,500,884,no,81,-2000
2025-05-22T17:08:42.067895,KXBTCD-25MAY2221-T111999.99,DELTA,8,2267,13,500,885,no,84,-1000
2025-05-22T17:08:42.068529,KXBTCD-25MAY2221-T111999.99,DELTA,8,2267,13,500,886,no,82,-1250
2025-05-22T17:08:42.127917,KXBTCD-25MAY2221-T111999.99,DELTA,8,2267,13,500,887,no,82,2000
2025-05-22T17:08:42.128544,KXBTCD-25MAY2221-T111999.99,DELTA,8,2267,13,500,888,no,83,1250
2025-05-22T17:08:42.129011,KXBTCD-25MAY2221-T111999.99,DELTA,8,2267,13,500,889,no,85,1000
2025-05-22T17:08:42.129450,KXBTCD-25MAY2221-T111999.99,DELTA,8,2267,13,500,890,yes,7,2000
2025-05-22T17:08:47.047570,KXBTCD-25MAY2221-T111999.99,DELTA,8,2267,13,500,891,yes,7,-2000
2025-05-22T17:08:47.048094,KXBTCD-25MAY2221-T111999.99,DELTA,8,2267,13,500,892,no,82,-2000
2025-05-22T17:08:47.068610,KXBTCD-25MAY2221-T111999.99,DELTA,8,2267,13,500,893,no,85,-1000
2025-05-22T17:08:47.068992,KXBTCD-25MAY2221-T111999.99,DELTA,8,2267,13,500,894,no,83,-1250
2025-05-22T17:08:47.106161,KXBTCD-25MAY2221-T111999.99,DELTA,8,2267,13,500,895,no,82,1250
2025-05-22T17:08:47.127103,KXBTCD-25MAY2221-T111999.99,DELTA,8,2267,13,500,896,no,84,1000
2025-05-22T17:08:47.127409,KXBTCD-25MAY2221-T111999.99,DELTA,8,2267,13,500,897,no,81,2000
2025-05-22T17:08:47.127862,KXBTCD-25MAY2221-T111999.99,DELTA,8,4267,13,500,898,yes,8,2000
2025-05-22T17:08:49.987017,KXBTCD-25MAY2221-T111999.99,DELTA,8,4267,14,250,899,no,87,-500
2025-05-22T17:08:50.026610,KXBTCD-25MAY2221-T111999.99,DELTA,8,4267,14,750,900,no,86,500
2025-05-22T17:08:50.927029,KXBTCD-25MAY2221-T111999.99,DELTA,8,4267,14,750,901,yes,7,-500
2025-05-22T17:08:50.987984,KXBTCD-25MAY2221-T111999.99,DELTA,9,200,14,750,902,yes,9,200
2025-05-22T17:08:51.005934,KXBTCD-25MAY2221-T111999.99,DELTA,9,200,14,750,903,yes,8,-2000
2025-05-22T17:08:51.006425,KXBTCD-25MAY2221-T111999.99,DELTA,9,200,14,750,904,yes,8,-1250
2025-05-22T17:08:51.067819,KXBTCD-25MAY2221-T111999.99,DELTA,9,200,14,750,905,yes,7,1250
2025-05-22T17:08:51.068352,KXBTCD-25MAY2221-T111999.99,DELTA,9,200,14,750,906,yes,7,2000
2025-05-22T17:08:51.068649,KXBTCD-25MAY2221-T111999.99,DELTA,9,200,14,750,907,yes,8,-1000
2025-05-22T17:08:51.107036,KXBTCD-25MAY2221-T111999.99,DELTA,10,1000,14,750,908,yes,10,1000
2025-05-22T17:08:51.128471,KXBTCD-25MAY2221-T111999.99,DELTA,10,1000,14,750,909,no,76,250
2025-05-22T17:08:51.147348,KXBTCD-25MAY2221-T111999.99,DELTA,10,1000,14,750,910,yes,8,250
2025-05-22T17:08:51.148031,KXBTCD-25MAY2221-T111999.99,DELTA,10,1000,14,750,911,no,81,-2000
2025-05-22T17:08:51.167128,KXBTCD-25MAY2221-T111999.99,DELTA,10,1000,14,750,912,no,84,-1000
2025-05-22T17:08:51.167451,KXBTCD-25MAY2221-T111999.99,DELTA,10,1000,14,750,913,no,74,250
2025-05-22T17:08:51.167679,KXBTCD-25MAY2221-T111999.99,DELTA,10,1000,14,500,914,no,86,-250
2025-05-22T17:08:51.167865,KXBTCD-25MAY2221-T111999.99,DELTA,10,1000,14,500,915,no,82,-1250
2025-05-22T17:08:51.167975,KXBTCD-25MAY2221-T111999.99,DELTA,10,1000,14,500,916,yes,7,-2000
2025-05-22T17:08:51.186704,KXBTCD-25MAY2221-T111999.99,DELTA,10,1000,14,500,917,no,84,-250
2025-05-22T17:08:51.246705,KXBTCD-25MAY2221-T111999.99,DELTA,10,1000,14,500,918,no,80,2000
2025-05-22T17:08:51.247183,KXBTCD-25MAY2221-T111999.99,DELTA,10,1000,14,500,919,yes,7,-1250
2025-05-22T17:08:51.247445,KXBTCD-25MAY2221-T111999.99,DELTA,10,1000,14,500,920,no,83,1000
2025-05-22T17:08:51.266792,KXBTCD-25MAY2221-T111999.99,DELTA,10,1000,14,500,921,yes,9,2000
2025-05-22T17:08:51.267287,KXBTCD-25MAY2221-T111999.99,DELTA,10,1000,14,500,922,no,81,1250
2025-05-22T17:08:51.288321,KXBTCD-25MAY2221-T111999.99,DELTA,10,1000,14,500,923,yes,9,-200
2025-05-22T17:08:51.346866,KXBTCD-25MAY2221-T111999.99,DELTA,10,1000,14,500,924,yes,9,1250
2025-05-22T17:08:51.366671,KXBTCD-25MAY2221-T111999.99,DELTA,10,1000,14,500,925,yes,9,500
2025-05-22T17:08:51.386444,KXBTCD-25MAY2221-T111999.99,DELTA,9,3750,14,500,926,yes,10,-1000
2025-05-22T17:08:51.426877,KXBTCD-25MAY2221-T111999.99,DELTA,9,4750,14,500,927,yes,9,1000
2025-05-22T17:08:51.467317,KXBTCD-25MAY2221-T111999.99,DELTA,9,3750,14,500,928,yes,9,-1000
2025-05-22T17:08:51.467763,KXBTCD-25MAY2221-T111999.99,DELTA,9,2500,14,500,929,yes,9,-1250
2025-05-22T17:08:51.546291,KXBTCD-25MAY2221-T111999.99,DELTA,10,1000,14,500,930,yes,10,1000
2025-05-22T17:08:51.546694,KXBTCD-25MAY2221-T111999.99,DELTA,10,2250,14,500,931,yes,10,1250
2025-05-22T17:08:51.565664,KXBTCD-25MAY2221-T111999.99,DELTA,10,2250,14,500,932,no,84,-100
2025-05-22T17:08:51.825821,KXBTCD-25MAY2221-T111999.99,DELTA,10,2264,14,500,933,yes,10,14
2025-05-22T17:08:51.826052,KXBTCD-25MAY2221-T111999.99,DELTA,10,2264,14,500,934,yes,8,-14
2025-05-22T17:08:51.846237,KXBTCD-25MAY2221-T111999.99,DELTA,10,2264,14,500,935,no,81,14
2025-05-22T17:08:51.846338,KXBTCD-25MAY2221-T111999.99,DELTA,10,2264,14,500,936,no,83,-14
2025-05-22T17:08:51.985799,KXBTCD-25MAY2221-T111999.99,DELTA,10,2264,14,500,937,yes,7,-30
2025-05-22T17:08:51.986259,KXBTCD-25MAY2221-T111999.99,DELTA,10,2264,14,500,938,yes,9,30
2025-05-22T17:08:51.986888,KXBTCD-25MAY2221-T111999.99,DELTA,10,2264,14,500,939,no,82,-30
2025-05-22T17:08:52.006876,KXBTCD-25MAY2221-T111999.99,DELTA,10,2264,14,500,940,no,80,30
2025-05-22T17:08:53.906330,KXBTCD-25MAY2221-T111999.99,DELTA,10,2264,14,500,941,no,82,100
2025-05-22T17:08:55.243153,KXBTCD-25MAY2221-T111999.99,DELTA,10,2264,14,500,942,no,74,-250
2025-05-22T17:08:55.243639,KXBTCD-25MAY2221-T111999.99,DELTA,10,2264,14,500,943,no,84,250
2025-05-22T17:08:58.408569,KXBTCD-25MAY2221-T111999.99,DELTA,10,2264,14,500,944,no,81,-1250
2025-05-22T17:08:58.446235,KXBTCD-25MAY2221-T111999.99,DELTA,10,2264,14,500,945,no,80,1250
2025-05-22T17:08:58.527037,KXBTCD-25MAY2221-T111999.99,DELTA,10,2264,14,500,946,no,80,-1250
2025-05-22T17:08:58.586150,KXBTCD-25MAY2221-T111999.99,DELTA,10,2264,14,500,947,no,81,1250
2025-05-22T17:09:00.487011,KXBTCD-25MAY2221-T111999.99,DELTA,10,2264,14,500,948,yes,9,-2000
2025-05-22T17:09:00.506554,KXBTCD-25MAY2221-T111999.99,DELTA,10,2264,14,500,949,no,80,-2000
2025-05-22T17:09:00.506892,KXBTCD-25MAY2221-T111999.99,DELTA,10,2264,14,500,950,no,83,-1000
2025-05-22T17:09:00.526027,KXBTCD-25MAY2221-T111999.99,DELTA,10,2264,14,500,951,no,81,-1250
2025-05-22T17:09:00.586774,KXBTCD-25MAY2221-T111999.99,DELTA,10,2264,14,500,952,no,82,1000
2025-05-22T17:09:00.587533,KXBTCD-25MAY2221-T111999.99,DELTA,10,2264,14,500,953,no,80,1250
2025-05-22T17:09:00.588011,KXBTCD-25MAY2221-T111999.99,DELTA,10,4264,14,500,954,yes,10,2000
2025-05-22T17:09:00.588406,KXBTCD-25MAY2221-T111999.99,DELTA,10,4264,14,500,955,no,79,2000
2025-05-22T17:09:01.246268,KXBTCD-25MAY2221-T111999.99,DELTA,10,2264,14,500,956,yes,10,-2000
2025-05-22T17:09:01.246798,KXBTCD-25MAY2221-T111999.99,DELTA,10,2264,14,500,957,no,79,-2000
2025-05-22T17:09:01.267622,KXBTCD-25MAY2221-T111999.99,DELTA,10,2264,14,500,958,no,82,-1000
2025-05-22T17:09:01.267990,KXBTCD-25MAY2221-T111999.99,DELTA,10,2264,14,500,959,no,80,-1250
2025-05-22T17:09:01.327371,KXBTCD-25MAY2221-T111999.99,DELTA,10,2264,14,500,960,no,80,2000
2025-05-22T17:09:01.328126,KXBTCD-25MAY2221-T111999.99,DELTA,10,2264,14,500,961,yes,9,2000
2025-05-22T17:09:01.328642,KXBTCD-25MAY2221-T111999.99,DELTA,10,2264,14,500,962,no,83,1000
2025-05-22T17:09:01.328863,KXBTCD-25MAY2221-T111999.99,DELTA,10,2264,14,500,963,no,81,1250
2025-05-22T17:09:09.507665,KXBTCD-25MAY2221-T111999.99,DELTA,10,2264,14,500,964,yes,9,-500
2025-05-22T17:09:09.526483,KXBTCD-25MAY2221-T111999.99,DELTA,10,2264,14,500,965,yes,8,500
2025-05-22T17:09:09.588254,KXBTCD-25MAY2221-T111999.99,DELTA,10,1014,14,500,966,yes,10,-1250
2025-05-22T17:09:09.626479,KXBTCD-25MAY2221-T111999.99,DELTA,10,1014,14,500,967,yes,9,1250
2025-05-22T17:09:16.890433,KXBTCD-25MAY2221-T111999.99,DELTA,10,1014,14,500,968,yes,9,-2000
2025-05-22T17:09:16.890752,KXBTCD-25MAY2221-T111999.99,DELTA,10,1014,14,500,969,no,80,-2000
2025-05-22T17:09:16.891098,KXBTCD-25MAY2221-T111999.99,DELTA,10,1014,14,500,970,no,83,-1000
2025-05-22T17:09:16.891257,KXBTCD-25MAY2221-T111999.99,DELTA,10,1014,14,500,971,no,81,-1250
2025-05-22T17:09:16.891396,KXBTCD-25MAY2221-T111999.99,DELTA,10,1014,14,500,972,no,81,2000
2025-05-22T17:09:16.891715,KXBTCD-25MAY2221-T111999.99,DELTA,10,1014,14,500,973,yes,8,2000
2025-05-22T17:09:16.891958,KXBTCD-25MAY2221-T111999.99,DELTA,10,1014,14,500,974,no,84,1000
2025-05-22T17:09:16.906555,KXBTCD-25MAY2221-T111999.99,DELTA,10,1014,14,500,975,no,82,1250
2025-05-22T17:09:16.946322,KXBTCD-25MAY2221-T111999.99,DELTA,10,1014,14,500,976,yes,8,-2000
2025-05-22T17:09:16.966205,KXBTCD-25MAY2221-T111999.99,DELTA,10,1014,14,500,977,no,81,-2000
2025-05-22T17:09:16.966675,KXBTCD-25MAY2221-T111999.99,DELTA,10,1014,14,500,978,no,84,-1000
2025-05-22T17:09:16.986828,KXBTCD-25MAY2221-T111999.99,DELTA,10,1014,14,500,979,no,82,-1250
2025-05-22T17:09:16.987533,KXBTCD-25MAY2221-T111999.99,DELTA,10,1014,14,500,980,yes,9,2000
2025-05-22T17:09:17.026916,KXBTCD-25MAY2221-T111999.99,DELTA,10,1014,14,500,981,no,80,2000
2025-05-22T17:09:17.027785,KXBTCD-25MAY2221-T111999.99,DELTA,10,1014,14,500,982,no,83,1000
2025-05-22T17:09:17.046913,KXBTCD-25MAY2221-T111999.99,DELTA,10,1014,14,500,983,no,81,1250
2025-05-22T17:09:17.228966,KXBTCD-25MAY2221-T111999.99,DELTA,12,200,14,500,984,yes,12,200
2025-05-22T17:09:17.292242,KXBTCD-25MAY2221-T111999.99,DELTA,12,200,14,500,985,yes,10,-1000
2025-05-22T17:09:17.326741,KXBTCD-25MAY2221-T111999.99,DELTA,12,1200,14,500,986,yes,12,1000
2025-05-22T17:09:18.003061,KXBTCD-25MAY2221-T111999.99,DELTA,12,1200,14,500,987,yes,9,-2000
2025-05-22T17:09:18.003253,KXBTCD-25MAY2221-T111999.99,DELTA,12,200,14,500,988,yes,12,-1000
2025-05-22T17:09:18.019042,KXBTCD-25MAY2221-T111999.99,DELTA,12,200,14,500,989,no,80,-2000
2025-05-22T17:09:18.019538,KXBTCD-25MAY2221-T111999.99,DELTA,12,200,14,500,990,no,83,-1000
2025-05-22T17:09:18.034509,KXBTCD-25MAY2221-T111999.99,DELTA,12,200,14,500,991,no,81,-1250
2025-05-22T17:09:18.125635,KXBTCD-25MAY2221-T111999.99,DELTA,12,200,14,500,992,no,81,2000
2025-05-22T17:09:18.126353,KXBTCD-25MAY2221-T111999.99,DELTA,12,200,14,500,993,no,82,1250
2025-05-22T17:09:18.126918,KXBTCD-25MAY2221-T111999.99,DELTA,12,200,14,500,994,yes,8,2000
2025-05-22T17:09:18.127417,KXBTCD-25MAY2221-T111999.99,DELTA,12,200,14,500,995,yes,10,1000
2025-05-22T17:09:18.127800,KXBTCD-25MAY2221-T111999.99,DELTA,12,200,14,500,996,no,84,1000
2025-05-22T17:09:18.438678,KXBTCD-25MAY2221-T111999.99,DELTA,12,200,14,500,997,no,82,-100
2025-05-22T17:09:20.060942,KXBTCD-25MAY2221-T111999.99,DELTA,12,200,14,500,998,no,82,100
2025-05-22T17:09:20.526865,KXBTCD-25MAY2221-T111999.99,DELTA,12,200,14,500,999,no,82,-100
2025-05-22T17:09:21.085403,KXBTCD-25MAY2221-T111999.99,DELTA,12,200,14,500,1000,yes,8,-2000
2025-05-22T17:09:21.087109,KXBTCD-25MAY2221-T111999.99,DELTA,12,200,14,500,1001,yes,10,-1000
2025-05-22T17:09:21.087491,KXBTCD-25MAY2221-T111999.99,DELTA,12,200,14,500,1002,no,81,-2000
2025-05-22T17:09:21.108710,KXBTCD-25MAY2221-T111999.99,DELTA,12,200,14,500,1003,no,84,-1000
2025-05-22T17:09:21.109181,KXBTCD-25MAY2221-T111999.99,DELTA,12,200,14,500,1004,no,82,-1250
2025-05-22T17:09:21.168221,KXBTCD-25MAY2221-T111999.99,DELTA,12,200,14,500,1005,no,83,1000
2025-05-22T17:09:21.168552,KXBTCD-25MAY2221-T111999.99,DELTA,12,1200,14,500,1006,yes,12,1000
2025-05-22T17:09:21.168700,KXBTCD-25MAY2221-T111999.99,DELTA,12,1200,14,500,1007,yes,9,2000
2025-05-22T17:09:21.168813,KXBTCD-25MAY2221-T111999.99,DELTA,12,1200,14,500,1008,no,81,1250
2025-05-22T17:09:21.240946,KXBTCD-25MAY2221-T111999.99,DELTA,12,1200,14,500,1009,no,80,2000
2025-05-22T17:09:22.330383,KXBTCD-25MAY2221-T111999.99,DELTA,12,1200,14,500,1010,no,83,100
2025-05-22T17:09:23.746607,KXBTCD-25MAY2221-T111999.99,DELTA,12,200,14,500,1011,yes,12,-1000
2025-05-22T17:09:23.747226,KXBTCD-25MAY2221-T111999.99,DELTA,12,200,14,500,1012,no,80,-2000
2025-05-22T17:09:23.766962,KXBTCD-25MAY2221-T111999.99,DELTA,12,200,14,500,1013,no,83,-1000
2025-05-22T17:09:23.767066,KXBTCD-25MAY2221-T111999.99,DELTA,12,200,14,500,1014,no,81,-1250
2025-05-22T17:09:23.846462,KXBTCD-25MAY2221-T111999.99,DELTA,12,200,14,500,1015,no,80,1250
2025-05-22T17:09:23.846641,KXBTCD-25MAY2221-T111999.99,DELTA,12,200,14,500,1016,no,79,2000
2025-05-22T17:09:23.867848,KXBTCD-25MAY2221-T111999.99,DELTA,13,1000,14,500,1017,yes,13,1000
2025-05-22T17:09:23.868330,KXBTCD-25MAY2221-T111999.99,DELTA,13,1000,14,500,1018,no,82,1000
2025-05-22T17:09:24.128426,KXBTCD-25MAY2221-T111999.99,DELTA,13,1000,14,500,1019,no,80,-1250
2025-05-22T17:09:24.187245,KXBTCD-25MAY2221-T111999.99,DELTA,13,1000,14,500,1020,no,84,-250
2025-05-22T17:09:24.187919,KXBTCD-25MAY2221-T111999.99,DELTA,13,1000,14,500,1021,no,74,250
2025-05-22T17:09:24.207120,KXBTCD-25MAY2221-T111999.99,DELTA,13,1000,14,500,1022,yes,10,250
2025-05-22T17:09:24.226470,KXBTCD-25MAY2221-T111999.99,DELTA,13,1000,14,500,1023,yes,8,-500
2025-05-22T17:09:24.247453,KXBTCD-25MAY2221-T111999.99,DELTA,13,1000,14,500,1024,no,79,1250
2025-05-22T17:09:24.247922,KXBTCD-25MAY2221-T111999.99,DELTA,13,1000,17,100,1025,no,86,-500
2025-05-22T17:09:24.306588,KXBTCD-25MAY2221-T111999.99,DELTA,13,1000,17,100,1026,yes,10,150
2025-05-22T17:09:24.327273,KXBTCD-25MAY2221-T111999.99,DELTA,13,1000,15,400,1027,no,85,400
2025-05-22T17:09:24.327716,KXBTCD-25MAY2221-T111999.99,DELTA,13,1000,15,400,1028,yes,9,-2000
2025-05-22T17:09:24.346585,KXBTCD-25MAY2221-T111999.99,DELTA,13,1000,15,400,1029,yes,9,-1250
2025-05-22T17:09:24.486175,KXBTCD-25MAY2221-T111999.99,DELTA,13,1000,15,400,1030,yes,11,1250
2025-05-22T17:09:24.507448,KXBTCD-25MAY2221-T111999.99,DELTA,13,1000,15,400,1031,yes,10,2000
2025-05-22T17:09:25.327035,KXBTCD-25MAY2221-T111999.99,DELTA,13,1000,15,400,1032,no,83,-100
2025-05-22T17:09:26.586612,KXBTCD-25MAY2221-T111999.99,DELTA,13,1000,15,400,1033,no,79,-1250
2025-05-22T17:09:26.626852,KXBTCD-25MAY2221-T111999.99,DELTA,13,1000,15,400,1034,no,80,1250
2025-05-22T17:09:27.107228,KXBTCD-25MAY2221-T111999.99,DELTA,13,1000,15,400,1035,no,81,100
2025-05-22T17:09:28.087478,KXBTCD-25MAY2221-T111999.99,DELTA,13,1000,15,400,1036,no,40,-810
2025-05-22T17:09:28.207822,KXBTCD-25MAY2221-T111999.99,DELTA,13,1000,15,400,1037,yes,10,-150
2025-05-22T17:09:28.247288,KXBTCD-25MAY2221-T111999.99,DELTA,13,1000,15,400,1038,yes,9,500
2025-05-22T17:09:29.486857,KXBTCD-25MAY2221-T111999.99,DELTA,13,1000,15,400,1039,no,40,810
2025-05-22T17:09:30.647267,KXBTCD-25MAY2221-T111999.99,DELTA,13,1000,15,400,1040,yes,10,-250
2025-05-22T17:09:30.648217,KXBTCD-25MAY2221-T111999.99,DELTA,13,1000,15,400,1041,yes,10,-2000
2025-05-22T17:09:30.667829,KXBTCD-25MAY2221-T111999.99,DELTA,12,200,15,400,1042,yes,13,-1000
2025-05-22T17:09:30.668401,KXBTCD-25MAY2221-T111999.99,DELTA,12,200,15,400,1043,yes,11,-1250
2025-05-22T17:09:30.686602,KXBTCD-25MAY2221-T111999.99,DELTA,12,200,15,400,1044,no,79,-2000
2025-05-22T17:09:30.687227,KXBTCD-25MAY2221-T111999.99,DELTA,12,200,15,400,1045,no,81,-100
2025-05-22T17:09:30.687740,KXBTCD-25MAY2221-T111999.99,DELTA,12,200,15,400,1046,no,82,-1000
2025-05-22T17:09:30.746890,KXBTCD-25MAY2221-T111999.99,DELTA,12,200,15,400,1047,yes,9,2000
2025-05-22T17:09:30.747489,KXBTCD-25MAY2221-T111999.99,DELTA,12,1200,15,400,1048,yes,12,1000
2025-05-22T17:09:30.766684,KXBTCD-25MAY2221-T111999.99,DELTA,12,1200,15,400,1049,no,80,2000
2025-05-22T17:09:30.767302,KXBTCD-25MAY2221-T111999.99,DELTA,12,1200,15,400,1050,yes,10,1250
2025-05-22T17:09:30.767802,KXBTCD-25MAY2221-T111999.99,DELTA,12,1200,15,400,1051,no,83,1000
2025-05-22T17:09:30.929350,KXBTCD-25MAY2221-T111999.99,DELTA,12,1200,15,400,1052,no,80,-1250
2025-05-22T17:09:30.988438,KXBTCD-25MAY2221-T111999.99,DELTA,12,1200,15,400,1053,no,81,1250
2025-05-22T17:09:31.007563,KXBTCD-25MAY2221-T111999.99,DELTA,12,1200,15,400,1054,yes,9,-500
2025-05-22T17:09:31.066917,KXBTCD-25MAY2221-T111999.99,DELTA,12,1200,17,1000,1055,no,85,-400
2025-05-22T17:09:31.067723,KXBTCD-25MAY2221-T111999.99,DELTA,12,1200,17,1000,1056,yes,10,-1250
2025-05-22T17:09:31.150928,KXBTCD-25MAY2221-T111999.99,DELTA,12,1200,17,1000,1057,yes,9,1250
2025-05-22T17:09:31.168085,KXBTCD-25MAY2221-T111999.99,DELTA,12,1200,16,250,1058,no,84,250
2025-05-22T17:09:31.188008,KXBTCD-25MAY2221-T111999.99,DELTA,12,1200,16,250,1059,yes,8,500
2025-05-22T17:09:31.188928,KXBTCD-25MAY2221-T111999.99,DELTA,12,1200,13,100,1060,no,87,100
2025-05-22T17:09:31.208123,KXBTCD-25MAY2221-T111999.99,DELTA,12,1200,13,100,1061,no,74,-250
2025-05-22T17:09:31.367286,KXBTCD-25MAY2221-T111999.99,DELTA,12,1200,16,250,1062,no,87,-100
2025-05-22T17:09:31.447158,KXBTCD-25MAY2221-T111999.99,DELTA,12,1200,13,350,1063,no,87,350
2025-05-22T17:09:31.547054,KXBTCD-25MAY2221-T111999.99,DELTA,12,1200,13,350,1064,no,80,-2000
2025-05-22T17:09:31.548101,KXBTCD-25MAY2221-T111999.99,DELTA,12,1200,13,350,1065,no,83,-1000
2025-05-22T17:09:31.566239,KXBTCD-25MAY2221-T111999.99,DELTA,12,1200,13,350,1066,no,81,-1250
2025-05-22T17:09:31.627128,KXBTCD-25MAY2221-T111999.99,DELTA,12,1200,13,350,1067,no,80,1250
2025-05-22T17:09:31.628099,KXBTCD-25MAY2221-T111999.99,DELTA,12,1200,13,350,1068,no,79,2000
2025-05-22T17:09:31.628827,KXBTCD-25MAY2221-T111999.99,DELTA,12,1200,13,350,1069,no,82,1000
2025-05-22T17:09:31.806039,KXBTCD-25MAY2221-T111999.99,DELTA,12,1200,13,350,1070,no,79,-2000
2025-05-22T17:09:31.806424,KXBTCD-25MAY2221-T111999.99,DELTA,12,1200,13,350,1071,no,82,-1000
2025-05-22T17:09:31.826007,KXBTCD-25MAY2221-T111999.99,DELTA,12,1200,13,350,1072,no,80,-1250
2025-05-22T17:09:31.865926,KXBTCD-25MAY2221-T111999.99,DELTA,12,1200,13,350,1073,no,83,1000
2025-05-22T17:09:31.866054,KXBTCD-25MAY2221-T111999.99,DELTA,12,1200,13,350,1074,no,81,1250
2025-05-22T17:09:31.886951,KXBTCD-25MAY2221-T111999.99,DELTA,12,1200,13,350,1075,no,80,2000
2025-05-22T17:09:33.787442,KXBTCD-25MAY2221-T111999.99,DELTA,12,1200,13,350,1076,no,82,100
2025-05-22T17:09:34.147006,KXBTCD-25MAY2221-T111999.99,DELTA,12,1200,13,350,1077,no,76,-250
2025-05-22T17:09:34.167467,KXBTCD-25MAY2221-T111999.99,DELTA,12,1200,13,350,1078,yes,8,-250
2025-05-22T17:09:34.187462,KXBTCD-25MAY2221-T111999.99,DELTA,12,1200,13,350,1079,no,86,250
2025-05-22T17:09:34.706826,KXBTCD-25MAY2221-T111999.99,DELTA,12,1200,13,350,1080,no,82,-100
2025-05-22T17:09:34.727412,KXBTCD-25MAY2221-T111999.99,DELTA,12,1200,13,350,1081,yes,9,-2000
2025-05-22T17:09:34.747037,KXBTCD-25MAY2221-T111999.99,DELTA,12,200,13,350,1082,yes,12,-1000
2025-05-22T17:09:34.747735,KXBTCD-25MAY2221-T111999.99,DELTA,12,200,13,350,1083,no,80,-2000
2025-05-22T17:09:34.767113,KXBTCD-25MAY2221-T111999.99,DELTA,12,200,13,350,1084,no,83,-1000
2025-05-22T17:09:34.767753,KXBTCD-25MAY2221-T111999.99,DELTA,12,200,13,350,1085,no,81,-1250
2025-05-22T17:09:34.830770,KXBTCD-25MAY2221-T111999.99,DELTA,12,200,13,350,1086,yes,8,2000
2025-05-22T17:09:34.832091,KXBTCD-25MAY2221-T111999.99,DELTA,12,200,13,350,1087,no,82,1250
2025-05-22T17:09:34.833653,KXBTCD-25MAY2221-T111999.99,DELTA,12,200,13,350,1088,no,84,1000
2025-05-22T17:09:34.834593,KXBTCD-25MAY2221-T111999.99,DELTA,12,200,13,350,1089,yes,10,1000
2025-05-22T17:09:34.835544,KXBTCD-25MAY2221-T111999.99,DELTA,12,200,13,350,1090,no,81,2000
2025-05-22T17:09:35.323219,KXBTCD-25MAY2221-T111999.99,DELTA,12,200,13,350,1091,yes,8,-2000
2025-05-22T17:09:35.324214,KXBTCD-25MAY2221-T111999.99,DELTA,12,200,13,350,1092,yes,10,-1000
2025-05-22T17:09:35.326916,KXBTCD-25MAY2221-T111999.99,DELTA,12,200,13,350,1093,no,81,-2000
2025-05-22T17:09:35.327585,KXBTCD-25MAY2221-T111999.99,DELTA,12,200,13,350,1094,no,84,-1000
2025-05-22T17:09:35.346318,KXBTCD-25MAY2221-T111999.99,DELTA,12,200,13,350,1095,no,82,-1250
2025-05-22T17:09:35.386229,KXBTCD-25MAY2221-T111999.99,DELTA,12,200,13,350,1096,yes,9,2000
2025-05-22T17:09:35.387169,KXBTCD-25MAY2221-T111999.99,DELTA,12,200,13,350,1097,no,83,1000
2025-05-22T17:09:35.387751,KXBTCD-25MAY2221-T111999.99,DELTA,12,1200,13,350,1098,yes,12,1000
2025-05-22T17:09:35.467268,KXBTCD-25MAY2221-T111999.99,DELTA,12,1200,13,350,1099,no,80,2000
