timestamp,market_ticker,type,yes_bid_price_cents,yes_bid_qty,yes_ask_price_cents,yes_ask_qty_on_no_side,sequence_num,delta_side,delta_price_cents,delta_quantity
2025-05-20T15:01:24.178081,KXBTCD-25MAY2019-T106999.99,SNAPSHOT,23,25,27,14,1,,,
2025-05-20T15:01:24.389861,KXBTCD-25MAY2019-T106999.99,DELTA,23,25,27,14,2,no,69,100
2025-05-20T15:01:24.492409,KXBTCD-25MAY2019-T106999.99,DELTA,23,25,27,14,3,no,41,-1000
2025-05-20T15:01:24.492694,KXBTCD-25MAY2019-T106999.99,DELTA,23,125,27,14,4,yes,23,100
2025-05-20T15:01:24.617392,KXBTCD-25MAY2019-T106999.99,DELTA,23,125,27,14,5,no,70,1000
2025-05-20T15:01:24.618611,KXBTCD-25MAY2019-T106999.99,DELTA,23,125,27,14,6,yes,18,-1000
2025-05-20T15:01:24.774172,KXBTCD-25MAY2019-T106999.99,DELTA,24,1000,27,14,7,yes,24,1000
2025-05-20T15:01:24.899240,KXBTCD-25MAY2019-T106999.99,DELTA,24,1000,27,14,8,yes,23,-25
2025-05-20T15:01:24.900459,KXBTCD-25MAY2019-T106999.99,DELTA,25,25,27,14,9,yes,25,25
2025-05-20T15:01:26.273629,KXBTCD-25MAY2019-T106999.99,DELTA,25,25,27,14,10,no,67,-25
2025-05-20T15:01:26.274110,KXBTCD-25MAY2019-T106999.99,DELTA,25,25,27,14,11,no,66,25
2025-05-20T15:01:27.960730,KXBTCD-25MAY2019-T106999.99,DELTA,25,25,27,14,12,no,70,-1000
2025-05-20T15:01:28.002661,KXBTCD-25MAY2019-T106999.99,DELTA,25,25,27,14,13,no,69,1000
2025-05-20T15:01:28.259240,KXBTCD-25MAY2019-T106999.99,DELTA,25,25,27,14,14,yes,19,30
2025-05-20T15:01:28.260103,KXBTCD-25MAY2019-T106999.99,DELTA,25,25,27,14,15,yes,17,-30
2025-05-20T15:01:28.260711,KXBTCD-25MAY2019-T106999.99,DELTA,25,25,27,14,16,no,72,-30
2025-05-20T15:01:28.261248,KXBTCD-25MAY2019-T106999.99,DELTA,25,25,27,14,17,no,70,30
2025-05-20T15:01:28.278041,KXBTCD-25MAY2019-T106999.99,DELTA,25,25,27,14,18,no,69,-1000
2025-05-20T15:01:28.317637,KXBTCD-25MAY2019-T106999.99,DELTA,25,25,27,14,19,no,70,1000
2025-05-20T15:01:28.475814,KXBTCD-25MAY2019-T106999.99,DELTA,25,25,27,14,20,yes,20,14
2025-05-20T15:01:28.476817,KXBTCD-25MAY2019-T106999.99,DELTA,25,25,27,14,21,yes,18,-14
2025-05-20T15:01:28.496385,KXBTCD-25MAY2019-T106999.99,DELTA,25,25,30,1030,22,no,73,-14
2025-05-20T15:01:28.497132,KXBTCD-25MAY2019-T106999.99,DELTA,25,25,29,14,23,no,71,14
2025-05-20T15:01:28.801808,KXBTCD-25MAY2019-T106999.99,DELTA,25,25,29,14,24,yes,23,-100
2025-05-20T15:01:28.861693,KXBTCD-25MAY2019-T106999.99,DELTA,25,25,29,14,25,yes,24,-1000
2025-05-20T15:01:28.902411,KXBTCD-25MAY2019-T106999.99,DELTA,25,25,29,14,26,yes,20,1000
2025-05-20T15:01:28.922434,KXBTCD-25MAY2019-T106999.99,DELTA,25,25,29,14,27,yes,4,-8100
2025-05-20T15:01:28.923122,KXBTCD-25MAY2019-T106999.99,DELTA,25,25,29,14,28,yes,5,6480
2025-05-20T15:01:28.967329,KXBTCD-25MAY2019-T106999.99,DELTA,25,25,29,14,29,yes,5,-20000
2025-05-20T15:01:28.967513,KXBTCD-25MAY2019-T106999.99,DELTA,25,25,29,14,30,yes,5,-2000
2025-05-20T15:01:28.997249,KXBTCD-25MAY2019-T106999.99,DELTA,25,25,29,14,31,yes,6,2000
2025-05-20T15:01:28.997422,KXBTCD-25MAY2019-T106999.99,DELTA,25,25,29,14,32,yes,6,20000
2025-05-20T15:01:29.015030,KXBTCD-25MAY2019-T106999.99,DELTA,25,25,29,14,33,no,69,-100
2025-05-20T15:01:29.655477,KXBTCD-25MAY2019-T106999.99,DELTA,25,25,29,14,34,yes,24,100
2025-05-20T15:01:29.683255,KXBTCD-25MAY2019-T106999.99,DELTA,25,25,29,14,35,yes,20,-1000
2025-05-20T15:01:29.722378,KXBTCD-25MAY2019-T106999.99,DELTA,25,1025,29,14,36,yes,25,1000
2025-05-20T15:01:29.782193,KXBTCD-25MAY2019-T106999.99,DELTA,25,1000,29,14,37,yes,25,-25
2025-05-20T15:01:29.782928,KXBTCD-25MAY2019-T106999.99,DELTA,26,25,29,14,38,yes,26,25
2025-05-20T15:01:30.178742,KXBTCD-25MAY2019-T106999.99,DELTA,26,25,29,14,39,no,68,100
2025-05-20T15:01:30.442620,KXBTCD-25MAY2019-T106999.99,DELTA,26,25,29,14,40,yes,24,-100
2025-05-20T15:01:30.503656,KXBTCD-25MAY2019-T106999.99,DELTA,26,25,29,14,41,yes,25,-1000
2025-05-20T15:01:30.549062,KXBTCD-25MAY2019-T106999.99,DELTA,26,25,29,14,42,yes,20,1000
2025-05-20T15:01:31.243851,KXBTCD-25MAY2019-T106999.99,DELTA,26,25,29,14,43,yes,24,100
2025-05-20T15:01:31.302950,KXBTCD-25MAY2019-T106999.99,DELTA,26,25,29,14,44,yes,20,-1000
2025-05-20T15:01:31.365503,KXBTCD-25MAY2019-T106999.99,DELTA,26,25,29,14,45,yes,25,1000
2025-05-20T15:01:31.564660,KXBTCD-25MAY2019-T106999.99,DELTA,26,25,29,14,46,yes,5,-6480
2025-05-20T15:01:31.565027,KXBTCD-25MAY2019-T106999.99,DELTA,26,25,29,14,47,yes,4,8100
2025-05-20T15:01:31.565410,KXBTCD-25MAY2019-T106999.99,DELTA,26,25,29,14,48,yes,24,-100
2025-05-20T15:01:31.625569,KXBTCD-25MAY2019-T106999.99,DELTA,26,25,29,14,49,yes,6,-20000
2025-05-20T15:01:31.646014,KXBTCD-25MAY2019-T106999.99,DELTA,26,25,29,14,50,yes,6,-2000
2025-05-20T15:01:31.646352,KXBTCD-25MAY2019-T106999.99,DELTA,26,25,29,14,51,yes,25,-1000
2025-05-20T15:01:31.769401,KXBTCD-25MAY2019-T106999.99,DELTA,26,25,29,14,52,yes,5,2000
2025-05-20T15:01:31.770422,KXBTCD-25MAY2019-T106999.99,DELTA,26,25,29,14,53,yes,20,1000
2025-05-20T15:01:31.771197,KXBTCD-25MAY2019-T106999.99,DELTA,26,25,29,14,54,yes,5,20000
2025-05-20T15:01:32.267267,KXBTCD-25MAY2019-T106999.99,DELTA,20,1014,29,14,55,yes,26,-25
2025-05-20T15:01:32.268212,KXBTCD-25MAY2019-T106999.99,DELTA,21,25,29,14,56,yes,21,25
2025-05-20T15:01:32.268926,KXBTCD-25MAY2019-T106999.99,DELTA,21,25,29,14,57,no,66,-25
2025-05-20T15:01:32.269518,KXBTCD-25MAY2019-T106999.99,DELTA,21,25,29,14,58,no,65,25
2025-05-20T15:01:32.606134,KXBTCD-25MAY2019-T106999.99,DELTA,24,100,29,14,59,yes,24,100
2025-05-20T15:01:32.669791,KXBTCD-25MAY2019-T106999.99,DELTA,24,100,29,14,60,yes,20,-1000
2025-05-20T15:01:32.670565,KXBTCD-25MAY2019-T106999.99,DELTA,24,100,29,14,61,yes,21,-25
2025-05-20T15:01:32.671463,KXBTCD-25MAY2019-T106999.99,DELTA,25,25,29,14,62,yes,25,25
2025-05-20T15:01:32.728874,KXBTCD-25MAY2019-T106999.99,DELTA,25,1025,29,14,63,yes,25,1000
2025-05-20T15:01:32.767152,KXBTCD-25MAY2019-T106999.99,DELTA,25,1025,29,14,64,yes,24,-100
2025-05-20T15:01:32.786816,KXBTCD-25MAY2019-T106999.99,DELTA,25,1000,29,14,65,yes,25,-25
2025-05-20T15:01:32.787170,KXBTCD-25MAY2019-T106999.99,DELTA,26,25,29,14,66,yes,26,25
2025-05-20T15:01:32.826760,KXBTCD-25MAY2019-T106999.99,DELTA,26,25,29,14,67,yes,25,-1000
2025-05-20T15:01:32.866067,KXBTCD-25MAY2019-T106999.99,DELTA,26,25,29,14,68,yes,20,1000
2025-05-20T15:01:33.591482,KXBTCD-25MAY2019-T106999.99,DELTA,26,25,29,14,69,yes,24,100
2025-05-20T15:01:33.650169,KXBTCD-25MAY2019-T106999.99,DELTA,26,25,29,14,70,yes,20,-1000
2025-05-20T15:01:33.689128,KXBTCD-25MAY2019-T106999.99,DELTA,26,25,29,14,71,yes,25,1000
2025-05-20T15:01:39.434111,KXBTCD-25MAY2019-T106999.99,DELTA,26,25,29,14,72,no,70,-1000
2025-05-20T15:01:39.493884,KXBTCD-25MAY2019-T106999.99,DELTA,26,25,29,14,73,no,69,1000
2025-05-20T15:01:39.547221,KXBTCD-25MAY2019-T106999.99,DELTA,26,25,29,14,74,yes,24,-100
2025-05-20T15:01:39.547823,KXBTCD-25MAY2019-T106999.99,DELTA,26,25,29,14,75,no,53,9
2025-05-20T15:01:39.630265,KXBTCD-25MAY2019-T106999.99,DELTA,26,25,29,14,76,yes,25,-1000
2025-05-20T15:01:39.656070,KXBTCD-25MAY2019-T106999.99,DELTA,26,25,29,14,77,yes,20,1000
2025-05-20T15:01:40.298112,KXBTCD-25MAY2019-T106999.99,DELTA,26,25,29,14,78,yes,25,100
2025-05-20T15:01:40.378467,KXBTCD-25MAY2019-T106999.99,DELTA,26,25,29,14,79,yes,20,-1000
2025-05-20T15:01:40.422820,KXBTCD-25MAY2019-T106999.99,DELTA,26,1025,29,14,80,yes,26,1000
2025-05-20T15:01:40.477250,KXBTCD-25MAY2019-T106999.99,DELTA,26,1000,29,14,81,yes,26,-25
2025-05-20T15:01:40.479208,KXBTCD-25MAY2019-T106999.99,DELTA,27,25,29,14,82,yes,27,25
2025-05-20T15:01:40.637993,KXBTCD-25MAY2019-T106999.99,DELTA,27,25,29,14,83,yes,26,-1000
2025-05-20T15:01:40.658848,KXBTCD-25MAY2019-T106999.99,DELTA,27,25,29,14,84,no,69,-1000
2025-05-20T15:01:40.701458,KXBTCD-25MAY2019-T106999.99,DELTA,27,25,29,14,85,yes,25,1000
2025-05-20T15:01:40.702540,KXBTCD-25MAY2019-T106999.99,DELTA,27,25,29,14,86,no,70,1000
2025-05-20T15:01:40.958118,KXBTCD-25MAY2019-T106999.99,DELTA,25,1100,29,14,87,yes,27,-25
2025-05-20T15:01:40.958494,KXBTCD-25MAY2019-T106999.99,DELTA,26,25,29,14,88,yes,26,25
2025-05-20T15:01:41.639782,KXBTCD-25MAY2019-T106999.99,DELTA,26,25,29,14,89,yes,25,-1000
2025-05-20T15:01:41.640858,KXBTCD-25MAY2019-T106999.99,DELTA,26,25,29,14,90,no,70,-1000
2025-05-20T15:01:41.641298,KXBTCD-25MAY2019-T106999.99,DELTA,26,1025,29,14,91,yes,26,1000
2025-05-20T15:01:41.641671,KXBTCD-25MAY2019-T106999.99,DELTA,26,1025,29,14,92,no,69,1000
2025-05-20T15:01:41.641907,KXBTCD-25MAY2019-T106999.99,DELTA,26,1025,29,14,93,yes,21,9
2025-05-20T15:01:41.642133,KXBTCD-25MAY2019-T106999.99,DELTA,26,1025,29,14,94,no,53,-9
2025-05-20T15:01:41.642666,KXBTCD-25MAY2019-T106999.99,DELTA,26,1000,29,14,95,yes,26,-25
2025-05-20T15:01:41.642894,KXBTCD-25MAY2019-T106999.99,DELTA,27,25,29,14,96,yes,27,25
2025-05-20T15:01:42.721961,KXBTCD-25MAY2019-T106999.99,DELTA,27,25,29,14,97,yes,26,-1000
2025-05-20T15:01:42.763164,KXBTCD-25MAY2019-T106999.99,DELTA,27,25,29,14,98,yes,25,1000
2025-05-20T15:01:46.142921,KXBTCD-25MAY2019-T106999.99,DELTA,27,25,29,14,99,yes,25,-1000
2025-05-20T15:01:46.197234,KXBTCD-25MAY2019-T106999.99,DELTA,27,25,29,14,100,yes,26,1000
2025-05-20T15:01:46.265926,KXBTCD-25MAY2019-T106999.99,DELTA,27,25,29,14,101,yes,26,-1000
2025-05-20T15:01:46.407979,KXBTCD-25MAY2019-T106999.99,DELTA,27,25,29,14,102,yes,25,1000
2025-05-20T15:01:46.860244,KXBTCD-25MAY2019-T106999.99,DELTA,27,25,29,14,103,yes,21,30
2025-05-20T15:01:46.861372,KXBTCD-25MAY2019-T106999.99,DELTA,27,25,29,14,104,yes,19,-30
2025-05-20T15:01:46.862165,KXBTCD-25MAY2019-T106999.99,DELTA,27,25,29,14,105,no,68,30
2025-05-20T15:01:46.862859,KXBTCD-25MAY2019-T106999.99,DELTA,27,25,29,14,106,no,70,-30
2025-05-20T15:01:46.863445,KXBTCD-25MAY2019-T106999.99,DELTA,25,1100,29,14,107,yes,27,-25
2025-05-20T15:01:46.863859,KXBTCD-25MAY2019-T106999.99,DELTA,26,25,29,14,108,yes,26,25
2025-05-20T15:01:46.864255,KXBTCD-25MAY2019-T106999.99,DELTA,26,25,29,14,109,yes,25,-1000
2025-05-20T15:01:46.966471,KXBTCD-25MAY2019-T106999.99,DELTA,26,1025,29,14,110,yes,26,1000
2025-05-20T15:01:47.157005,KXBTCD-25MAY2019-T106999.99,DELTA,26,1000,29,14,111,yes,26,-25
2025-05-20T15:01:47.158076,KXBTCD-25MAY2019-T106999.99,DELTA,27,25,29,14,112,yes,27,25
2025-05-20T15:01:47.158638,KXBTCD-25MAY2019-T106999.99,DELTA,27,25,29,14,113,yes,20,-14
2025-05-20T15:01:47.159145,KXBTCD-25MAY2019-T106999.99,DELTA,27,25,29,14,114,yes,22,14
2025-05-20T15:01:47.159674,KXBTCD-25MAY2019-T106999.99,DELTA,27,25,29,14,115,no,69,14
2025-05-20T15:01:47.160175,KXBTCD-25MAY2019-T106999.99,DELTA,27,25,31,1014,116,no,71,-14
2025-05-20T15:01:47.307071,KXBTCD-25MAY2019-T106999.99,DELTA,27,25,31,1014,117,no,68,-100
2025-05-20T15:01:47.326095,KXBTCD-25MAY2019-T106999.99,DELTA,27,25,31,1014,118,yes,25,-100
2025-05-20T15:01:47.447218,KXBTCD-25MAY2019-T106999.99,DELTA,27,25,31,1014,119,yes,26,-1000
2025-05-20T15:01:47.566714,KXBTCD-25MAY2019-T106999.99,DELTA,27,25,31,1014,120,yes,22,1000
2025-05-20T15:01:49.145879,KXBTCD-25MAY2019-T106999.99,DELTA,27,25,31,1014,121,no,66,100
2025-05-20T15:01:49.165525,KXBTCD-25MAY2019-T106999.99,DELTA,27,25,31,1014,122,yes,26,100
2025-05-20T15:01:49.265551,KXBTCD-25MAY2019-T106999.99,DELTA,27,25,31,1014,123,yes,23,9
2025-05-20T15:01:49.265749,KXBTCD-25MAY2019-T106999.99,DELTA,27,25,31,1014,124,yes,21,-9
2025-05-20T15:01:49.305255,KXBTCD-25MAY2019-T106999.99,DELTA,27,25,31,1014,125,yes,22,-1000
2025-05-20T15:01:49.405642,KXBTCD-25MAY2019-T106999.99,DELTA,27,25,31,1014,126,yes,26,1000
2025-05-20T15:01:49.426672,KXBTCD-25MAY2019-T106999.99,DELTA,27,25,31,1014,127,no,66,-100
2025-05-20T15:01:50.311696,KXBTCD-25MAY2019-T106999.99,DELTA,27,25,31,1014,128,yes,4,-8100
2025-05-20T15:01:50.312925,KXBTCD-25MAY2019-T106999.99,DELTA,27,25,31,1014,129,yes,3,10800
2025-05-20T15:01:50.425676,KXBTCD-25MAY2019-T106999.99,DELTA,27,25,31,1014,130,yes,5,-20000
2025-05-20T15:01:50.425849,KXBTCD-25MAY2019-T106999.99,DELTA,27,25,31,1014,131,yes,5,-2000
2025-05-20T15:01:50.525643,KXBTCD-25MAY2019-T106999.99,DELTA,27,25,31,1014,132,yes,4,2000
2025-05-20T15:01:50.525987,KXBTCD-25MAY2019-T106999.99,DELTA,27,25,31,1014,133,yes,4,20000
2025-05-20T15:01:50.585967,KXBTCD-25MAY2019-T106999.99,DELTA,27,25,31,1014,134,no,67,100
2025-05-20T15:01:52.626691,KXBTCD-25MAY2019-T106999.99,DELTA,27,25,31,1014,135,yes,26,-1000
2025-05-20T15:01:52.973357,KXBTCD-25MAY2019-T106999.99,DELTA,27,25,31,1014,136,yes,22,1000
2025-05-20T15:01:55.110643,KXBTCD-25MAY2019-T106999.99,DELTA,27,25,31,1014,137,yes,3,-10800
2025-05-20T15:01:55.111986,KXBTCD-25MAY2019-T106999.99,DELTA,27,25,31,1014,138,yes,5,6480
2025-05-20T15:01:55.205780,KXBTCD-25MAY2019-T106999.99,DELTA,27,25,31,1014,139,yes,4,-20000
2025-05-20T15:01:55.227248,KXBTCD-25MAY2019-T106999.99,DELTA,27,25,31,1014,140,yes,4,-2000
2025-05-20T15:01:55.326008,KXBTCD-25MAY2019-T106999.99,DELTA,27,25,31,1014,141,yes,6,2000
2025-05-20T15:01:55.345803,KXBTCD-25MAY2019-T106999.99,DELTA,27,25,31,1014,142,yes,6,20000
2025-05-20T15:01:56.287028,KXBTCD-25MAY2019-T106999.99,DELTA,27,25,31,1014,143,yes,5,-6480
2025-05-20T15:01:56.287689,KXBTCD-25MAY2019-T106999.99,DELTA,27,25,31,1014,144,yes,4,8100
2025-05-20T15:01:56.407214,KXBTCD-25MAY2019-T106999.99,DELTA,27,25,31,1014,145,yes,6,-20000
2025-05-20T15:01:56.407630,KXBTCD-25MAY2019-T106999.99,DELTA,27,25,31,1014,146,yes,6,-2000
2025-05-20T15:01:56.576499,KXBTCD-25MAY2019-T106999.99,DELTA,27,25,31,1014,147,yes,5,2000
2025-05-20T15:01:56.577898,KXBTCD-25MAY2019-T106999.99,DELTA,27,25,31,1014,148,yes,5,20000
2025-05-20T15:01:57.507452,KXBTCD-25MAY2019-T106999.99,DELTA,27,25,31,1014,149,yes,4,-8100
2025-05-20T15:01:57.508594,KXBTCD-25MAY2019-T106999.99,DELTA,27,25,31,1014,150,yes,5,6480
2025-05-20T15:01:57.630223,KXBTCD-25MAY2019-T106999.99,DELTA,27,25,31,1014,151,yes,5,-20000
2025-05-20T15:01:57.630875,KXBTCD-25MAY2019-T106999.99,DELTA,27,25,31,1014,152,yes,5,-2000
2025-05-20T15:01:57.819987,KXBTCD-25MAY2019-T106999.99,DELTA,27,25,31,1014,153,yes,6,2000
2025-05-20T15:01:57.820794,KXBTCD-25MAY2019-T106999.99,DELTA,27,25,31,1014,154,yes,6,20000
2025-05-20T15:01:57.987969,KXBTCD-25MAY2019-T106999.99,DELTA,27,25,31,1014,155,yes,22,-1000
2025-05-20T15:01:58.150031,KXBTCD-25MAY2019-T106999.99,DELTA,27,25,31,1014,156,yes,26,1000
2025-05-20T15:01:58.357620,KXBTCD-25MAY2019-T106999.99,DELTA,27,25,31,1014,157,yes,26,-100
2025-05-20T15:01:58.467853,KXBTCD-25MAY2019-T106999.99,DELTA,27,25,31,1014,158,yes,26,-1000
2025-05-20T15:01:58.671896,KXBTCD-25MAY2019-T106999.99,DELTA,27,25,31,1014,159,yes,22,1000
2025-05-20T15:01:59.486829,KXBTCD-25MAY2019-T106999.99,DELTA,27,25,31,1014,160,yes,24,100
2025-05-20T15:01:59.546497,KXBTCD-25MAY2019-T106999.99,DELTA,27,25,31,1014,161,no,67,-100
2025-05-20T15:01:59.627776,KXBTCD-25MAY2019-T106999.99,DELTA,27,25,31,1014,162,yes,22,-1000
2025-05-20T15:01:59.720275,KXBTCD-25MAY2019-T106999.99,DELTA,27,25,31,1014,163,yes,23,-9
2025-05-20T15:01:59.725977,KXBTCD-25MAY2019-T106999.99,DELTA,27,25,31,1014,164,yes,25,1000
2025-05-20T15:01:59.746608,KXBTCD-25MAY2019-T106999.99,DELTA,27,25,31,1014,165,yes,24,-100
2025-05-20T15:01:59.916602,KXBTCD-25MAY2019-T106999.99,DELTA,27,25,31,1014,166,yes,25,-1000
2025-05-20T15:01:59.967093,KXBTCD-25MAY2019-T106999.99,DELTA,27,25,31,1014,167,yes,22,1000
2025-05-20T15:02:00.966411,KXBTCD-25MAY2019-T106999.99,DELTA,27,25,31,1014,168,yes,25,100
2025-05-20T15:02:00.967385,KXBTCD-25MAY2019-T106999.99,DELTA,27,25,31,1014,169,no,66,100
2025-05-20T15:02:01.066699,KXBTCD-25MAY2019-T106999.99,DELTA,27,25,31,1014,170,yes,22,-1000
2025-05-20T15:02:01.167877,KXBTCD-25MAY2019-T106999.99,DELTA,27,25,31,1014,171,no,66,-100
2025-05-20T15:02:01.186411,KXBTCD-25MAY2019-T106999.99,DELTA,27,25,31,1014,172,yes,25,1000
2025-05-20T15:02:01.387427,KXBTCD-25MAY2019-T106999.99,DELTA,27,25,31,1014,173,yes,5,-6480
2025-05-20T15:02:01.388240,KXBTCD-25MAY2019-T106999.99,DELTA,27,25,31,1014,174,yes,4,8100
2025-05-20T15:02:01.489885,KXBTCD-25MAY2019-T106999.99,DELTA,27,25,31,1014,175,yes,6,-20000
2025-05-20T15:02:01.507030,KXBTCD-25MAY2019-T106999.99,DELTA,27,25,31,1014,176,yes,6,-2000
2025-05-20T15:02:01.585978,KXBTCD-25MAY2019-T106999.99,DELTA,25,1100,31,1014,177,yes,27,-25
2025-05-20T15:02:01.586770,KXBTCD-25MAY2019-T106999.99,DELTA,26,25,31,1014,178,yes,26,25
2025-05-20T15:02:01.627284,KXBTCD-25MAY2019-T106999.99,DELTA,26,25,31,1014,179,yes,5,2000
2025-05-20T15:02:01.628793,KXBTCD-25MAY2019-T106999.99,DELTA,26,25,31,1014,180,yes,5,20000
2025-05-20T15:02:02.127226,KXBTCD-25MAY2019-T106999.99,DELTA,26,25,31,1014,181,no,68,100
2025-05-20T15:02:02.407563,KXBTCD-25MAY2019-T106999.99,DELTA,26,25,31,1014,182,yes,22,-14
2025-05-20T15:02:02.407959,KXBTCD-25MAY2019-T106999.99,DELTA,26,25,31,1014,183,no,68,-100
2025-05-20T15:02:02.408223,KXBTCD-25MAY2019-T106999.99,DELTA,26,25,31,1014,184,yes,21,14
2025-05-20T15:02:02.408466,KXBTCD-25MAY2019-T106999.99,DELTA,26,25,30,14,185,no,70,14
2025-05-20T15:02:02.408671,KXBTCD-25MAY2019-T106999.99,DELTA,26,25,30,14,186,yes,25,-100
2025-05-20T15:02:02.408867,KXBTCD-25MAY2019-T106999.99,DELTA,26,25,30,14,187,no,69,-14
2025-05-20T15:02:02.446340,KXBTCD-25MAY2019-T106999.99,DELTA,26,25,30,14,188,yes,25,-1000
2025-05-20T15:02:02.539905,KXBTCD-25MAY2019-T106999.99,DELTA,26,25,30,14,189,no,65,-25
2025-05-20T15:02:02.540586,KXBTCD-25MAY2019-T106999.99,DELTA,26,25,30,14,190,no,66,25
2025-05-20T15:02:02.541150,KXBTCD-25MAY2019-T106999.99,DELTA,26,25,30,14,191,yes,21,-30
2025-05-20T15:02:02.541652,KXBTCD-25MAY2019-T106999.99,DELTA,26,25,30,14,192,no,68,-30
2025-05-20T15:02:02.542117,KXBTCD-25MAY2019-T106999.99,DELTA,26,25,30,14,193,yes,19,30
2025-05-20T15:02:02.547721,KXBTCD-25MAY2019-T106999.99,DELTA,26,25,30,44,194,no,70,30
2025-05-20T15:02:02.548084,KXBTCD-25MAY2019-T106999.99,DELTA,26,25,30,44,195,yes,22,1000
2025-05-20T15:02:02.548354,KXBTCD-25MAY2019-T106999.99,DELTA,22,1000,30,44,196,yes,26,-25
2025-05-20T15:02:02.548605,KXBTCD-25MAY2019-T106999.99,DELTA,22,1025,30,44,197,yes,22,25
2025-05-20T15:02:02.619412,KXBTCD-25MAY2019-T106999.99,DELTA,22,1000,30,44,198,yes,22,-25
2025-05-20T15:02:02.620007,KXBTCD-25MAY2019-T106999.99,DELTA,23,25,30,44,199,yes,23,25
2025-05-20T15:02:02.626696,KXBTCD-25MAY2019-T106999.99,DELTA,23,25,30,44,200,no,69,-1000
2025-05-20T15:02:02.647068,KXBTCD-25MAY2019-T106999.99,DELTA,23,25,30,44,201,yes,22,-1000
2025-05-20T15:02:02.747389,KXBTCD-25MAY2019-T106999.99,DELTA,23,25,29,1000,202,no,71,1000
2025-05-20T15:02:02.766148,KXBTCD-25MAY2019-T106999.99,DELTA,23,25,29,1000,203,yes,20,1000
2025-05-20T15:02:03.146990,KXBTCD-25MAY2019-T106999.99,DELTA,23,25,29,1000,204,no,69,100
2025-05-20T15:02:03.166393,KXBTCD-25MAY2019-T106999.99,DELTA,23,125,29,1000,205,yes,23,100
2025-05-20T15:02:03.288297,KXBTCD-25MAY2019-T106999.99,DELTA,23,125,29,1000,206,yes,20,-1000
2025-05-20T15:02:03.392692,KXBTCD-25MAY2019-T106999.99,DELTA,23,1125,29,1000,207,yes,23,1000
2025-05-20T15:02:03.726210,KXBTCD-25MAY2019-T106999.99,DELTA,23,1125,29,1000,208,yes,19,14
2025-05-20T15:02:03.727061,KXBTCD-25MAY2019-T106999.99,DELTA,23,1125,29,1000,209,yes,21,-14
2025-05-20T15:02:03.728056,KXBTCD-25MAY2019-T106999.99,DELTA,23,1125,28,14,210,no,72,14
2025-05-20T15:02:03.728603,KXBTCD-25MAY2019-T106999.99,DELTA,23,1125,28,14,211,no,70,-14
2025-05-20T15:02:03.786799,KXBTCD-25MAY2019-T106999.99,DELTA,23,1125,28,14,212,no,66,-25
2025-05-20T15:02:03.787449,KXBTCD-25MAY2019-T106999.99,DELTA,23,1125,28,14,213,no,67,25
2025-05-20T15:02:03.827547,KXBTCD-25MAY2019-T106999.99,DELTA,23,1125,28,14,214,yes,4,-8100
2025-05-20T15:02:03.828196,KXBTCD-25MAY2019-T106999.99,DELTA,23,1125,28,14,215,yes,6,5400
2025-05-20T15:02:03.928131,KXBTCD-25MAY2019-T106999.99,DELTA,23,1125,28,14,216,yes,7,1250
2025-05-20T15:02:03.949802,KXBTCD-25MAY2019-T106999.99,DELTA,23,1125,28,14,217,yes,5,-20000
2025-05-20T15:02:03.950327,KXBTCD-25MAY2019-T106999.99,DELTA,23,1125,28,14,218,yes,5,-2000
2025-05-20T15:02:04.114445,KXBTCD-25MAY2019-T106999.99,DELTA,23,1125,28,14,219,yes,7,20000
2025-05-20T15:02:04.114736,KXBTCD-25MAY2019-T106999.99,DELTA,23,1125,28,14,220,yes,7,2000
2025-05-20T15:02:04.114914,KXBTCD-25MAY2019-T106999.99,DELTA,23,1125,28,14,221,no,69,-100
2025-05-20T15:02:05.006276,KXBTCD-25MAY2019-T106999.99,DELTA,23,125,28,14,222,yes,23,-1000
2025-05-20T15:02:05.163273,KXBTCD-25MAY2019-T106999.99,DELTA,23,125,28,14,223,yes,6,-5400
2025-05-20T15:02:05.164097,KXBTCD-25MAY2019-T106999.99,DELTA,23,125,28,14,224,yes,4,8100
2025-05-20T15:02:05.164838,KXBTCD-25MAY2019-T106999.99,DELTA,23,125,28,14,225,yes,20,1000
2025-05-20T15:02:05.207706,KXBTCD-25MAY2019-T106999.99,DELTA,23,125,28,14,226,yes,7,-20000
2025-05-20T15:02:05.228690,KXBTCD-25MAY2019-T106999.99,DELTA,23,125,28,14,227,yes,7,-2000
2025-05-20T15:02:05.229417,KXBTCD-25MAY2019-T106999.99,DELTA,23,125,28,14,228,yes,7,-1250
2025-05-20T15:02:05.347435,KXBTCD-25MAY2019-T106999.99,DELTA,23,125,28,14,229,yes,5,2000
2025-05-20T15:02:05.367146,KXBTCD-25MAY2019-T106999.99,DELTA,23,125,28,14,230,no,70,100
2025-05-20T15:02:05.367850,KXBTCD-25MAY2019-T106999.99,DELTA,23,125,28,14,231,yes,5,20000
2025-05-20T15:02:05.368394,KXBTCD-25MAY2019-T106999.99,DELTA,23,125,28,14,232,yes,5,1250
2025-05-20T15:02:05.788816,KXBTCD-25MAY2019-T106999.99,DELTA,23,125,28,14,233,yes,19,-30
2025-05-20T15:02:05.806523,KXBTCD-25MAY2019-T106999.99,DELTA,23,125,28,14,234,no,70,-30
2025-05-20T15:02:05.807854,KXBTCD-25MAY2019-T106999.99,DELTA,23,125,28,14,235,yes,17,30
2025-05-20T15:02:05.808561,KXBTCD-25MAY2019-T106999.99,DELTA,23,125,28,44,236,no,72,30
2025-05-20T15:02:05.867484,KXBTCD-25MAY2019-T106999.99,DELTA,23,125,28,44,237,yes,18,14
2025-05-20T15:02:05.868226,KXBTCD-25MAY2019-T106999.99,DELTA,23,125,28,44,238,yes,19,-14
2025-05-20T15:02:05.869257,KXBTCD-25MAY2019-T106999.99,DELTA,23,125,27,14,239,no,73,14
2025-05-20T15:02:05.869743,KXBTCD-25MAY2019-T106999.99,DELTA,23,125,27,14,240,no,72,-14
2025-05-20T15:02:05.907591,KXBTCD-25MAY2019-T106999.99,DELTA,23,125,27,14,241,yes,20,-1000
2025-05-20T15:02:06.013466,KXBTCD-25MAY2019-T106999.99,DELTA,23,125,27,14,242,no,71,-1000
2025-05-20T15:02:06.027634,KXBTCD-25MAY2019-T106999.99,DELTA,23,125,27,14,243,yes,18,1000
2025-05-20T15:02:06.067144,KXBTCD-25MAY2019-T106999.99,DELTA,23,125,27,1014,244,no,73,1000
2025-05-20T15:02:06.107852,KXBTCD-25MAY2019-T106999.99,DELTA,23,125,27,1014,245,no,70,-100
2025-05-20T15:02:06.211178,KXBTCD-25MAY2019-T106999.99,DELTA,23,25,27,1014,246,yes,23,-100
2025-05-20T15:02:06.212189,KXBTCD-25MAY2019-T106999.99,DELTA,23,25,27,1014,247,no,67,-25
2025-05-20T15:02:06.212969,KXBTCD-25MAY2019-T106999.99,DELTA,23,25,27,1014,248,no,68,25
2025-05-20T15:02:06.213648,KXBTCD-25MAY2019-T106999.99,DELTA,18,1014,27,1014,249,yes,23,-25
2025-05-20T15:02:06.214152,KXBTCD-25MAY2019-T106999.99,DELTA,19,25,27,1014,250,yes,19,25
2025-05-20T15:02:06.327271,KXBTCD-25MAY2019-T106999.99,DELTA,19,25,27,1014,251,yes,4,-8100
2025-05-20T15:02:06.328131,KXBTCD-25MAY2019-T106999.99,DELTA,19,25,27,1014,252,yes,6,5400
2025-05-20T15:02:06.447709,KXBTCD-25MAY2019-T106999.99,DELTA,19,25,27,1014,253,yes,5,-20000
2025-05-20T15:02:06.537528,KXBTCD-25MAY2019-T106999.99,DELTA,19,25,27,1014,254,yes,5,-2000
2025-05-20T15:02:06.538635,KXBTCD-25MAY2019-T106999.99,DELTA,19,25,27,1014,255,yes,5,-1250
2025-05-20T15:02:06.588000,KXBTCD-25MAY2019-T106999.99,DELTA,19,25,27,1014,256,yes,7,2000
2025-05-20T15:02:06.588920,KXBTCD-25MAY2019-T106999.99,DELTA,19,25,27,1014,257,yes,7,1250
2025-05-20T15:02:06.606836,KXBTCD-25MAY2019-T106999.99,DELTA,19,25,27,1014,258,yes,7,20000
2025-05-20T15:02:07.450870,KXBTCD-25MAY2019-T106999.99,DELTA,21,100,27,1014,259,yes,21,100
2025-05-20T15:02:07.451397,KXBTCD-25MAY2019-T106999.99,DELTA,21,100,27,1014,260,no,71,100
2025-05-20T15:02:07.586354,KXBTCD-25MAY2019-T106999.99,DELTA,21,100,27,1014,261,yes,19,-25
2025-05-20T15:02:07.586728,KXBTCD-25MAY2019-T106999.99,DELTA,22,25,27,1014,262,yes,22,25
2025-05-20T15:02:07.587101,KXBTCD-25MAY2019-T106999.99,DELTA,22,25,27,1014,263,yes,18,-1000
2025-05-20T15:02:07.606946,KXBTCD-25MAY2019-T106999.99,DELTA,22,25,27,1014,264,yes,6,-5400
2025-05-20T15:02:07.607237,KXBTCD-25MAY2019-T106999.99,DELTA,22,25,27,1014,265,yes,4,8100
2025-05-20T15:02:07.783371,KXBTCD-25MAY2019-T106999.99,DELTA,22,25,27,1014,266,yes,7,-20000
2025-05-20T15:02:07.784356,KXBTCD-25MAY2019-T106999.99,DELTA,22,25,27,1014,267,yes,21,1000
2025-05-20T15:02:07.785131,KXBTCD-25MAY2019-T106999.99,DELTA,22,25,27,1014,268,yes,7,-2000
2025-05-20T15:02:07.785746,KXBTCD-25MAY2019-T106999.99,DELTA,22,25,27,1014,269,yes,7,-1250
2025-05-20T15:02:07.787523,KXBTCD-25MAY2019-T106999.99,DELTA,22,25,27,1014,270,no,71,-100
2025-05-20T15:02:07.828273,KXBTCD-25MAY2019-T106999.99,DELTA,22,25,27,1014,271,yes,5,1250
2025-05-20T15:02:07.847102,KXBTCD-25MAY2019-T106999.99,DELTA,22,25,27,1014,272,yes,5,20000
2025-05-20T15:02:07.888285,KXBTCD-25MAY2019-T106999.99,DELTA,22,25,27,1014,273,yes,5,2000
2025-05-20T15:02:08.634230,KXBTCD-25MAY2019-T106999.99,DELTA,22,25,27,1014,274,no,72,100
2025-05-20T15:02:12.466399,KXBTCD-25MAY2019-T106999.99,DELTA,22,25,27,1014,275,no,72,-100
2025-05-20T15:02:12.485778,KXBTCD-25MAY2019-T106999.99,DELTA,22,25,27,1014,276,yes,21,-100
2025-05-20T15:02:12.606226,KXBTCD-25MAY2019-T106999.99,DELTA,22,25,27,1014,277,yes,4,-8100
2025-05-20T15:02:12.607036,KXBTCD-25MAY2019-T106999.99,DELTA,22,25,27,1014,278,yes,5,6480
2025-05-20T15:02:12.607645,KXBTCD-25MAY2019-T106999.99,DELTA,22,25,27,1014,279,yes,21,-1000
2025-05-20T15:02:12.707702,KXBTCD-25MAY2019-T106999.99,DELTA,22,25,27,1014,280,yes,5,-20000
2025-05-20T15:02:12.727348,KXBTCD-25MAY2019-T106999.99,DELTA,22,25,27,1014,281,yes,18,1000
2025-05-20T15:02:12.728226,KXBTCD-25MAY2019-T106999.99,DELTA,22,25,27,1014,282,yes,5,-2000
2025-05-20T15:02:12.728866,KXBTCD-25MAY2019-T106999.99,DELTA,22,25,27,1014,283,yes,5,-1250
2025-05-20T15:02:12.828026,KXBTCD-25MAY2019-T106999.99,DELTA,22,25,27,1014,284,yes,6,2000
2025-05-20T15:02:12.829208,KXBTCD-25MAY2019-T106999.99,DELTA,22,25,27,1014,285,yes,6,20000
2025-05-20T15:02:12.846345,KXBTCD-25MAY2019-T106999.99,DELTA,22,25,27,1014,286,yes,6,1250
2025-05-20T15:02:13.585854,KXBTCD-25MAY2019-T106999.99,DELTA,22,25,27,1014,287,yes,21,100
2025-05-20T15:02:13.586201,KXBTCD-25MAY2019-T106999.99,DELTA,22,25,27,1014,288,no,71,100
2025-05-20T15:02:13.668378,KXBTCD-25MAY2019-T106999.99,DELTA,22,25,27,1014,289,yes,18,-1000
2025-05-20T15:02:13.787188,KXBTCD-25MAY2019-T106999.99,DELTA,22,25,27,1014,290,yes,21,1000
2025-05-20T15:02:14.525863,KXBTCD-25MAY2019-T106999.99,DELTA,22,25,27,1014,291,yes,21,-1000
2025-05-20T15:02:14.664246,KXBTCD-25MAY2019-T106999.99,DELTA,22,1025,27,1014,292,yes,22,1000
2025-05-20T15:02:14.665189,KXBTCD-25MAY2019-T106999.99,DELTA,22,1025,27,1014,293,yes,7,9
2025-05-20T15:02:14.685768,KXBTCD-25MAY2019-T106999.99,DELTA,22,1000,27,1014,294,yes,22,-25
2025-05-20T15:02:14.686561,KXBTCD-25MAY2019-T106999.99,DELTA,23,25,27,1014,295,yes,23,25
2025-05-20T15:02:14.905136,KXBTCD-25MAY2019-T106999.99,DELTA,23,25,27,1014,296,yes,5,-6480
2025-05-20T15:02:14.905339,KXBTCD-25MAY2019-T106999.99,DELTA,23,25,27,1014,297,yes,4,8100
2025-05-20T15:02:15.025826,KXBTCD-25MAY2019-T106999.99,DELTA,23,25,27,1014,298,yes,6,-20000
2025-05-20T15:02:15.047068,KXBTCD-25MAY2019-T106999.99,DELTA,23,25,27,1014,299,yes,6,-2000
2025-05-20T15:02:15.047938,KXBTCD-25MAY2019-T106999.99,DELTA,23,25,27,1014,300,yes,6,-1250
2025-05-20T15:02:15.171001,KXBTCD-25MAY2019-T106999.99,DELTA,23,25,27,1014,301,yes,5,2000
2025-05-20T15:02:15.190858,KXBTCD-25MAY2019-T106999.99,DELTA,23,25,27,1014,302,yes,5,1250
2025-05-20T15:02:15.191899,KXBTCD-25MAY2019-T106999.99,DELTA,23,25,27,1014,303,yes,5,20000
2025-05-20T15:02:16.166576,KXBTCD-25MAY2019-T106999.99,DELTA,23,25,27,1014,304,yes,4,-8100
2025-05-20T15:02:16.167458,KXBTCD-25MAY2019-T106999.99,DELTA,23,25,27,1014,305,yes,5,6480
2025-05-20T15:02:16.287126,KXBTCD-25MAY2019-T106999.99,DELTA,23,25,27,1014,306,yes,5,-20000
2025-05-20T15:02:16.287938,KXBTCD-25MAY2019-T106999.99,DELTA,23,25,27,1014,307,yes,5,-2000
2025-05-20T15:02:16.305854,KXBTCD-25MAY2019-T106999.99,DELTA,23,25,27,1014,308,yes,5,-1250
2025-05-20T15:02:16.426399,KXBTCD-25MAY2019-T106999.99,DELTA,23,25,27,1014,309,yes,6,20000
2025-05-20T15:02:16.427542,KXBTCD-25MAY2019-T106999.99,DELTA,23,25,27,1014,310,yes,6,1250
2025-05-20T15:02:16.428395,KXBTCD-25MAY2019-T106999.99,DELTA,23,25,27,1014,311,yes,6,2000
2025-05-20T15:02:17.366255,KXBTCD-25MAY2019-T106999.99,DELTA,23,25,27,1014,312,yes,5,-6480
2025-05-20T15:02:17.366507,KXBTCD-25MAY2019-T106999.99,DELTA,23,25,27,1014,313,yes,4,8100
2025-05-20T15:02:17.466457,KXBTCD-25MAY2019-T106999.99,DELTA,23,25,27,1014,314,yes,7,-9
2025-05-20T15:02:17.486049,KXBTCD-25MAY2019-T106999.99,DELTA,23,25,27,1014,315,yes,6,-20000
2025-05-20T15:02:17.486680,KXBTCD-25MAY2019-T106999.99,DELTA,23,25,27,1014,316,yes,6,-2000
2025-05-20T15:02:17.506847,KXBTCD-25MAY2019-T106999.99,DELTA,23,25,27,1014,317,yes,6,-1250
2025-05-20T15:02:17.607503,KXBTCD-25MAY2019-T106999.99,DELTA,23,25,27,1014,318,yes,5,2000
2025-05-20T15:02:17.608606,KXBTCD-25MAY2019-T106999.99,DELTA,23,25,27,1014,319,yes,5,20000
2025-05-20T15:02:17.609450,KXBTCD-25MAY2019-T106999.99,DELTA,23,25,27,1014,320,yes,5,1250
2025-05-20T15:02:18.567750,KXBTCD-25MAY2019-T106999.99,DELTA,23,25,27,1014,321,yes,4,-8100
2025-05-20T15:02:18.568647,KXBTCD-25MAY2019-T106999.99,DELTA,23,25,27,1014,322,yes,5,6480
2025-05-20T15:02:18.686895,KXBTCD-25MAY2019-T106999.99,DELTA,23,25,27,1014,323,yes,5,-20000
2025-05-20T15:02:18.688099,KXBTCD-25MAY2019-T106999.99,DELTA,23,25,27,1014,324,yes,5,-2000
2025-05-20T15:02:18.706815,KXBTCD-25MAY2019-T106999.99,DELTA,23,25,27,1014,325,yes,5,-1250
2025-05-20T15:02:18.806838,KXBTCD-25MAY2019-T106999.99,DELTA,23,25,27,1014,326,yes,6,2000
2025-05-20T15:02:18.808015,KXBTCD-25MAY2019-T106999.99,DELTA,23,25,27,1014,327,yes,6,20000
2025-05-20T15:02:18.826940,KXBTCD-25MAY2019-T106999.99,DELTA,23,25,27,1014,328,yes,6,1250
2025-05-20T15:02:19.849037,KXBTCD-25MAY2019-T106999.99,DELTA,23,25,27,1014,329,yes,5,-6480
2025-05-20T15:02:19.849916,KXBTCD-25MAY2019-T106999.99,DELTA,23,25,27,1014,330,yes,4,8100
2025-05-20T15:02:19.966873,KXBTCD-25MAY2019-T106999.99,DELTA,23,25,27,1014,331,yes,6,-20000
2025-05-20T15:02:19.967144,KXBTCD-25MAY2019-T106999.99,DELTA,23,25,27,1014,332,yes,6,-2000
2025-05-20T15:02:19.987132,KXBTCD-25MAY2019-T106999.99,DELTA,23,25,27,1014,333,yes,6,-1250
2025-05-20T15:02:20.108469,KXBTCD-25MAY2019-T106999.99,DELTA,23,25,27,1014,334,yes,5,1250
2025-05-20T15:02:20.109640,KXBTCD-25MAY2019-T106999.99,DELTA,23,25,27,1014,335,yes,5,20000
2025-05-20T15:02:20.110274,KXBTCD-25MAY2019-T106999.99,DELTA,23,25,27,1014,336,yes,5,2000
2025-05-20T15:02:21.306852,KXBTCD-25MAY2019-T106999.99,DELTA,23,25,27,1014,337,no,71,-100
2025-05-20T15:02:22.006077,KXBTCD-25MAY2019-T106999.99,DELTA,23,25,27,1014,338,no,72,100
2025-05-20T15:02:23.667529,KXBTCD-25MAY2019-T106999.99,DELTA,23,25,27,1014,339,yes,4,-8100
2025-05-20T15:02:23.668770,KXBTCD-25MAY2019-T106999.99,DELTA,23,25,27,1014,340,yes,5,6480
2025-05-20T15:02:23.886418,KXBTCD-25MAY2019-T106999.99,DELTA,23,25,27,1014,341,yes,5,-20000
2025-05-20T15:02:23.906504,KXBTCD-25MAY2019-T106999.99,DELTA,23,25,27,1014,342,yes,5,-2000
2025-05-20T15:02:24.005628,KXBTCD-25MAY2019-T106999.99,DELTA,23,25,27,1014,343,yes,5,-1250
2025-05-20T15:02:24.206456,KXBTCD-25MAY2019-T106999.99,DELTA,23,25,27,1014,344,yes,6,2000
2025-05-20T15:02:24.286920,KXBTCD-25MAY2019-T106999.99,DELTA,23,25,27,1014,345,yes,6,1250
2025-05-20T15:02:24.287588,KXBTCD-25MAY2019-T106999.99,DELTA,23,25,27,1014,346,yes,6,20000
2025-05-20T15:02:27.646074,KXBTCD-25MAY2019-T106999.99,DELTA,23,25,27,1014,347,yes,5,-6480
2025-05-20T15:02:27.646901,KXBTCD-25MAY2019-T106999.99,DELTA,23,25,27,1014,348,yes,4,8100
2025-05-20T15:02:27.705181,KXBTCD-25MAY2019-T106999.99,DELTA,23,25,27,1014,349,no,68,-25
2025-05-20T15:02:27.705332,KXBTCD-25MAY2019-T106999.99,DELTA,23,25,27,1014,350,no,69,25
2025-05-20T15:02:27.745766,KXBTCD-25MAY2019-T106999.99,DELTA,23,25,27,1014,351,yes,6,-20000
2025-05-20T15:02:27.765440,KXBTCD-25MAY2019-T106999.99,DELTA,23,25,27,1014,352,yes,6,-2000
2025-05-20T15:02:27.765664,KXBTCD-25MAY2019-T106999.99,DELTA,23,25,27,1014,353,yes,6,-1250
2025-05-20T15:02:27.865870,KXBTCD-25MAY2019-T106999.99,DELTA,23,25,27,1014,354,yes,5,1250
2025-05-20T15:02:27.886574,KXBTCD-25MAY2019-T106999.99,DELTA,23,25,27,1014,355,yes,5,2000
2025-05-20T15:02:27.886723,KXBTCD-25MAY2019-T106999.99,DELTA,23,25,27,1014,356,yes,5,20000
2025-05-20T15:02:28.768840,KXBTCD-25MAY2019-T106999.99,DELTA,23,25,27,1014,357,yes,4,-8100
2025-05-20T15:02:28.769891,KXBTCD-25MAY2019-T106999.99,DELTA,23,25,27,1014,358,yes,5,6480
2025-05-20T15:02:28.867065,KXBTCD-25MAY2019-T106999.99,DELTA,23,25,27,1014,359,yes,5,-20000
2025-05-20T15:02:28.887287,KXBTCD-25MAY2019-T106999.99,DELTA,23,25,27,1014,360,yes,5,-2000
2025-05-20T15:02:28.888952,KXBTCD-25MAY2019-T106999.99,DELTA,23,25,27,1014,361,yes,5,-1250
2025-05-20T15:02:29.006079,KXBTCD-25MAY2019-T106999.99,DELTA,23,25,27,1014,362,yes,6,1250
2025-05-20T15:02:29.006413,KXBTCD-25MAY2019-T106999.99,DELTA,23,25,27,1014,363,yes,6,2000
2025-05-20T15:02:29.006647,KXBTCD-25MAY2019-T106999.99,DELTA,23,25,27,1014,364,yes,6,20000
2025-05-20T15:02:29.844537,KXBTCD-25MAY2019-T106999.99,DELTA,23,25,27,1014,365,yes,5,-6480
2025-05-20T15:02:29.845236,KXBTCD-25MAY2019-T106999.99,DELTA,23,25,27,1014,366,yes,4,8100
2025-05-20T15:02:29.965265,KXBTCD-25MAY2019-T106999.99,DELTA,23,25,27,1014,367,yes,6,-20000
2025-05-20T15:02:29.986676,KXBTCD-25MAY2019-T106999.99,DELTA,23,25,27,1014,368,yes,6,-2000
2025-05-20T15:02:29.986835,KXBTCD-25MAY2019-T106999.99,DELTA,23,25,27,1014,369,yes,6,-1250
2025-05-20T15:02:30.108282,KXBTCD-25MAY2019-T106999.99,DELTA,23,25,27,1014,370,yes,5,20000
2025-05-20T15:02:30.125434,KXBTCD-25MAY2019-T106999.99,DELTA,23,25,27,1014,371,yes,5,1250
2025-05-20T15:02:30.126266,KXBTCD-25MAY2019-T106999.99,DELTA,23,25,27,1014,372,yes,5,2000
2025-05-20T15:02:30.947821,KXBTCD-25MAY2019-T106999.99,DELTA,23,25,27,1014,373,yes,4,-8100
2025-05-20T15:02:30.948837,KXBTCD-25MAY2019-T106999.99,DELTA,23,25,27,1014,374,yes,5,6480
2025-05-20T15:02:31.065579,KXBTCD-25MAY2019-T106999.99,DELTA,23,25,27,1014,375,yes,5,-20000
2025-05-20T15:02:31.066105,KXBTCD-25MAY2019-T106999.99,DELTA,23,25,27,1014,376,yes,5,-2000
2025-05-20T15:02:31.086065,KXBTCD-25MAY2019-T106999.99,DELTA,23,25,27,1014,377,yes,5,-1250
2025-05-20T15:02:31.187212,KXBTCD-25MAY2019-T106999.99,DELTA,23,25,27,1014,378,yes,6,1250
2025-05-20T15:02:31.206757,KXBTCD-25MAY2019-T106999.99,DELTA,23,25,27,1014,379,yes,6,20000
2025-05-20T15:02:31.207273,KXBTCD-25MAY2019-T106999.99,DELTA,23,25,27,1014,380,yes,6,2000
2025-05-20T15:02:32.066734,KXBTCD-25MAY2019-T106999.99,DELTA,23,25,27,1014,381,yes,5,-6480
2025-05-20T15:02:32.067402,KXBTCD-25MAY2019-T106999.99,DELTA,23,25,27,1014,382,yes,4,8100
2025-05-20T15:02:32.187555,KXBTCD-25MAY2019-T106999.99,DELTA,23,25,27,1014,383,yes,6,-20000
2025-05-20T15:02:32.188498,KXBTCD-25MAY2019-T106999.99,DELTA,23,25,27,1014,384,yes,6,-2000
2025-05-20T15:02:32.205451,KXBTCD-25MAY2019-T106999.99,DELTA,23,25,27,1014,385,yes,6,-1250
2025-05-20T15:02:32.326358,KXBTCD-25MAY2019-T106999.99,DELTA,23,25,27,1014,386,yes,5,2000
2025-05-20T15:02:32.327350,KXBTCD-25MAY2019-T106999.99,DELTA,23,25,27,1014,387,yes,5,20000
2025-05-20T15:02:32.328148,KXBTCD-25MAY2019-T106999.99,DELTA,23,25,27,1014,388,yes,5,1250
2025-05-20T15:02:35.808010,KXBTCD-25MAY2019-T106999.99,DELTA,23,25,27,1014,389,yes,4,-8100
2025-05-20T15:02:35.810398,KXBTCD-25MAY2019-T106999.99,DELTA,23,25,27,1014,390,yes,5,6480
2025-05-20T15:02:35.908379,KXBTCD-25MAY2019-T106999.99,DELTA,23,25,27,1014,391,yes,5,-20000
2025-05-20T15:02:35.928067,KXBTCD-25MAY2019-T106999.99,DELTA,23,25,27,1014,392,yes,5,-2000
2025-05-20T15:02:35.928985,KXBTCD-25MAY2019-T106999.99,DELTA,23,25,27,1014,393,yes,5,-1250
2025-05-20T15:02:36.046746,KXBTCD-25MAY2019-T106999.99,DELTA,23,25,27,1014,394,yes,6,2000
2025-05-20T15:02:36.047561,KXBTCD-25MAY2019-T106999.99,DELTA,23,25,27,1014,395,yes,6,1250
2025-05-20T15:02:36.048411,KXBTCD-25MAY2019-T106999.99,DELTA,23,25,27,1014,396,yes,6,20000
2025-05-20T15:02:36.789926,KXBTCD-25MAY2019-T106999.99,DELTA,23,25,27,1014,397,yes,22,-1000
2025-05-20T15:02:36.907637,KXBTCD-25MAY2019-T106999.99,DELTA,23,25,27,1014,398,yes,21,1000
2025-05-20T15:02:38.218850,KXBTCD-25MAY2019-T106999.99,DELTA,23,25,27,1014,399,yes,16,30
2025-05-20T15:02:38.219959,KXBTCD-25MAY2019-T106999.99,DELTA,23,25,27,1014,400,yes,17,-30
2025-05-20T15:02:38.220694,KXBTCD-25MAY2019-T106999.99,DELTA,23,25,27,1014,401,no,72,-30
2025-05-20T15:02:38.221336,KXBTCD-25MAY2019-T106999.99,DELTA,23,25,27,1044,402,no,73,30
2025-05-20T15:02:38.307289,KXBTCD-25MAY2019-T106999.99,DELTA,23,25,27,44,403,no,73,-1000
2025-05-20T15:02:38.435455,KXBTCD-25MAY2019-T106999.99,DELTA,23,25,26,1000,404,no,74,1000
2025-05-20T15:02:38.506130,KXBTCD-25MAY2019-T106999.99,DELTA,23,25,26,1000,405,yes,5,-6480
2025-05-20T15:02:38.506851,KXBTCD-25MAY2019-T106999.99,DELTA,23,25,26,1000,406,yes,4,8100
2025-05-20T15:02:38.627001,KXBTCD-25MAY2019-T106999.99,DELTA,23,25,26,1000,407,yes,6,-20000
2025-05-20T15:02:38.627802,KXBTCD-25MAY2019-T106999.99,DELTA,23,25,26,1000,408,yes,6,-2000
2025-05-20T15:02:38.645911,KXBTCD-25MAY2019-T106999.99,DELTA,23,25,26,1000,409,yes,6,-1250
2025-05-20T15:02:38.765668,KXBTCD-25MAY2019-T106999.99,DELTA,23,25,26,1000,410,yes,5,2000
2025-05-20T15:02:38.806897,KXBTCD-25MAY2019-T106999.99,DELTA,23,25,26,1000,411,yes,5,1250
2025-05-20T15:02:38.808265,KXBTCD-25MAY2019-T106999.99,DELTA,23,25,26,1000,412,yes,5,20000
2025-05-20T15:02:39.677360,KXBTCD-25MAY2019-T106999.99,DELTA,23,25,26,1000,413,yes,4,-8100
2025-05-20T15:02:39.678246,KXBTCD-25MAY2019-T106999.99,DELTA,23,25,26,1000,414,yes,5,6480
2025-05-20T15:02:39.787116,KXBTCD-25MAY2019-T106999.99,DELTA,23,25,26,1000,415,yes,5,-20000
2025-05-20T15:02:39.806727,KXBTCD-25MAY2019-T106999.99,DELTA,23,25,26,1000,416,yes,5,-2000
2025-05-20T15:02:39.807560,KXBTCD-25MAY2019-T106999.99,DELTA,23,25,26,1000,417,yes,5,-1250
2025-05-20T15:02:39.939026,KXBTCD-25MAY2019-T106999.99,DELTA,23,25,26,1000,418,yes,6,20000
2025-05-20T15:02:39.939711,KXBTCD-25MAY2019-T106999.99,DELTA,23,25,26,1000,419,yes,6,2000
2025-05-20T15:02:39.947397,KXBTCD-25MAY2019-T106999.99,DELTA,23,25,26,1000,420,yes,6,1250
2025-05-20T15:02:40.774940,KXBTCD-25MAY2019-T106999.99,DELTA,23,25,26,1000,421,yes,16,14
2025-05-20T15:02:40.775691,KXBTCD-25MAY2019-T106999.99,DELTA,23,25,25,14,422,no,75,14
2025-05-20T15:02:40.776094,KXBTCD-25MAY2019-T106999.99,DELTA,23,25,25,14,423,yes,18,-14
2025-05-20T15:02:40.786605,KXBTCD-25MAY2019-T106999.99,DELTA,23,25,25,14,424,no,73,-14
2025-05-20T15:02:40.787211,KXBTCD-25MAY2019-T106999.99,DELTA,23,25,25,14,425,yes,5,-6480
2025-05-20T15:02:40.787498,KXBTCD-25MAY2019-T106999.99,DELTA,23,25,25,14,426,yes,4,8100
2025-05-20T15:02:40.909588,KXBTCD-25MAY2019-T106999.99,DELTA,23,25,25,14,427,yes,6,-20000
2025-05-20T15:02:40.910454,KXBTCD-25MAY2019-T106999.99,DELTA,23,25,25,14,428,yes,6,-2000
2025-05-20T15:02:40.926217,KXBTCD-25MAY2019-T106999.99,DELTA,23,25,25,14,429,yes,6,-1250
2025-05-20T15:02:40.966421,KXBTCD-25MAY2019-T106999.99,DELTA,21,1100,25,14,430,yes,23,-25
2025-05-20T15:02:40.966633,KXBTCD-25MAY2019-T106999.99,DELTA,22,25,25,14,431,yes,22,25
2025-05-20T15:02:41.027584,KXBTCD-25MAY2019-T106999.99,DELTA,22,25,25,14,432,yes,5,2000
2025-05-20T15:02:41.046514,KXBTCD-25MAY2019-T106999.99,DELTA,22,25,25,14,433,yes,5,20000
2025-05-20T15:02:41.046686,KXBTCD-25MAY2019-T106999.99,DELTA,22,25,25,14,434,yes,5,1250
2025-05-20T15:02:41.886439,KXBTCD-25MAY2019-T106999.99,DELTA,22,25,25,14,435,yes,4,-8100
2025-05-20T15:02:41.887694,KXBTCD-25MAY2019-T106999.99,DELTA,22,25,25,14,436,yes,5,6480
2025-05-20T15:02:42.006426,KXBTCD-25MAY2019-T106999.99,DELTA,22,25,25,14,437,yes,5,-20000
2025-05-20T15:02:42.025030,KXBTCD-25MAY2019-T106999.99,DELTA,22,25,25,14,438,yes,5,-2000
2025-05-20T15:02:42.025522,KXBTCD-25MAY2019-T106999.99,DELTA,22,25,25,14,439,yes,5,-1250
2025-05-20T15:02:42.125433,KXBTCD-25MAY2019-T106999.99,DELTA,22,25,25,14,440,yes,6,20000
2025-05-20T15:02:42.145497,KXBTCD-25MAY2019-T106999.99,DELTA,22,25,25,14,441,yes,6,1250
2025-05-20T15:02:42.146311,KXBTCD-25MAY2019-T106999.99,DELTA,22,25,25,14,442,yes,6,2000
2025-05-20T15:02:42.967512,KXBTCD-25MAY2019-T106999.99,DELTA,22,25,25,14,443,yes,5,-6480
2025-05-20T15:02:42.968230,KXBTCD-25MAY2019-T106999.99,DELTA,22,25,25,14,444,yes,4,8100
2025-05-20T15:02:43.087427,KXBTCD-25MAY2019-T106999.99,DELTA,22,25,25,14,445,yes,6,-20000
2025-05-20T15:02:43.088485,KXBTCD-25MAY2019-T106999.99,DELTA,22,25,25,14,446,yes,6,-2000
2025-05-20T15:02:43.107387,KXBTCD-25MAY2019-T106999.99,DELTA,22,25,25,14,447,yes,6,-1250
2025-05-20T15:02:43.207090,KXBTCD-25MAY2019-T106999.99,DELTA,22,25,25,14,448,yes,5,1250
2025-05-20T15:02:43.225870,KXBTCD-25MAY2019-T106999.99,DELTA,22,25,25,14,449,yes,5,20000
2025-05-20T15:02:43.226863,KXBTCD-25MAY2019-T106999.99,DELTA,22,25,25,14,450,yes,5,2000
2025-05-20T15:02:43.386390,KXBTCD-25MAY2019-T106999.99,DELTA,22,25,25,14,451,yes,21,-1000
2025-05-20T15:02:43.486123,KXBTCD-25MAY2019-T106999.99,DELTA,22,25,25,14,452,yes,17,1000
2025-05-20T15:02:43.548005,KXBTCD-25MAY2019-T106999.99,DELTA,22,25,25,14,453,no,69,-25
2025-05-20T15:02:43.548735,KXBTCD-25MAY2019-T106999.99,DELTA,22,25,25,14,454,no,71,25
2025-05-20T15:02:44.457638,KXBTCD-25MAY2019-T106999.99,DELTA,22,25,25,14,455,no,72,-100
2025-05-20T15:02:44.458426,KXBTCD-25MAY2019-T106999.99,DELTA,22,25,25,14,456,yes,21,-100
2025-05-20T15:02:45.107285,KXBTCD-25MAY2019-T106999.99,DELTA,22,25,25,14,457,yes,19,100
2025-05-20T15:02:45.126380,KXBTCD-25MAY2019-T106999.99,DELTA,22,25,25,14,458,no,73,100
2025-05-20T15:02:45.226924,KXBTCD-25MAY2019-T106999.99,DELTA,22,25,25,14,459,yes,17,-1000
2025-05-20T15:02:45.366665,KXBTCD-25MAY2019-T106999.99,DELTA,22,25,25,14,460,yes,20,1000
2025-05-20T15:02:46.686823,KXBTCD-25MAY2019-T106999.99,DELTA,22,25,25,14,461,yes,4,-8100
2025-05-20T15:02:46.687520,KXBTCD-25MAY2019-T106999.99,DELTA,22,25,25,14,462,yes,5,6480
2025-05-20T15:02:46.746387,KXBTCD-25MAY2019-T106999.99,DELTA,22,25,25,14,463,yes,5,-20000
2025-05-20T15:02:46.747394,KXBTCD-25MAY2019-T106999.99,DELTA,20,1000,25,14,464,yes,22,-25
2025-05-20T15:02:46.748076,KXBTCD-25MAY2019-T106999.99,DELTA,21,25,25,14,465,yes,21,25
2025-05-20T15:02:46.748596,KXBTCD-25MAY2019-T106999.99,DELTA,21,25,25,14,466,yes,5,-2000
2025-05-20T15:02:46.767009,KXBTCD-25MAY2019-T106999.99,DELTA,21,25,25,14,467,yes,5,-1250
2025-05-20T15:02:46.807084,KXBTCD-25MAY2019-T106999.99,DELTA,21,25,25,14,468,yes,6,20000
2025-05-20T15:02:46.808108,KXBTCD-25MAY2019-T106999.99,DELTA,21,25,25,14,469,yes,6,2000
2025-05-20T15:02:46.808899,KXBTCD-25MAY2019-T106999.99,DELTA,21,25,25,14,470,yes,6,1250
2025-05-20T15:02:47.426560,KXBTCD-25MAY2019-T106999.99,DELTA,21,25,25,14,471,no,73,-100
2025-05-20T15:02:48.187311,KXBTCD-25MAY2019-T106999.99,DELTA,21,25,25,14,472,no,73,100
2025-05-20T15:02:48.505235,KXBTCD-25MAY2019-T106999.99,DELTA,21,25,25,14,473,no,73,-100
2025-05-20T15:02:49.266331,KXBTCD-25MAY2019-T106999.99,DELTA,21,25,25,14,474,no,73,100
2025-05-20T15:02:49.387417,KXBTCD-25MAY2019-T106999.99,DELTA,21,25,25,14,475,yes,5,-6480
2025-05-20T15:02:49.388587,KXBTCD-25MAY2019-T106999.99,DELTA,21,25,25,14,476,yes,4,8100
2025-05-20T15:02:49.447826,KXBTCD-25MAY2019-T106999.99,DELTA,21,25,25,14,477,yes,6,-20000
2025-05-20T15:02:49.449043,KXBTCD-25MAY2019-T106999.99,DELTA,21,25,25,14,478,yes,6,-2000
2025-05-20T15:02:49.465872,KXBTCD-25MAY2019-T106999.99,DELTA,21,25,25,14,479,yes,6,-1250
2025-05-20T15:02:49.506711,KXBTCD-25MAY2019-T106999.99,DELTA,21,25,25,14,480,yes,5,20000
2025-05-20T15:02:49.507753,KXBTCD-25MAY2019-T106999.99,DELTA,21,25,25,14,481,yes,5,2000
2025-05-20T15:02:49.508502,KXBTCD-25MAY2019-T106999.99,DELTA,21,25,25,14,482,yes,5,1250
2025-05-20T15:02:49.937665,KXBTCD-25MAY2019-T106999.99,DELTA,21,25,25,14,483,yes,16,-30
2025-05-20T15:02:49.937888,KXBTCD-25MAY2019-T106999.99,DELTA,21,25,25,14,484,no,73,-30
2025-05-20T15:02:49.947563,KXBTCD-25MAY2019-T106999.99,DELTA,21,25,25,14,485,yes,14,30
2025-05-20T15:02:49.947709,KXBTCD-25MAY2019-T106999.99,DELTA,21,25,25,44,486,no,75,30
2025-05-20T15:02:50.006334,KXBTCD-25MAY2019-T106999.99,DELTA,21,25,25,44,487,no,74,-1000
2025-05-20T15:02:50.046337,KXBTCD-25MAY2019-T106999.99,DELTA,21,25,25,1044,488,no,75,1000
2025-05-20T15:02:50.525994,KXBTCD-25MAY2019-T106999.99,DELTA,21,25,25,1044,489,yes,4,-8100
2025-05-20T15:02:50.526731,KXBTCD-25MAY2019-T106999.99,DELTA,21,25,25,1044,490,yes,6,5400
2025-05-20T15:02:50.586454,KXBTCD-25MAY2019-T106999.99,DELTA,21,25,25,1044,491,no,73,-100
2025-05-20T15:02:50.587566,KXBTCD-25MAY2019-T106999.99,DELTA,21,25,25,1044,492,yes,5,-20000
2025-05-20T15:02:50.606128,KXBTCD-25MAY2019-T106999.99,DELTA,21,25,25,1044,493,yes,5,-2000
2025-05-20T15:02:50.606952,KXBTCD-25MAY2019-T106999.99,DELTA,21,25,25,1044,494,yes,5,-1250
2025-05-20T15:02:50.645952,KXBTCD-25MAY2019-T106999.99,DELTA,21,25,25,1044,495,yes,7,1250
2025-05-20T15:02:50.646932,KXBTCD-25MAY2019-T106999.99,DELTA,21,25,25,1044,496,yes,7,20000
2025-05-20T15:02:50.665541,KXBTCD-25MAY2019-T106999.99,DELTA,21,25,25,1044,497,yes,7,2000
2025-05-20T15:02:51.267505,KXBTCD-25MAY2019-T106999.99,DELTA,21,25,25,1044,498,yes,20,-1000
2025-05-20T15:02:51.268328,KXBTCD-25MAY2019-T106999.99,DELTA,21,25,25,44,499,no,75,-1000
2025-05-20T15:02:51.268968,KXBTCD-25MAY2019-T106999.99,DELTA,21,25,25,44,500,yes,14,14
2025-05-20T15:02:51.269671,KXBTCD-25MAY2019-T106999.99,DELTA,21,25,25,44,501,yes,16,-14
2025-05-20T15:02:51.287406,KXBTCD-25MAY2019-T106999.99,DELTA,21,25,23,14,502,no,77,14
2025-05-20T15:02:51.288060,KXBTCD-25MAY2019-T106999.99,DELTA,21,25,23,14,503,no,75,-14
2025-05-20T15:02:51.305633,KXBTCD-25MAY2019-T106999.99,DELTA,21,25,23,14,504,yes,19,1000
2025-05-20T15:02:51.326047,KXBTCD-25MAY2019-T106999.99,DELTA,21,25,23,14,505,no,76,1000
2025-05-20T15:02:51.548228,KXBTCD-25MAY2019-T106999.99,DELTA,21,25,23,14,506,no,74,100
2025-05-20T15:02:51.705567,KXBTCD-25MAY2019-T106999.99,DELTA,21,25,23,14,507,yes,6,-5400
2025-05-20T15:02:51.706361,KXBTCD-25MAY2019-T106999.99,DELTA,21,25,23,14,508,yes,7,4628
2025-05-20T15:02:51.766077,KXBTCD-25MAY2019-T106999.99,DELTA,21,25,23,14,509,yes,7,-20000
2025-05-20T15:02:51.766977,KXBTCD-25MAY2019-T106999.99,DELTA,21,25,23,14,510,yes,7,-2000
2025-05-20T15:02:51.786421,KXBTCD-25MAY2019-T106999.99,DELTA,21,25,23,14,511,yes,7,-1250
2025-05-20T15:02:51.826434,KXBTCD-25MAY2019-T106999.99,DELTA,21,25,23,14,512,yes,8,1250
2025-05-20T15:02:51.827299,KXBTCD-25MAY2019-T106999.99,DELTA,21,25,23,14,513,yes,8,20000
2025-05-20T15:02:51.827954,KXBTCD-25MAY2019-T106999.99,DELTA,21,25,23,14,514,yes,8,2000
2025-05-20T15:02:52.845535,KXBTCD-25MAY2019-T106999.99,DELTA,21,25,23,14,515,yes,7,-4628
2025-05-20T15:02:52.846403,KXBTCD-25MAY2019-T106999.99,DELTA,21,25,23,14,516,yes,4,8100
2025-05-20T15:02:52.906754,KXBTCD-25MAY2019-T106999.99,DELTA,21,25,23,14,517,yes,8,-20000
2025-05-20T15:02:52.907759,KXBTCD-25MAY2019-T106999.99,DELTA,21,25,23,14,518,yes,8,-2000
2025-05-20T15:02:52.926887,KXBTCD-25MAY2019-T106999.99,DELTA,21,25,23,14,519,yes,8,-1250
2025-05-20T15:02:52.966571,KXBTCD-25MAY2019-T106999.99,DELTA,21,25,23,14,520,yes,5,2000
2025-05-20T15:02:52.967687,KXBTCD-25MAY2019-T106999.99,DELTA,21,25,23,14,521,yes,5,1250
2025-05-20T15:02:52.968569,KXBTCD-25MAY2019-T106999.99,DELTA,21,25,23,14,522,yes,5,20000
2025-05-20T15:02:53.927180,KXBTCD-25MAY2019-T106999.99,DELTA,21,25,23,14,523,yes,4,-8100
2025-05-20T15:02:53.928362,KXBTCD-25MAY2019-T106999.99,DELTA,21,25,23,14,524,yes,6,5400
2025-05-20T15:02:54.026011,KXBTCD-25MAY2019-T106999.99,DELTA,21,25,23,14,525,yes,5,-20000
2025-05-20T15:02:54.026350,KXBTCD-25MAY2019-T106999.99,DELTA,21,25,23,14,526,yes,5,-2000
2025-05-20T15:02:54.045488,KXBTCD-25MAY2019-T106999.99,DELTA,21,25,23,14,527,yes,5,-1250
2025-05-20T15:02:54.086184,KXBTCD-25MAY2019-T106999.99,DELTA,21,25,23,14,528,yes,7,2000
2025-05-20T15:02:54.086318,KXBTCD-25MAY2019-T106999.99,DELTA,21,25,23,14,529,yes,7,1250
2025-05-20T15:02:54.086400,KXBTCD-25MAY2019-T106999.99,DELTA,21,25,23,14,530,yes,7,20000
2025-05-20T15:02:57.806246,KXBTCD-25MAY2019-T106999.99,DELTA,21,25,23,14,531,yes,6,-5400
2025-05-20T15:02:57.806590,KXBTCD-25MAY2019-T106999.99,DELTA,21,25,23,14,532,yes,7,4628
2025-05-20T15:02:57.866986,KXBTCD-25MAY2019-T106999.99,DELTA,21,25,23,14,533,yes,7,-20000
2025-05-20T15:02:57.887145,KXBTCD-25MAY2019-T106999.99,DELTA,21,25,23,14,534,yes,7,-2000
2025-05-20T15:02:57.887839,KXBTCD-25MAY2019-T106999.99,DELTA,21,25,23,14,535,yes,7,-1250
2025-05-20T15:02:57.927015,KXBTCD-25MAY2019-T106999.99,DELTA,21,25,23,14,536,yes,8,1250
2025-05-20T15:02:57.947014,KXBTCD-25MAY2019-T106999.99,DELTA,21,25,23,14,537,yes,8,2000
2025-05-20T15:02:57.947853,KXBTCD-25MAY2019-T106999.99,DELTA,21,25,23,14,538,yes,8,20000
2025-05-20T15:03:00.025332,KXBTCD-25MAY2019-T106999.99,DELTA,21,25,23,14,539,yes,19,-1000
2025-05-20T15:03:00.025816,KXBTCD-25MAY2019-T106999.99,DELTA,21,25,23,14,540,no,76,-1000
2025-05-20T15:03:00.089389,KXBTCD-25MAY2019-T106999.99,DELTA,21,25,23,14,541,yes,19,1000
2025-05-20T15:03:00.089644,KXBTCD-25MAY2019-T106999.99,DELTA,21,25,23,14,542,no,76,1000
2025-05-20T15:03:00.110017,KXBTCD-25MAY2019-T106999.99,DELTA,21,25,23,14,543,no,71,-25
2025-05-20T15:03:00.110455,KXBTCD-25MAY2019-T106999.99,DELTA,21,25,23,14,544,no,72,25
2025-05-20T15:03:00.146988,KXBTCD-25MAY2019-T106999.99,DELTA,21,25,23,14,545,no,53,9
2025-05-20T15:03:00.147925,KXBTCD-25MAY2019-T106999.99,DELTA,21,25,23,14,546,yes,15,9
2025-05-20T15:03:00.445989,KXBTCD-25MAY2019-T106999.99,DELTA,21,25,23,14,547,yes,7,-4628
2025-05-20T15:03:00.446198,KXBTCD-25MAY2019-T106999.99,DELTA,21,25,23,14,548,yes,4,8100
2025-05-20T15:03:00.566914,KXBTCD-25MAY2019-T106999.99,DELTA,21,25,23,14,549,yes,8,-20000
2025-05-20T15:03:00.568019,KXBTCD-25MAY2019-T106999.99,DELTA,21,25,23,14,550,yes,8,-2000
2025-05-20T15:03:00.587959,KXBTCD-25MAY2019-T106999.99,DELTA,21,25,23,14,551,yes,8,-1250
2025-05-20T15:03:00.626983,KXBTCD-25MAY2019-T106999.99,DELTA,21,25,23,14,552,yes,5,2000
2025-05-20T15:03:00.627856,KXBTCD-25MAY2019-T106999.99,DELTA,21,25,23,14,553,yes,5,20000
2025-05-20T15:03:00.628420,KXBTCD-25MAY2019-T106999.99,DELTA,21,25,23,14,554,yes,5,1250
2025-05-20T15:03:00.786839,KXBTCD-25MAY2019-T106999.99,DELTA,21,25,23,14,555,yes,19,-1000
2025-05-20T15:03:00.867679,KXBTCD-25MAY2019-T106999.99,DELTA,21,25,23,14,556,yes,15,1000
2025-05-20T15:03:01.136180,KXBTCD-25MAY2019-T106999.99,DELTA,21,25,23,14,557,yes,15,-1000
2025-05-20T15:03:01.168518,KXBTCD-25MAY2019-T106999.99,DELTA,21,25,23,14,558,yes,19,1000
2025-05-20T15:03:01.308164,KXBTCD-25MAY2019-T106999.99,DELTA,21,25,23,14,559,yes,19,-1000
2025-05-20T15:03:01.346390,KXBTCD-25MAY2019-T106999.99,DELTA,21,25,23,14,560,yes,15,1000
2025-05-20T15:03:01.486431,KXBTCD-25MAY2019-T106999.99,DELTA,21,25,23,14,561,yes,4,-8100
2025-05-20T15:03:01.487292,KXBTCD-25MAY2019-T106999.99,DELTA,21,25,23,14,562,yes,6,5400
2025-05-20T15:03:01.609015,KXBTCD-25MAY2019-T106999.99,DELTA,21,25,23,14,563,no,74,-100
2025-05-20T15:03:01.609989,KXBTCD-25MAY2019-T106999.99,DELTA,21,25,23,14,564,yes,19,-100
2025-05-20T15:03:01.610664,KXBTCD-25MAY2019-T106999.99,DELTA,21,25,23,14,565,yes,5,-20000
2025-05-20T15:03:01.611209,KXBTCD-25MAY2019-T106999.99,DELTA,21,25,23,14,566,yes,5,-2000
2025-05-20T15:03:01.611657,KXBTCD-25MAY2019-T106999.99,DELTA,21,25,23,14,567,yes,5,-1250
2025-05-20T15:03:01.627082,KXBTCD-25MAY2019-T106999.99,DELTA,21,25,23,14,568,yes,7,1250
2025-05-20T15:03:01.627850,KXBTCD-25MAY2019-T106999.99,DELTA,21,25,23,14,569,yes,7,2000
2025-05-20T15:03:01.648468,KXBTCD-25MAY2019-T106999.99,DELTA,21,25,23,14,570,yes,7,20000
2025-05-20T15:03:02.665917,KXBTCD-25MAY2019-T106999.99,DELTA,21,25,23,14,571,yes,17,100
2025-05-20T15:03:02.667630,KXBTCD-25MAY2019-T106999.99,DELTA,21,25,23,14,572,no,75,100
2025-05-20T15:03:02.706765,KXBTCD-25MAY2019-T106999.99,DELTA,21,25,23,14,573,yes,6,-5400
2025-05-20T15:03:02.706938,KXBTCD-25MAY2019-T106999.99,DELTA,21,25,23,14,574,yes,4,8100
2025-05-20T15:03:02.726869,KXBTCD-25MAY2019-T106999.99,DELTA,21,25,23,14,575,yes,15,-1000
2025-05-20T15:03:02.856093,KXBTCD-25MAY2019-T106999.99,DELTA,21,25,23,14,576,no,53,-9
2025-05-20T15:03:02.857006,KXBTCD-25MAY2019-T106999.99,DELTA,21,25,23,14,577,yes,7,-20000
2025-05-20T15:03:02.857641,KXBTCD-25MAY2019-T106999.99,DELTA,21,25,23,14,578,yes,15,-9
2025-05-20T15:03:02.858120,KXBTCD-25MAY2019-T106999.99,DELTA,21,25,23,14,579,yes,7,-2000
2025-05-20T15:03:02.858528,KXBTCD-25MAY2019-T106999.99,DELTA,17,100,23,14,580,yes,21,-25
2025-05-20T15:03:02.858906,KXBTCD-25MAY2019-T106999.99,DELTA,18,25,23,14,581,yes,18,25
2025-05-20T15:03:02.859302,KXBTCD-25MAY2019-T106999.99,DELTA,18,1025,23,14,582,yes,18,1000
2025-05-20T15:03:02.859662,KXBTCD-25MAY2019-T106999.99,DELTA,18,1025,23,14,583,yes,7,-1250
2025-05-20T15:03:02.867036,KXBTCD-25MAY2019-T106999.99,DELTA,18,1025,23,14,584,yes,5,1250
2025-05-20T15:03:02.867709,KXBTCD-25MAY2019-T106999.99,DELTA,18,1000,23,14,585,yes,18,-25
2025-05-20T15:03:02.868205,KXBTCD-25MAY2019-T106999.99,DELTA,22,25,23,14,586,yes,22,25
2025-05-20T15:03:02.868631,KXBTCD-25MAY2019-T106999.99,DELTA,22,25,23,14,587,yes,5,20000
2025-05-20T15:03:02.869101,KXBTCD-25MAY2019-T106999.99,DELTA,22,25,23,14,588,yes,5,2000
2025-05-20T15:03:02.927233,KXBTCD-25MAY2019-T106999.99,DELTA,18,1000,23,14,589,yes,22,-25
2025-05-20T15:03:02.928200,KXBTCD-25MAY2019-T106999.99,DELTA,19,25,23,14,590,yes,19,25
2025-05-20T15:03:04.125615,KXBTCD-25MAY2019-T106999.99,DELTA,19,25,23,14,591,yes,4,-8100
2025-05-20T15:03:04.125845,KXBTCD-25MAY2019-T106999.99,DELTA,19,25,23,14,592,yes,5,6480
2025-05-20T15:03:04.232201,KXBTCD-25MAY2019-T106999.99,DELTA,19,25,23,14,593,yes,5,-20000
2025-05-20T15:03:04.232707,KXBTCD-25MAY2019-T106999.99,DELTA,19,25,23,14,594,yes,5,-2000
2025-05-20T15:03:04.233205,KXBTCD-25MAY2019-T106999.99,DELTA,19,25,23,14,595,yes,5,-1250
2025-05-20T15:03:04.246737,KXBTCD-25MAY2019-T106999.99,DELTA,19,25,23,14,596,yes,6,2000
2025-05-20T15:03:04.247358,KXBTCD-25MAY2019-T106999.99,DELTA,19,25,23,14,597,yes,6,20000
2025-05-20T15:03:04.247916,KXBTCD-25MAY2019-T106999.99,DELTA,19,25,23,14,598,yes,6,1250
2025-05-20T15:03:05.386923,KXBTCD-25MAY2019-T106999.99,DELTA,19,25,23,14,599,yes,5,-6480
2025-05-20T15:03:05.387739,KXBTCD-25MAY2019-T106999.99,DELTA,19,25,23,14,600,yes,4,8100
2025-05-20T15:03:05.474703,KXBTCD-25MAY2019-T106999.99,DELTA,19,25,23,14,601,yes,6,-20000
2025-05-20T15:03:05.475759,KXBTCD-25MAY2019-T106999.99,DELTA,19,25,23,14,602,yes,6,-2000
2025-05-20T15:03:05.476504,KXBTCD-25MAY2019-T106999.99,DELTA,19,25,23,14,603,yes,6,-1250
2025-05-20T15:03:05.572160,KXBTCD-25MAY2019-T106999.99,DELTA,19,25,23,14,604,yes,5,20000
2025-05-20T15:03:05.573126,KXBTCD-25MAY2019-T106999.99,DELTA,19,25,23,14,605,yes,5,1250
2025-05-20T15:03:05.587064,KXBTCD-25MAY2019-T106999.99,DELTA,19,25,23,14,606,yes,5,2000
2025-05-20T15:03:09.306413,KXBTCD-25MAY2019-T106999.99,DELTA,19,25,23,14,607,yes,4,-8100
2025-05-20T15:03:09.307399,KXBTCD-25MAY2019-T106999.99,DELTA,19,25,23,14,608,yes,5,6480
2025-05-20T15:03:09.367245,KXBTCD-25MAY2019-T106999.99,DELTA,19,25,23,14,609,yes,5,-20000
2025-05-20T15:03:09.368267,KXBTCD-25MAY2019-T106999.99,DELTA,19,25,23,14,610,yes,5,-2000
2025-05-20T15:03:09.472697,KXBTCD-25MAY2019-T106999.99,DELTA,19,25,23,14,611,yes,5,-1250
2025-05-20T15:03:09.473802,KXBTCD-25MAY2019-T106999.99,DELTA,19,25,23,14,612,yes,6,1250
2025-05-20T15:03:09.474434,KXBTCD-25MAY2019-T106999.99,DELTA,19,25,23,14,613,yes,6,20000
2025-05-20T15:03:09.475005,KXBTCD-25MAY2019-T106999.99,DELTA,19,25,23,14,614,yes,6,2000
2025-05-20T15:03:11.049955,KXBTCD-25MAY2019-T106999.99,DELTA,19,25,23,14,615,no,24,-1350
2025-05-20T15:03:11.051077,KXBTCD-25MAY2019-T106999.99,DELTA,19,25,23,14,616,yes,5,-6480
2025-05-20T15:03:11.131997,KXBTCD-25MAY2019-T106999.99,DELTA,19,25,23,14,617,yes,6,-20000
2025-05-20T15:03:11.132122,KXBTCD-25MAY2019-T106999.99,DELTA,19,25,23,14,618,yes,6,-2000
2025-05-20T15:03:11.146267,KXBTCD-25MAY2019-T106999.99,DELTA,19,25,23,14,619,yes,6,-1250
2025-05-20T15:03:12.174071,KXBTCD-25MAY2019-T106999.99,DELTA,19,25,23,14,620,yes,4,8100
2025-05-20T15:03:12.228762,KXBTCD-25MAY2019-T106999.99,DELTA,19,25,23,14,621,no,24,1350
2025-05-20T15:03:12.229677,KXBTCD-25MAY2019-T106999.99,DELTA,19,25,23,14,622,yes,5,1250
2025-05-20T15:03:12.230261,KXBTCD-25MAY2019-T106999.99,DELTA,19,25,23,14,623,yes,5,2000
2025-05-20T15:03:12.260973,KXBTCD-25MAY2019-T106999.99,DELTA,19,25,23,14,624,yes,5,20000
2025-05-20T15:03:13.387277,KXBTCD-25MAY2019-T106999.99,DELTA,19,25,23,14,625,yes,4,-8100
2025-05-20T15:03:13.388052,KXBTCD-25MAY2019-T106999.99,DELTA,19,25,23,14,626,yes,5,6480
2025-05-20T15:03:13.446770,KXBTCD-25MAY2019-T106999.99,DELTA,19,25,23,14,627,yes,5,-20000
2025-05-20T15:03:13.447835,KXBTCD-25MAY2019-T106999.99,DELTA,19,25,23,14,628,yes,5,-2000
2025-05-20T15:03:13.467251,KXBTCD-25MAY2019-T106999.99,DELTA,19,25,23,14,629,yes,5,-1250
2025-05-20T15:03:13.507086,KXBTCD-25MAY2019-T106999.99,DELTA,19,25,23,14,630,yes,6,20000
2025-05-20T15:03:13.507981,KXBTCD-25MAY2019-T106999.99,DELTA,19,25,23,14,631,yes,6,1250
2025-05-20T15:03:13.508612,KXBTCD-25MAY2019-T106999.99,DELTA,19,25,23,14,632,yes,6,2000
2025-05-20T15:03:14.507453,KXBTCD-25MAY2019-T106999.99,DELTA,19,25,23,14,633,yes,5,-6480
2025-05-20T15:03:14.508311,KXBTCD-25MAY2019-T106999.99,DELTA,19,25,23,14,634,yes,4,8100
2025-05-20T15:03:14.568298,KXBTCD-25MAY2019-T106999.99,DELTA,19,25,23,14,635,yes,6,-20000
2025-05-20T15:03:14.569375,KXBTCD-25MAY2019-T106999.99,DELTA,19,25,23,14,636,yes,6,-2000
2025-05-20T15:03:14.586368,KXBTCD-25MAY2019-T106999.99,DELTA,19,25,23,14,637,yes,6,-1250
2025-05-20T15:03:14.627189,KXBTCD-25MAY2019-T106999.99,DELTA,19,25,23,14,638,yes,5,2000
2025-05-20T15:03:14.628184,KXBTCD-25MAY2019-T106999.99,DELTA,19,25,23,14,639,yes,5,1250
2025-05-20T15:03:14.628931,KXBTCD-25MAY2019-T106999.99,DELTA,19,25,23,14,640,yes,5,20000
2025-05-20T15:03:15.607386,KXBTCD-25MAY2019-T106999.99,DELTA,19,25,23,14,641,yes,4,-8100
2025-05-20T15:03:15.608371,KXBTCD-25MAY2019-T106999.99,DELTA,19,25,23,14,642,yes,5,6480
2025-05-20T15:03:15.668054,KXBTCD-25MAY2019-T106999.99,DELTA,19,25,23,14,643,yes,5,-20000
2025-05-20T15:03:15.669112,KXBTCD-25MAY2019-T106999.99,DELTA,19,25,23,14,644,yes,5,-2000
2025-05-20T15:03:15.767440,KXBTCD-25MAY2019-T106999.99,DELTA,19,25,23,14,645,yes,5,-1250
2025-05-20T15:03:15.768161,KXBTCD-25MAY2019-T106999.99,DELTA,19,25,23,14,646,yes,6,2000
2025-05-20T15:03:15.768727,KXBTCD-25MAY2019-T106999.99,DELTA,19,25,23,14,647,yes,6,1250
2025-05-20T15:03:15.769261,KXBTCD-25MAY2019-T106999.99,DELTA,19,25,23,14,648,yes,6,20000
2025-05-20T15:03:16.647998,KXBTCD-25MAY2019-T106999.99,DELTA,19,25,23,14,649,yes,5,-6480
2025-05-20T15:03:16.649153,KXBTCD-25MAY2019-T106999.99,DELTA,19,25,23,14,650,yes,4,8100
2025-05-20T15:03:16.707353,KXBTCD-25MAY2019-T106999.99,DELTA,19,25,23,14,651,yes,6,-20000
2025-05-20T15:03:16.816011,KXBTCD-25MAY2019-T106999.99,DELTA,19,25,23,14,652,yes,6,-2000
2025-05-20T15:03:16.817176,KXBTCD-25MAY2019-T106999.99,DELTA,19,25,23,14,653,yes,6,-1250
2025-05-20T15:03:16.817812,KXBTCD-25MAY2019-T106999.99,DELTA,19,25,23,14,654,yes,5,1250
2025-05-20T15:03:16.818415,KXBTCD-25MAY2019-T106999.99,DELTA,19,25,23,14,655,yes,5,20000
2025-05-20T15:03:16.818970,KXBTCD-25MAY2019-T106999.99,DELTA,19,25,23,14,656,yes,5,2000
2025-05-20T15:03:19.963056,KXBTCD-25MAY2019-T106999.99,DELTA,19,25,23,14,657,no,75,-100
2025-05-20T15:03:20.308137,KXBTCD-25MAY2019-T106999.99,DELTA,19,25,23,14,658,yes,13,30
2025-05-20T15:03:20.389445,KXBTCD-25MAY2019-T106999.99,DELTA,19,25,23,44,659,no,77,30
2025-05-20T15:03:20.509712,KXBTCD-25MAY2019-T106999.99,DELTA,19,25,23,44,660,no,72,-25
2025-05-20T15:03:20.510313,KXBTCD-25MAY2019-T106999.99,DELTA,19,25,23,44,661,no,73,25
2025-05-20T15:03:20.510836,KXBTCD-25MAY2019-T106999.99,DELTA,19,25,23,44,662,no,76,-1000
2025-05-20T15:03:20.686805,KXBTCD-25MAY2019-T106999.99,DELTA,19,25,23,1044,663,no,77,1000
2025-05-20T15:03:20.708023,KXBTCD-25MAY2019-T106999.99,DELTA,19,25,23,1044,664,yes,14,-30
2025-05-20T15:03:20.807539,KXBTCD-25MAY2019-T106999.99,DELTA,19,25,23,1044,665,no,76,100
2025-05-20T15:03:20.887475,KXBTCD-25MAY2019-T106999.99,DELTA,19,25,23,1044,666,no,75,-30
2025-05-20T15:03:21.209603,KXBTCD-25MAY2019-T106999.99,DELTA,19,25,23,1044,667,yes,13,14
2025-05-20T15:03:21.307671,KXBTCD-25MAY2019-T106999.99,DELTA,19,25,23,1044,668,yes,14,-14
2025-05-20T15:03:21.309438,KXBTCD-25MAY2019-T106999.99,DELTA,19,25,22,14,669,no,78,14
2025-05-20T15:03:21.386587,KXBTCD-25MAY2019-T106999.99,DELTA,19,25,22,14,670,no,77,-14
2025-05-20T15:03:21.534164,KXBTCD-25MAY2019-T106999.99,DELTA,19,25,22,14,671,yes,18,-1000
2025-05-20T15:03:21.708240,KXBTCD-25MAY2019-T106999.99,DELTA,19,25,22,14,672,no,77,-1000
2025-05-20T15:03:21.890611,KXBTCD-25MAY2019-T106999.99,DELTA,19,25,22,14,673,yes,17,1000
2025-05-20T15:03:21.891741,KXBTCD-25MAY2019-T106999.99,DELTA,19,25,22,1014,674,no,78,1000
2025-05-20T15:03:21.892637,KXBTCD-25MAY2019-T106999.99,DELTA,17,1100,22,1014,675,yes,19,-25
2025-05-20T15:03:21.893163,KXBTCD-25MAY2019-T106999.99,DELTA,18,25,22,1014,676,yes,18,25
2025-05-20T15:03:24.907504,KXBTCD-25MAY2019-T106999.99,DELTA,18,25,22,1014,677,no,76,-100
2025-05-20T15:03:24.926135,KXBTCD-25MAY2019-T106999.99,DELTA,18,25,22,1014,678,yes,17,-100
2025-05-20T15:03:24.986901,KXBTCD-25MAY2019-T106999.99,DELTA,18,25,22,1014,679,yes,17,-1000
2025-05-20T15:03:25.027067,KXBTCD-25MAY2019-T106999.99,DELTA,18,25,22,1014,680,yes,14,1000
2025-05-20T15:03:25.527937,KXBTCD-25MAY2019-T106999.99,DELTA,18,25,22,1014,681,yes,11,30
2025-05-20T15:03:25.529042,KXBTCD-25MAY2019-T106999.99,DELTA,18,25,22,1014,682,yes,13,-30
2025-05-20T15:03:25.546093,KXBTCD-25MAY2019-T106999.99,DELTA,18,25,22,1014,683,no,77,-30
2025-05-20T15:03:25.547074,KXBTCD-25MAY2019-T106999.99,DELTA,18,25,22,1044,684,no,78,30
2025-05-20T15:03:25.586056,KXBTCD-25MAY2019-T106999.99,DELTA,18,25,22,1044,685,yes,14,-1000
2025-05-20T15:03:25.726781,KXBTCD-25MAY2019-T106999.99,DELTA,18,25,22,1044,686,yes,12,1000
2025-05-20T15:03:25.727841,KXBTCD-25MAY2019-T106999.99,DELTA,18,25,22,1044,687,yes,15,100
2025-05-20T15:03:25.728781,KXBTCD-25MAY2019-T106999.99,DELTA,18,25,22,1044,688,no,77,100
2025-05-20T15:03:25.729564,KXBTCD-25MAY2019-T106999.99,DELTA,18,25,22,1044,689,yes,12,-1000
2025-05-20T15:03:25.730114,KXBTCD-25MAY2019-T106999.99,DELTA,18,25,22,1044,690,yes,16,1000
2025-05-20T15:03:27.466802,KXBTCD-25MAY2019-T106999.99,DELTA,18,25,22,1044,691,yes,4,-8100
2025-05-20T15:03:27.467715,KXBTCD-25MAY2019-T106999.99,DELTA,18,25,22,1044,692,yes,3,10800
2025-05-20T15:03:27.528612,KXBTCD-25MAY2019-T106999.99,DELTA,18,25,22,1044,693,yes,5,-20000
2025-05-20T15:03:27.529801,KXBTCD-25MAY2019-T106999.99,DELTA,18,25,22,1044,694,yes,5,-2000
2025-05-20T15:03:27.548193,KXBTCD-25MAY2019-T106999.99,DELTA,18,25,22,1044,695,yes,5,-1250
2025-05-20T15:03:27.586558,KXBTCD-25MAY2019-T106999.99,DELTA,18,25,22,1044,696,yes,4,2000
2025-05-20T15:03:27.606357,KXBTCD-25MAY2019-T106999.99,DELTA,18,25,22,1044,697,yes,4,20000
2025-05-20T15:03:27.607022,KXBTCD-25MAY2019-T106999.99,DELTA,18,25,22,1044,698,yes,4,1250
2025-05-20T15:03:29.092014,KXBTCD-25MAY2019-T106999.99,DELTA,18,25,22,44,699,no,78,-1000
2025-05-20T15:03:29.131356,KXBTCD-25MAY2019-T106999.99,DELTA,18,25,21,1000,700,no,79,1000
2025-05-20T15:03:29.153148,KXBTCD-25MAY2019-T106999.99,DELTA,18,25,21,1000,701,yes,11,14
2025-05-20T15:03:29.153373,KXBTCD-25MAY2019-T106999.99,DELTA,18,25,20,14,702,no,80,14
2025-05-20T15:03:29.153505,KXBTCD-25MAY2019-T106999.99,DELTA,18,25,20,14,703,no,73,-25
2025-05-20T15:03:29.153614,KXBTCD-25MAY2019-T106999.99,DELTA,18,25,20,14,704,no,74,25
2025-05-20T15:03:29.153714,KXBTCD-25MAY2019-T106999.99,DELTA,18,25,20,14,705,yes,13,-14
2025-05-20T15:03:29.172606,KXBTCD-25MAY2019-T106999.99,DELTA,18,25,20,14,706,no,78,-14
2025-05-20T15:03:32.327453,KXBTCD-25MAY2019-T106999.99,DELTA,18,25,20,14,707,no,77,-100
2025-05-20T15:03:33.267968,KXBTCD-25MAY2019-T106999.99,DELTA,18,25,20,14,708,no,77,100
2025-05-20T15:03:35.827606,KXBTCD-25MAY2019-T106999.99,DELTA,18,25,20,14,709,yes,3,-10800
2025-05-20T15:03:35.828157,KXBTCD-25MAY2019-T106999.99,DELTA,18,25,20,14,710,yes,1,32400
2025-05-20T15:03:35.908182,KXBTCD-25MAY2019-T106999.99,DELTA,18,25,20,14,711,yes,4,-20000
2025-05-20T15:03:35.909375,KXBTCD-25MAY2019-T106999.99,DELTA,18,25,20,14,712,yes,4,-2000
2025-05-20T15:03:35.928235,KXBTCD-25MAY2019-T106999.99,DELTA,18,25,20,14,713,yes,4,-1250
2025-05-20T15:03:35.968204,KXBTCD-25MAY2019-T106999.99,DELTA,18,25,20,14,714,yes,2,1250
2025-05-20T15:03:35.969383,KXBTCD-25MAY2019-T106999.99,DELTA,18,25,20,14,715,yes,2,2000
2025-05-20T15:03:35.970273,KXBTCD-25MAY2019-T106999.99,DELTA,18,25,20,14,716,yes,2,20000
2025-05-20T15:03:36.288484,KXBTCD-25MAY2019-T106999.99,DELTA,18,25,20,14,717,no,77,-100
2025-05-20T15:03:37.166587,KXBTCD-25MAY2019-T106999.99,DELTA,18,25,20,14,718,no,77,100
2025-05-20T15:03:38.306707,KXBTCD-25MAY2019-T106999.99,DELTA,18,25,20,14,719,no,77,-100
2025-05-20T15:03:38.426666,KXBTCD-25MAY2019-T106999.99,DELTA,18,25,20,14,720,yes,1,-32400
2025-05-20T15:03:38.427439,KXBTCD-25MAY2019-T106999.99,DELTA,18,25,20,14,721,yes,3,10800
2025-05-20T15:03:38.485864,KXBTCD-25MAY2019-T106999.99,DELTA,18,25,20,14,722,yes,2,-20000
2025-05-20T15:03:38.487517,KXBTCD-25MAY2019-T106999.99,DELTA,18,25,20,14,723,yes,2,-2000
2025-05-20T15:03:38.506498,KXBTCD-25MAY2019-T106999.99,DELTA,18,25,20,14,724,yes,2,-1250
2025-05-20T15:03:38.546040,KXBTCD-25MAY2019-T106999.99,DELTA,18,25,20,14,725,yes,4,2000
2025-05-20T15:03:38.549246,KXBTCD-25MAY2019-T106999.99,DELTA,18,25,20,14,726,yes,4,1250
2025-05-20T15:03:38.549983,KXBTCD-25MAY2019-T106999.99,DELTA,18,25,20,14,727,yes,4,20000
2025-05-20T15:03:39.206593,KXBTCD-25MAY2019-T106999.99,DELTA,16,1000,20,14,728,yes,18,-25
2025-05-20T15:03:39.291314,KXBTCD-25MAY2019-T106999.99,DELTA,16,1000,20,14,729,no,78,100
2025-05-20T15:03:39.292081,KXBTCD-25MAY2019-T106999.99,DELTA,16,1000,20,14,730,no,74,-25
2025-05-20T15:03:40.318866,KXBTCD-25MAY2019-T106999.99,DELTA,17,25,20,14,731,yes,17,25
2025-05-20T15:03:40.426566,KXBTCD-25MAY2019-T106999.99,DELTA,17,25,20,14,732,no,74,25
2025-05-20T15:03:53.886414,KXBTCD-25MAY2019-T106999.99,DELTA,17,25,20,14,733,yes,16,-1000
2025-05-20T15:03:53.927265,KXBTCD-25MAY2019-T106999.99,DELTA,17,25,20,14,734,yes,15,1000
2025-05-20T15:03:53.966658,KXBTCD-25MAY2019-T106999.99,DELTA,15,1100,20,14,735,yes,17,-25
2025-05-20T15:03:53.967761,KXBTCD-25MAY2019-T106999.99,DELTA,16,25,20,14,736,yes,16,25
2025-05-20T15:03:53.987413,KXBTCD-25MAY2019-T106999.99,DELTA,16,25,20,14,737,yes,12,9
2025-05-20T15:03:56.048805,KXBTCD-25MAY2019-T106999.99,DELTA,16,25,20,14,738,no,78,-100
2025-05-20T15:03:56.066818,KXBTCD-25MAY2019-T106999.99,DELTA,16,25,20,14,739,yes,15,-100
2025-05-20T15:03:56.127024,KXBTCD-25MAY2019-T106999.99,DELTA,16,25,20,14,740,yes,15,-1000
2025-05-20T15:03:56.146822,KXBTCD-25MAY2019-T106999.99,DELTA,16,25,20,14,741,yes,12,-9
2025-05-20T15:03:56.168674,KXBTCD-25MAY2019-T106999.99,DELTA,16,25,20,14,742,yes,12,1000
2025-05-20T15:03:57.208003,KXBTCD-25MAY2019-T106999.99,DELTA,16,25,20,14,743,no,79,-1000
2025-05-20T15:03:57.266506,KXBTCD-25MAY2019-T106999.99,DELTA,16,25,20,14,744,no,78,1000
2025-05-20T15:03:57.586553,KXBTCD-25MAY2019-T106999.99,DELTA,12,1000,20,14,745,yes,16,-25
2025-05-20T15:03:57.587245,KXBTCD-25MAY2019-T106999.99,DELTA,13,25,20,14,746,yes,13,25
2025-05-20T15:03:57.605433,KXBTCD-25MAY2019-T106999.99,DELTA,13,25,20,14,747,no,74,-25
2025-05-20T15:03:57.606262,KXBTCD-25MAY2019-T106999.99,DELTA,13,25,20,14,748,no,73,25
2025-05-20T15:03:57.627300,KXBTCD-25MAY2019-T106999.99,DELTA,12,1000,20,14,749,yes,13,-25
2025-05-20T15:03:57.627983,KXBTCD-25MAY2019-T106999.99,DELTA,17,25,20,14,750,yes,17,25
2025-05-20T15:03:57.645476,KXBTCD-25MAY2019-T106999.99,DELTA,17,25,20,14,751,yes,14,100
2025-05-20T15:03:57.645711,KXBTCD-25MAY2019-T106999.99,DELTA,17,25,20,14,752,no,78,100
2025-05-20T15:03:57.665454,KXBTCD-25MAY2019-T106999.99,DELTA,14,100,20,14,753,yes,17,-25
2025-05-20T15:03:57.665651,KXBTCD-25MAY2019-T106999.99,DELTA,14,100,20,14,754,yes,13,25
2025-05-20T15:03:57.706196,KXBTCD-25MAY2019-T106999.99,DELTA,14,100,20,14,755,yes,12,-1000
2025-05-20T15:03:57.725443,KXBTCD-25MAY2019-T106999.99,DELTA,14,100,20,14,756,yes,13,-25
2025-05-20T15:03:57.725575,KXBTCD-25MAY2019-T106999.99,DELTA,15,25,20,14,757,yes,15,25
2025-05-20T15:03:57.745297,KXBTCD-25MAY2019-T106999.99,DELTA,15,1025,20,14,758,yes,15,1000
2025-05-20T15:03:57.805640,KXBTCD-25MAY2019-T106999.99,DELTA,15,1000,20,14,759,yes,15,-25
2025-05-20T15:03:57.806171,KXBTCD-25MAY2019-T106999.99,DELTA,16,25,20,14,760,yes,16,25
2025-05-20T15:03:58.547257,KXBTCD-25MAY2019-T106999.99,DELTA,16,25,20,14,761,yes,14,-100
2025-05-20T15:03:58.606925,KXBTCD-25MAY2019-T106999.99,DELTA,16,25,20,14,762,yes,15,-1000
2025-05-20T15:03:58.646124,KXBTCD-25MAY2019-T106999.99,DELTA,16,25,20,14,763,yes,12,1000
2025-05-20T15:03:59.367711,KXBTCD-25MAY2019-T106999.99,DELTA,12,1000,20,14,764,yes,16,-25
2025-05-20T15:03:59.368794,KXBTCD-25MAY2019-T106999.99,DELTA,13,25,20,14,765,yes,13,25
2025-05-20T15:03:59.724982,KXBTCD-25MAY2019-T106999.99,DELTA,15,100,20,14,766,yes,15,100
2025-05-20T15:03:59.785075,KXBTCD-25MAY2019-T106999.99,DELTA,15,100,20,14,767,yes,12,-1000
2025-05-20T15:03:59.786008,KXBTCD-25MAY2019-T106999.99,DELTA,15,100,20,14,768,yes,13,-25
2025-05-20T15:03:59.786505,KXBTCD-25MAY2019-T106999.99,DELTA,16,25,20,14,769,yes,16,25
2025-05-20T15:03:59.866328,KXBTCD-25MAY2019-T106999.99,DELTA,16,1025,20,14,770,yes,16,1000
2025-05-20T15:03:59.945907,KXBTCD-25MAY2019-T106999.99,DELTA,16,1000,20,14,771,yes,16,-25
2025-05-20T15:03:59.946105,KXBTCD-25MAY2019-T106999.99,DELTA,17,25,20,14,772,yes,17,25
2025-05-20T15:04:00.627027,KXBTCD-25MAY2019-T106999.99,DELTA,17,25,20,14,773,no,78,-1000
2025-05-20T15:04:00.645644,KXBTCD-25MAY2019-T106999.99,DELTA,17,25,20,14,774,yes,15,-100
2025-05-20T15:04:00.668280,KXBTCD-25MAY2019-T106999.99,DELTA,17,25,20,14,775,no,78,-100
2025-05-20T15:04:00.669152,KXBTCD-25MAY2019-T106999.99,DELTA,17,25,20,14,776,no,41,1000
2025-05-20T15:04:00.708247,KXBTCD-25MAY2019-T106999.99,DELTA,17,25,20,14,777,yes,16,-1000
2025-05-20T15:04:00.726617,KXBTCD-25MAY2019-T106999.99,DELTA,17,25,20,14,778,no,74,9
2025-05-20T15:04:00.747875,KXBTCD-25MAY2019-T106999.99,DELTA,17,25,20,14,779,yes,12,1000
2025-05-20T15:04:00.886929,KXBTCD-25MAY2019-T106999.99,DELTA,17,25,20,14,780,no,41,-1000
2025-05-20T15:04:00.926819,KXBTCD-25MAY2019-T106999.99,DELTA,17,25,20,14,781,no,78,1000
2025-05-20T15:04:01.068100,KXBTCD-25MAY2019-T106999.99,DELTA,17,25,20,14,782,no,78,-1000
2025-05-20T15:04:01.106963,KXBTCD-25MAY2019-T106999.99,DELTA,17,25,20,14,783,no,41,1000
2025-05-20T15:04:01.126059,KXBTCD-25MAY2019-T106999.99,DELTA,17,25,20,14,784,no,73,-25
2025-05-20T15:04:01.126795,KXBTCD-25MAY2019-T106999.99,DELTA,17,25,20,14,785,no,72,25
2025-05-20T15:04:01.906580,KXBTCD-25MAY2019-T106999.99,DELTA,17,25,20,14,786,yes,16,100
2025-05-20T15:04:01.907817,KXBTCD-25MAY2019-T106999.99,DELTA,17,25,20,14,787,no,76,100
2025-05-20T15:04:01.990833,KXBTCD-25MAY2019-T106999.99,DELTA,17,25,20,14,788,yes,12,-1000
2025-05-20T15:04:01.991554,KXBTCD-25MAY2019-T106999.99,DELTA,17,25,20,14,789,no,41,-1000
2025-05-20T15:04:02.006896,KXBTCD-25MAY2019-T106999.99,DELTA,17,25,20,14,790,no,77,1000
2025-05-20T15:04:02.007886,KXBTCD-25MAY2019-T106999.99,DELTA,17,1025,20,14,791,yes,17,1000
2025-05-20T15:04:02.108393,KXBTCD-25MAY2019-T106999.99,DELTA,17,1025,20,14,792,no,76,-100
2025-05-20T15:04:02.207486,KXBTCD-25MAY2019-T106999.99,DELTA,17,1025,20,14,793,no,77,-1000
2025-05-20T15:04:02.246796,KXBTCD-25MAY2019-T106999.99,DELTA,17,1025,20,14,794,no,41,1000
2025-05-20T15:04:02.626856,KXBTCD-25MAY2019-T106999.99,DELTA,17,1025,20,14,795,no,41,-1000
2025-05-20T15:04:02.665254,KXBTCD-25MAY2019-T106999.99,DELTA,17,1025,20,14,796,no,78,1000
2025-05-20T15:04:02.705543,KXBTCD-25MAY2019-T106999.99,DELTA,17,1025,20,14,797,no,78,-1000
2025-05-20T15:04:02.746412,KXBTCD-25MAY2019-T106999.99,DELTA,17,1025,20,14,798,no,41,1000
2025-05-20T15:04:02.786581,KXBTCD-25MAY2019-T106999.99,DELTA,17,1025,20,14,799,no,74,-9
2025-05-20T15:04:03.161639,KXBTCD-25MAY2019-T106999.99,DELTA,17,1025,20,14,800,no,76,100
2025-05-20T15:04:03.162284,KXBTCD-25MAY2019-T106999.99,DELTA,17,1025,20,14,801,no,41,-1000
2025-05-20T15:04:03.162598,KXBTCD-25MAY2019-T106999.99,DELTA,17,1025,20,14,802,no,77,1000
2025-05-20T15:04:03.467136,KXBTCD-25MAY2019-T106999.99,DELTA,17,1025,20,14,803,yes,16,-100
2025-05-20T15:04:03.526767,KXBTCD-25MAY2019-T106999.99,DELTA,17,25,20,14,804,yes,17,-1000
2025-05-20T15:04:03.567813,KXBTCD-25MAY2019-T106999.99,DELTA,17,25,20,14,805,yes,12,1000
2025-05-20T15:04:04.893973,KXBTCD-25MAY2019-T106999.99,DELTA,17,25,20,14,806,yes,16,100
2025-05-20T15:04:04.945981,KXBTCD-25MAY2019-T106999.99,DELTA,17,25,20,14,807,yes,12,-1000
2025-05-20T15:04:05.005628,KXBTCD-25MAY2019-T106999.99,DELTA,17,25,20,14,808,yes,13,9
2025-05-20T15:04:05.005858,KXBTCD-25MAY2019-T106999.99,DELTA,17,1025,20,14,809,yes,17,1000
2025-05-20T15:04:05.407871,KXBTCD-25MAY2019-T106999.99,DELTA,17,1025,20,14,810,yes,16,-100
2025-05-20T15:04:05.467519,KXBTCD-25MAY2019-T106999.99,DELTA,17,25,20,14,811,yes,17,-1000
2025-05-20T15:04:05.506835,KXBTCD-25MAY2019-T106999.99,DELTA,17,25,20,14,812,yes,12,1000
2025-05-20T15:04:06.487621,KXBTCD-25MAY2019-T106999.99,DELTA,17,125,20,14,813,yes,17,100
2025-05-20T15:04:06.547122,KXBTCD-25MAY2019-T106999.99,DELTA,17,125,20,14,814,yes,12,-1000
2025-05-20T15:04:06.586772,KXBTCD-25MAY2019-T106999.99,DELTA,18,1000,20,14,815,yes,18,1000
2025-05-20T15:04:06.647237,KXBTCD-25MAY2019-T106999.99,DELTA,18,1000,20,14,816,yes,17,-25
2025-05-20T15:04:06.648042,KXBTCD-25MAY2019-T106999.99,DELTA,19,25,20,14,817,yes,19,25
2025-05-20T15:04:07.308154,KXBTCD-25MAY2019-T106999.99,DELTA,19,25,20,14,818,yes,18,-1000
2025-05-20T15:04:07.308925,KXBTCD-25MAY2019-T106999.99,DELTA,19,25,20,14,819,no,77,-1000
2025-05-20T15:04:07.347449,KXBTCD-25MAY2019-T106999.99,DELTA,19,25,20,14,820,no,78,1000
2025-05-20T15:04:07.348236,KXBTCD-25MAY2019-T106999.99,DELTA,19,25,20,14,821,yes,17,1000
2025-05-20T15:04:07.406463,KXBTCD-25MAY2019-T106999.99,DELTA,19,25,20,14,822,yes,13,-9
2025-05-20T15:04:07.426545,KXBTCD-25MAY2019-T106999.99,DELTA,19,25,20,14,823,yes,12,9
2025-05-20T15:04:09.978341,KXBTCD-25MAY2019-T106999.99,DELTA,19,25,20,14,824,yes,3,-10800
2025-05-20T15:04:09.978469,KXBTCD-25MAY2019-T106999.99,DELTA,19,25,20,14,825,yes,4,8100
2025-05-20T15:04:10.058219,KXBTCD-25MAY2019-T106999.99,DELTA,19,25,20,14,826,yes,4,-20000
2025-05-20T15:04:10.058408,KXBTCD-25MAY2019-T106999.99,DELTA,19,25,20,14,827,yes,4,-2000
2025-05-20T15:04:10.071371,KXBTCD-25MAY2019-T106999.99,DELTA,19,25,20,14,828,yes,4,-1250
2025-05-20T15:04:10.370961,KXBTCD-25MAY2019-T106999.99,DELTA,19,25,20,14,829,yes,12,-9
2025-05-20T15:04:10.372138,KXBTCD-25MAY2019-T106999.99,DELTA,19,25,20,14,830,yes,5,1250
2025-05-20T15:04:10.372785,KXBTCD-25MAY2019-T106999.99,DELTA,19,25,20,14,831,yes,5,2000
2025-05-20T15:04:10.373331,KXBTCD-25MAY2019-T106999.99,DELTA,19,25,20,14,832,yes,5,20000
2025-05-20T15:04:10.894524,KXBTCD-25MAY2019-T106999.99,DELTA,17,1100,20,14,833,yes,19,-25
2025-05-20T15:04:10.895485,KXBTCD-25MAY2019-T106999.99,DELTA,18,25,20,14,834,yes,18,25
2025-05-20T15:04:12.889782,KXBTCD-25MAY2019-T106999.99,DELTA,18,25,20,14,835,no,72,-25
2025-05-20T15:04:12.890844,KXBTCD-25MAY2019-T106999.99,DELTA,18,25,20,14,836,no,73,25
2025-05-20T15:04:12.906782,KXBTCD-25MAY2019-T106999.99,DELTA,18,25,20,14,837,yes,17,-1000
2025-05-20T15:04:12.931769,KXBTCD-25MAY2019-T106999.99,DELTA,18,25,20,14,838,no,78,-1000
2025-05-20T15:04:12.970427,KXBTCD-25MAY2019-T106999.99,DELTA,18,25,20,14,839,no,79,1000
2025-05-20T15:04:12.971218,KXBTCD-25MAY2019-T106999.99,DELTA,18,25,20,14,840,yes,12,1000
2025-05-20T15:04:13.418847,KXBTCD-25MAY2019-T106999.99,DELTA,18,25,20,14,841,yes,17,-100
2025-05-20T15:04:13.432685,KXBTCD-25MAY2019-T106999.99,DELTA,18,25,20,14,842,no,76,-100
2025-05-20T15:04:14.439939,KXBTCD-25MAY2019-T106999.99,DELTA,18,25,20,14,843,yes,16,100
2025-05-20T15:04:14.441139,KXBTCD-25MAY2019-T106999.99,DELTA,18,25,20,14,844,no,76,100
2025-05-20T15:04:14.444884,KXBTCD-25MAY2019-T106999.99,DELTA,18,25,20,14,845,yes,12,-1000
2025-05-20T15:04:14.495406,KXBTCD-25MAY2019-T106999.99,DELTA,18,25,20,14,846,yes,16,1000
2025-05-20T15:04:15.681489,KXBTCD-25MAY2019-T106999.99,DELTA,18,25,20,14,847,no,76,-100
2025-05-20T15:04:16.537217,KXBTCD-25MAY2019-T106999.99,DELTA,18,25,20,14,848,no,77,100
2025-05-20T15:04:16.626177,KXBTCD-25MAY2019-T106999.99,DELTA,18,25,20,14,849,yes,16,-1000
2025-05-20T15:04:16.732804,KXBTCD-25MAY2019-T106999.99,DELTA,18,25,20,14,850,yes,3,-3000
2025-05-20T15:04:16.747261,KXBTCD-25MAY2019-T106999.99,DELTA,18,25,20,14,851,yes,1,3000
2025-05-20T15:04:16.748001,KXBTCD-25MAY2019-T106999.99,DELTA,18,25,20,14,852,yes,12,1000
2025-05-20T15:04:22.613353,KXBTCD-25MAY2019-T106999.99,DELTA,18,25,20,14,853,yes,16,-100
2025-05-20T15:04:22.614567,KXBTCD-25MAY2019-T106999.99,DELTA,12,1000,20,14,854,yes,18,-25
2025-05-20T15:04:22.615601,KXBTCD-25MAY2019-T106999.99,DELTA,13,25,20,14,855,yes,13,25
2025-05-20T15:04:22.616151,KXBTCD-25MAY2019-T106999.99,DELTA,13,25,20,14,856,no,73,-25
2025-05-20T15:04:22.616594,KXBTCD-25MAY2019-T106999.99,DELTA,13,25,20,14,857,no,74,25
2025-05-20T15:04:22.616802,KXBTCD-25MAY2019-T106999.99,DELTA,13,34,20,14,858,yes,13,9
2025-05-20T15:04:22.626480,KXBTCD-25MAY2019-T106999.99,DELTA,13,34,20,14,859,yes,12,-1000
2025-05-20T15:04:22.666541,KXBTCD-25MAY2019-T106999.99,DELTA,14,1000,20,14,860,yes,14,1000
2025-05-20T15:04:22.729348,KXBTCD-25MAY2019-T106999.99,DELTA,14,1000,20,14,861,yes,13,-25
2025-05-20T15:04:22.729563,KXBTCD-25MAY2019-T106999.99,DELTA,15,25,20,14,862,yes,15,25
2025-05-20T15:04:22.826094,KXBTCD-25MAY2019-T106999.99,DELTA,15,25,20,14,863,yes,14,-1000
2025-05-20T15:04:22.826716,KXBTCD-25MAY2019-T106999.99,DELTA,15,25,20,14,864,yes,12,1000
2025-05-20T15:04:22.846288,KXBTCD-25MAY2019-T106999.99,DELTA,13,9,20,14,865,yes,15,-25
2025-05-20T15:04:22.846930,KXBTCD-25MAY2019-T106999.99,DELTA,13,9,20,14,866,yes,12,25
2025-05-20T15:04:22.887649,KXBTCD-25MAY2019-T106999.99,DELTA,13,9,20,14,867,yes,12,-25
2025-05-20T15:04:22.888360,KXBTCD-25MAY2019-T106999.99,DELTA,16,25,20,14,868,yes,16,25
2025-05-20T15:04:22.947558,KXBTCD-25MAY2019-T106999.99,DELTA,13,9,20,14,869,yes,16,-25
2025-05-20T15:04:22.948677,KXBTCD-25MAY2019-T106999.99,DELTA,13,34,20,14,870,yes,13,25
2025-05-20T15:04:23.007859,KXBTCD-25MAY2019-T106999.99,DELTA,13,34,20,14,871,yes,12,-1000
2025-05-20T15:04:23.067341,KXBTCD-25MAY2019-T106999.99,DELTA,14,1000,20,14,872,yes,14,1000
2025-05-20T15:04:23.530772,KXBTCD-25MAY2019-T106999.99,DELTA,14,1000,20,14,873,yes,13,-25
2025-05-20T15:04:23.531960,KXBTCD-25MAY2019-T106999.99,DELTA,15,25,20,14,874,yes,15,25
2025-05-20T15:04:23.566265,KXBTCD-25MAY2019-T106999.99,DELTA,15,25,20,14,875,yes,14,-1000
2025-05-20T15:04:23.638582,KXBTCD-25MAY2019-T106999.99,DELTA,15,25,20,14,876,yes,12,1000
2025-05-20T15:04:23.640143,KXBTCD-25MAY2019-T106999.99,DELTA,13,9,20,14,877,yes,15,-25
2025-05-20T15:04:23.640972,KXBTCD-25MAY2019-T106999.99,DELTA,13,9,20,14,878,yes,12,25
2025-05-20T15:04:23.866969,KXBTCD-25MAY2019-T106999.99,DELTA,15,100,20,14,879,yes,15,100
2025-05-20T15:04:23.926603,KXBTCD-25MAY2019-T106999.99,DELTA,15,100,20,14,880,yes,12,-25
2025-05-20T15:04:23.927522,KXBTCD-25MAY2019-T106999.99,DELTA,16,25,20,14,881,yes,16,25
2025-05-20T15:04:24.829872,KXBTCD-25MAY2019-T106999.99,DELTA,16,25,20,14,882,no,23,-8000
2025-05-20T15:04:24.887415,KXBTCD-25MAY2019-T106999.99,DELTA,16,25,20,14,883,no,36,8000
2025-05-20T15:04:24.926775,KXBTCD-25MAY2019-T106999.99,DELTA,16,25,20,14,884,yes,13,-9
2025-05-20T15:04:25.046088,KXBTCD-25MAY2019-T106999.99,DELTA,16,25,20,14,885,no,77,-100
2025-05-20T15:04:26.297107,KXBTCD-25MAY2019-T106999.99,DELTA,16,25,20,14,886,no,78,100
2025-05-20T15:04:27.125993,KXBTCD-25MAY2019-T106999.99,DELTA,16,25,20,14,887,no,78,-100
2025-05-20T15:04:27.127399,KXBTCD-25MAY2019-T106999.99,DELTA,16,25,20,14,888,yes,15,-100
2025-05-20T15:04:27.186422,KXBTCD-25MAY2019-T106999.99,DELTA,16,25,20,14,889,no,74,-25
2025-05-20T15:04:27.187395,KXBTCD-25MAY2019-T106999.99,DELTA,16,25,20,14,890,no,75,25
2025-05-20T15:04:27.566840,KXBTCD-25MAY2019-T106999.99,DELTA,16,25,20,14,891,yes,1,-3000
2025-05-20T15:04:27.567869,KXBTCD-25MAY2019-T106999.99,DELTA,16,25,20,14,892,no,52,-3000
2025-05-20T15:04:27.607945,KXBTCD-25MAY2019-T106999.99,DELTA,12,1000,20,14,893,yes,16,-25
2025-05-20T15:04:27.608909,KXBTCD-25MAY2019-T106999.99,DELTA,13,25,20,14,894,yes,13,25
2025-05-20T15:04:27.609702,KXBTCD-25MAY2019-T106999.99,DELTA,13,25,20,14,895,no,68,3000
2025-05-20T15:04:27.666100,KXBTCD-25MAY2019-T106999.99,DELTA,12,1000,20,14,896,yes,13,-25
2025-05-20T15:04:27.666357,KXBTCD-25MAY2019-T106999.99,DELTA,17,25,20,14,897,yes,17,25
2025-05-20T15:04:28.186639,KXBTCD-25MAY2019-T106999.99,DELTA,17,25,20,14,898,yes,13,100
2025-05-20T15:04:28.206391,KXBTCD-25MAY2019-T106999.99,DELTA,17,25,20,14,899,no,79,100
2025-05-20T15:04:28.246965,KXBTCD-25MAY2019-T106999.99,DELTA,17,25,20,14,900,yes,12,-1000
2025-05-20T15:04:28.266175,KXBTCD-25MAY2019-T106999.99,DELTA,17,25,20,14,901,no,79,-1000
2025-05-20T15:04:28.285552,KXBTCD-25MAY2019-T106999.99,DELTA,17,25,20,14,902,no,24,-1350
2025-05-20T15:04:28.285693,KXBTCD-25MAY2019-T106999.99,DELTA,17,25,20,14,903,no,36,900
2025-05-20T15:04:28.305954,KXBTCD-25MAY2019-T106999.99,DELTA,17,25,20,14,904,yes,13,1000
2025-05-20T15:04:28.325962,KXBTCD-25MAY2019-T106999.99,DELTA,17,25,20,1014,905,no,80,1000
2025-05-20T15:04:30.087148,KXBTCD-25MAY2019-T106999.99,DELTA,17,25,20,1014,906,yes,11,-30
2025-05-20T15:04:30.087532,KXBTCD-25MAY2019-T106999.99,DELTA,17,25,20,1014,907,yes,9,30
2025-05-20T15:04:30.087710,KXBTCD-25MAY2019-T106999.99,DELTA,17,25,20,1014,908,no,78,-30
2025-05-20T15:04:30.087862,KXBTCD-25MAY2019-T106999.99,DELTA,17,25,20,1044,909,no,80,30
2025-05-20T15:04:30.146442,KXBTCD-25MAY2019-T106999.99,DELTA,17,25,20,44,910,no,80,-1000
2025-05-20T15:04:30.147279,KXBTCD-25MAY2019-T106999.99,DELTA,13,1100,20,44,911,yes,17,-25
2025-05-20T15:04:30.147837,KXBTCD-25MAY2019-T106999.99,DELTA,14,25,20,44,912,yes,14,25
2025-05-20T15:04:30.187163,KXBTCD-25MAY2019-T106999.99,DELTA,14,25,19,1000,913,no,81,1000
2025-05-20T15:04:30.592386,KXBTCD-25MAY2019-T106999.99,DELTA,14,25,19,1000,914,yes,4,-8100
2025-05-20T15:04:30.593370,KXBTCD-25MAY2019-T106999.99,DELTA,14,25,19,1000,915,yes,1,32400
2025-05-20T15:04:30.646167,KXBTCD-25MAY2019-T106999.99,DELTA,14,25,19,1000,916,no,36,-900
2025-05-20T15:04:30.646878,KXBTCD-25MAY2019-T106999.99,DELTA,14,25,19,1000,917,no,6,5400
2025-05-20T15:04:30.647728,KXBTCD-25MAY2019-T106999.99,DELTA,14,25,19,1000,918,yes,5,-20000
2025-05-20T15:04:30.648437,KXBTCD-25MAY2019-T106999.99,DELTA,14,25,19,1000,919,yes,5,-2000
2025-05-20T15:04:30.665801,KXBTCD-25MAY2019-T106999.99,DELTA,14,25,19,1000,920,yes,5,-1250
2025-05-20T15:04:30.707233,KXBTCD-25MAY2019-T106999.99,DELTA,14,25,19,1000,921,yes,2,2000
2025-05-20T15:04:30.708157,KXBTCD-25MAY2019-T106999.99,DELTA,14,25,19,1000,922,yes,2,20000
2025-05-20T15:04:30.708841,KXBTCD-25MAY2019-T106999.99,DELTA,14,25,19,1000,923,yes,2,1250
2025-05-20T15:04:30.746586,KXBTCD-25MAY2019-T106999.99,DELTA,14,25,19,1000,924,no,5,-20000
2025-05-20T15:04:30.806694,KXBTCD-25MAY2019-T106999.99,DELTA,14,25,19,1000,925,no,7,20000
2025-05-20T15:04:31.727140,KXBTCD-25MAY2019-T106999.99,DELTA,14,25,19,1000,926,yes,1,-32400
2025-05-20T15:04:31.728022,KXBTCD-25MAY2019-T106999.99,DELTA,14,25,19,1000,927,yes,2,16200
2025-05-20T15:04:31.786516,KXBTCD-25MAY2019-T106999.99,DELTA,14,25,19,1000,928,no,6,-5400
2025-05-20T15:04:31.787366,KXBTCD-25MAY2019-T106999.99,DELTA,14,25,19,1000,929,no,8,4050
2025-05-20T15:04:31.807745,KXBTCD-25MAY2019-T106999.99,DELTA,14,25,19,1000,930,yes,2,-20000
2025-05-20T15:04:31.808555,KXBTCD-25MAY2019-T106999.99,DELTA,14,25,19,1000,931,yes,2,-2000
2025-05-20T15:04:31.828132,KXBTCD-25MAY2019-T106999.99,DELTA,14,25,19,1000,932,yes,2,-1250
2025-05-20T15:04:31.846029,KXBTCD-25MAY2019-T106999.99,DELTA,14,25,19,1000,933,no,7,-20000
2025-05-20T15:04:31.867882,KXBTCD-25MAY2019-T106999.99,DELTA,14,25,19,1000,934,yes,3,20000
2025-05-20T15:04:31.868691,KXBTCD-25MAY2019-T106999.99,DELTA,14,25,19,1000,935,yes,3,1250
2025-05-20T15:04:31.869285,KXBTCD-25MAY2019-T106999.99,DELTA,14,25,19,1000,936,yes,3,2000
2025-05-20T15:04:31.887135,KXBTCD-25MAY2019-T106999.99,DELTA,14,25,19,1000,937,no,9,20000
2025-05-20T15:04:32.907461,KXBTCD-25MAY2019-T106999.99,DELTA,14,25,19,1000,938,yes,2,-16200
2025-05-20T15:04:32.908141,KXBTCD-25MAY2019-T106999.99,DELTA,14,25,19,1000,939,yes,1,32400
2025-05-20T15:04:32.967024,KXBTCD-25MAY2019-T106999.99,DELTA,14,25,19,1000,940,no,8,-4050
2025-05-20T15:04:32.967791,KXBTCD-25MAY2019-T106999.99,DELTA,14,25,19,1000,941,no,10,3240
2025-05-20T15:04:32.968534,KXBTCD-25MAY2019-T106999.99,DELTA,14,25,19,1000,942,yes,3,-20000
2025-05-20T15:04:32.969024,KXBTCD-25MAY2019-T106999.99,DELTA,14,25,19,1000,943,yes,3,-2000
2025-05-20T15:04:32.986398,KXBTCD-25MAY2019-T106999.99,DELTA,14,25,19,1000,944,yes,3,-1250
2025-05-20T15:04:33.026072,KXBTCD-25MAY2019-T106999.99,DELTA,14,25,19,1000,945,yes,2,20000
2025-05-20T15:04:33.027120,KXBTCD-25MAY2019-T106999.99,DELTA,14,25,19,1000,946,yes,2,2000
2025-05-20T15:04:33.027919,KXBTCD-25MAY2019-T106999.99,DELTA,14,25,19,1000,947,yes,2,1250
2025-05-20T15:04:33.046806,KXBTCD-25MAY2019-T106999.99,DELTA,14,25,19,1000,948,no,9,-20000
2025-05-20T15:04:33.086811,KXBTCD-25MAY2019-T106999.99,DELTA,14,25,19,1000,949,no,11,20000
2025-05-20T15:04:33.266953,KXBTCD-25MAY2019-T106999.99,DELTA,14,25,19,1000,950,yes,13,-1000
2025-05-20T15:04:33.288241,KXBTCD-25MAY2019-T106999.99,DELTA,14,25,19,1000,951,yes,1,3000
2025-05-20T15:04:33.326787,KXBTCD-25MAY2019-T106999.99,DELTA,14,1025,19,1000,952,yes,14,1000
2025-05-20T15:04:33.386450,KXBTCD-25MAY2019-T106999.99,DELTA,14,1025,19,1000,953,yes,13,-100
2025-05-20T15:04:33.446162,KXBTCD-25MAY2019-T106999.99,DELTA,14,25,19,1000,954,yes,14,-1000
2025-05-20T15:04:33.485676,KXBTCD-25MAY2019-T106999.99,DELTA,14,25,19,1000,955,yes,10,1000
2025-05-20T15:04:34.027182,KXBTCD-25MAY2019-T106999.99,DELTA,14,25,19,1000,956,yes,1,-3000
2025-05-20T15:04:34.086389,KXBTCD-25MAY2019-T106999.99,DELTA,14,25,19,1000,957,yes,1,-32400
2025-05-20T15:04:34.086833,KXBTCD-25MAY2019-T106999.99,DELTA,14,25,19,1000,958,yes,2,16200
2025-05-20T15:04:34.125863,KXBTCD-25MAY2019-T106999.99,DELTA,14,25,19,1000,959,no,10,-3240
2025-05-20T15:04:34.126337,KXBTCD-25MAY2019-T106999.99,DELTA,14,25,19,1000,960,no,12,2700
2025-05-20T15:04:34.166879,KXBTCD-25MAY2019-T106999.99,DELTA,14,25,19,1000,961,yes,2,-20000
2025-05-20T15:04:34.167330,KXBTCD-25MAY2019-T106999.99,DELTA,14,25,19,1000,962,yes,2,-2000
2025-05-20T15:04:34.187686,KXBTCD-25MAY2019-T106999.99,DELTA,14,25,19,1000,963,yes,2,-1250
2025-05-20T15:04:34.188436,KXBTCD-25MAY2019-T106999.99,DELTA,14,25,19,1000,964,no,11,-20000
2025-05-20T15:04:34.225904,KXBTCD-25MAY2019-T106999.99,DELTA,14,25,19,1000,965,yes,3,20000
2025-05-20T15:04:34.226613,KXBTCD-25MAY2019-T106999.99,DELTA,14,25,19,1000,966,no,5,20000
2025-05-20T15:04:34.227071,KXBTCD-25MAY2019-T106999.99,DELTA,14,25,19,1000,967,yes,3,1250
2025-05-20T15:04:34.227498,KXBTCD-25MAY2019-T106999.99,DELTA,14,25,19,1000,968,yes,3,2000
2025-05-20T15:04:34.326625,KXBTCD-25MAY2019-T106999.99,DELTA,14,25,19,1000,969,yes,13,100
2025-05-20T15:04:34.386247,KXBTCD-25MAY2019-T106999.99,DELTA,14,25,19,1000,970,yes,10,-1000
2025-05-20T15:04:34.426025,KXBTCD-25MAY2019-T106999.99,DELTA,14,25,19,1000,971,yes,13,1000
2025-05-20T15:04:34.506236,KXBTCD-25MAY2019-T106999.99,DELTA,14,25,19,1000,972,yes,13,-100
2025-05-20T15:04:34.897084,KXBTCD-25MAY2019-T106999.99,DELTA,14,25,19,1000,973,yes,13,-1000
2025-05-20T15:04:34.897938,KXBTCD-25MAY2019-T106999.99,DELTA,14,25,19,1000,974,yes,10,1000
2025-05-20T15:04:35.186766,KXBTCD-25MAY2019-T106999.99,DELTA,14,25,19,1000,975,yes,2,-16200
2025-05-20T15:04:35.187606,KXBTCD-25MAY2019-T106999.99,DELTA,14,25,19,1000,976,yes,1,32400
2025-05-20T15:04:35.246176,KXBTCD-25MAY2019-T106999.99,DELTA,14,25,19,1000,977,yes,3,-20000
2025-05-20T15:04:35.247570,KXBTCD-25MAY2019-T106999.99,DELTA,14,25,19,1000,978,no,12,-2700
2025-05-20T15:04:35.248082,KXBTCD-25MAY2019-T106999.99,DELTA,14,25,19,1000,979,no,6,5400
2025-05-20T15:04:35.248511,KXBTCD-25MAY2019-T106999.99,DELTA,14,25,19,1000,980,yes,3,-2000
2025-05-20T15:04:35.266410,KXBTCD-25MAY2019-T106999.99,DELTA,14,25,19,1000,981,yes,3,-1250
2025-05-20T15:04:35.306669,KXBTCD-25MAY2019-T106999.99,DELTA,14,25,19,1000,982,yes,2,20000
2025-05-20T15:04:35.307598,KXBTCD-25MAY2019-T106999.99,DELTA,14,25,19,1000,983,yes,2,1250
2025-05-20T15:04:35.308274,KXBTCD-25MAY2019-T106999.99,DELTA,14,25,19,1000,984,yes,2,2000
2025-05-20T15:04:35.308730,KXBTCD-25MAY2019-T106999.99,DELTA,14,25,19,1000,985,no,5,-20000
2025-05-20T15:04:35.365942,KXBTCD-25MAY2019-T106999.99,DELTA,14,25,19,1000,986,no,7,20000
2025-05-20T15:04:35.507123,KXBTCD-25MAY2019-T106999.99,DELTA,14,125,19,1000,987,yes,14,100
2025-05-20T15:04:38.705446,KXBTCD-25MAY2019-T106999.99,DELTA,14,125,19,1000,988,yes,1,-32400
2025-05-20T15:04:38.705784,KXBTCD-25MAY2019-T106999.99,DELTA,14,125,19,1000,989,yes,2,16200
2025-05-20T15:04:38.766628,KXBTCD-25MAY2019-T106999.99,DELTA,14,125,19,1000,990,yes,2,-20000
2025-05-20T15:04:38.767792,KXBTCD-25MAY2019-T106999.99,DELTA,14,125,19,1000,991,no,6,-5400
2025-05-20T15:04:38.768322,KXBTCD-25MAY2019-T106999.99,DELTA,14,125,19,1000,992,no,8,4050
2025-05-20T15:04:38.768837,KXBTCD-25MAY2019-T106999.99,DELTA,14,125,19,1000,993,yes,2,-2000
2025-05-20T15:04:38.786129,KXBTCD-25MAY2019-T106999.99,DELTA,14,125,19,1000,994,yes,2,-1250
2025-05-20T15:04:38.825938,KXBTCD-25MAY2019-T106999.99,DELTA,14,125,19,1000,995,yes,3,20000
2025-05-20T15:04:38.826923,KXBTCD-25MAY2019-T106999.99,DELTA,14,125,19,1000,996,yes,3,2000
2025-05-20T15:04:38.827735,KXBTCD-25MAY2019-T106999.99,DELTA,14,125,19,1000,997,yes,3,1250
2025-05-20T15:04:38.828467,KXBTCD-25MAY2019-T106999.99,DELTA,14,125,19,1000,998,no,7,-20000
2025-05-20T15:04:38.865335,KXBTCD-25MAY2019-T106999.99,DELTA,14,125,19,1000,999,no,9,20000
2025-05-20T15:04:41.225213,KXBTCD-25MAY2019-T106999.99,DELTA,14,125,19,1000,1000,yes,2,-16200
2025-05-20T15:04:41.225639,KXBTCD-25MAY2019-T106999.99,DELTA,14,125,19,1000,1001,yes,1,32400
2025-05-20T15:04:41.265308,KXBTCD-25MAY2019-T106999.99,DELTA,14,125,19,1000,1002,no,8,-4050
2025-05-20T15:04:41.266323,KXBTCD-25MAY2019-T106999.99,DELTA,14,125,19,1000,1003,no,10,3240
2025-05-20T15:04:41.266974,KXBTCD-25MAY2019-T106999.99,DELTA,14,125,19,1000,1004,yes,3,-20000
2025-05-20T15:04:41.288195,KXBTCD-25MAY2019-T106999.99,DELTA,14,125,19,1000,1005,yes,3,-2000
2025-05-20T15:04:41.288979,KXBTCD-25MAY2019-T106999.99,DELTA,14,125,19,1000,1006,yes,3,-1250
2025-05-20T15:04:41.324848,KXBTCD-25MAY2019-T106999.99,DELTA,14,125,19,1000,1007,no,9,-20000
2025-05-20T15:04:41.325638,KXBTCD-25MAY2019-T106999.99,DELTA,14,125,19,1000,1008,yes,2,1250
2025-05-20T15:04:41.326298,KXBTCD-25MAY2019-T106999.99,DELTA,14,125,19,1000,1009,yes,2,20000
2025-05-20T15:04:41.326894,KXBTCD-25MAY2019-T106999.99,DELTA,14,125,19,1000,1010,yes,2,2000
2025-05-20T15:04:41.369505,KXBTCD-25MAY2019-T106999.99,DELTA,14,125,19,1000,1011,no,11,20000
2025-05-20T15:04:42.231134,KXBTCD-25MAY2019-T106999.99,DELTA,14,125,19,1000,1012,yes,10,14
2025-05-20T15:04:42.231374,KXBTCD-25MAY2019-T106999.99,DELTA,14,125,19,1000,1013,yes,11,-14
2025-05-20T15:04:42.245685,KXBTCD-25MAY2019-T106999.99,DELTA,14,125,18,14,1014,no,82,14
2025-05-20T15:04:42.245830,KXBTCD-25MAY2019-T106999.99,DELTA,14,125,18,14,1015,no,80,-14
2025-05-20T15:04:42.305254,KXBTCD-25MAY2019-T106999.99,DELTA,14,25,18,14,1016,yes,14,-100
2025-05-20T15:04:42.305420,KXBTCD-25MAY2019-T106999.99,DELTA,14,25,18,14,1017,no,79,-100
2025-05-20T15:04:42.385801,KXBTCD-25MAY2019-T106999.99,DELTA,14,25,18,14,1018,yes,1,-32400
2025-05-20T15:04:42.386047,KXBTCD-25MAY2019-T106999.99,DELTA,14,25,18,14,1019,yes,2,16200
2025-05-20T15:04:42.425479,KXBTCD-25MAY2019-T106999.99,DELTA,14,25,18,14,1020,no,10,-3240
2025-05-20T15:04:42.426031,KXBTCD-25MAY2019-T106999.99,DELTA,14,25,18,14,1021,no,12,2700
2025-05-20T15:04:42.445831,KXBTCD-25MAY2019-T106999.99,DELTA,14,25,18,14,1022,yes,2,-20000
2025-05-20T15:04:42.446597,KXBTCD-25MAY2019-T106999.99,DELTA,14,25,18,14,1023,yes,2,-2000
2025-05-20T15:04:42.465566,KXBTCD-25MAY2019-T106999.99,DELTA,14,25,18,14,1024,yes,2,-1250
2025-05-20T15:04:42.485149,KXBTCD-25MAY2019-T106999.99,DELTA,14,25,18,14,1025,no,11,-20000
2025-05-20T15:04:42.505775,KXBTCD-25MAY2019-T106999.99,DELTA,14,25,18,14,1026,yes,3,1250
2025-05-20T15:04:42.506413,KXBTCD-25MAY2019-T106999.99,DELTA,14,25,18,14,1027,yes,3,20000
2025-05-20T15:04:42.527369,KXBTCD-25MAY2019-T106999.99,DELTA,14,25,18,14,1028,yes,3,2000
2025-05-20T15:04:42.527986,KXBTCD-25MAY2019-T106999.99,DELTA,14,25,18,14,1029,no,5,20000
2025-05-20T15:04:42.926496,KXBTCD-25MAY2019-T106999.99,DELTA,14,25,18,14,1030,yes,12,100
2025-05-20T15:04:42.946352,KXBTCD-25MAY2019-T106999.99,DELTA,14,25,18,14,1031,no,80,100
2025-05-20T15:04:42.987078,KXBTCD-25MAY2019-T106999.99,DELTA,14,25,18,14,1032,yes,10,-1000
2025-05-20T15:04:43.025265,KXBTCD-25MAY2019-T106999.99,DELTA,14,25,18,14,1033,yes,13,1000
2025-05-20T15:04:43.505314,KXBTCD-25MAY2019-T106999.99,DELTA,14,25,18,14,1034,yes,12,-100
2025-05-20T15:04:43.565049,KXBTCD-25MAY2019-T106999.99,DELTA,14,25,18,14,1035,yes,2,-16200
2025-05-20T15:04:43.565884,KXBTCD-25MAY2019-T106999.99,DELTA,14,25,18,14,1036,yes,1,32400
2025-05-20T15:04:43.566465,KXBTCD-25MAY2019-T106999.99,DELTA,14,25,18,14,1037,yes,13,-1000
2025-05-20T15:04:43.605823,KXBTCD-25MAY2019-T106999.99,DELTA,14,25,18,14,1038,yes,10,1000
2025-05-20T15:04:43.625741,KXBTCD-25MAY2019-T106999.99,DELTA,14,25,18,14,1039,yes,3,-20000
2025-05-20T15:04:43.626705,KXBTCD-25MAY2019-T106999.99,DELTA,14,25,18,14,1040,no,12,-2700
2025-05-20T15:04:43.627511,KXBTCD-25MAY2019-T106999.99,DELTA,14,25,18,14,1041,no,6,5400
2025-05-20T15:04:43.645850,KXBTCD-25MAY2019-T106999.99,DELTA,14,25,18,14,1042,yes,3,-2000
2025-05-20T15:04:43.646597,KXBTCD-25MAY2019-T106999.99,DELTA,14,25,18,14,1043,yes,3,-1250
2025-05-20T15:04:43.686476,KXBTCD-25MAY2019-T106999.99,DELTA,14,25,18,14,1044,no,5,-20000
2025-05-20T15:04:43.706080,KXBTCD-25MAY2019-T106999.99,DELTA,14,25,18,14,1045,yes,2,1250
2025-05-20T15:04:43.706821,KXBTCD-25MAY2019-T106999.99,DELTA,14,25,18,14,1046,yes,2,2000
2025-05-20T15:04:43.707401,KXBTCD-25MAY2019-T106999.99,DELTA,14,25,18,14,1047,yes,2,20000
2025-05-20T15:04:43.725492,KXBTCD-25MAY2019-T106999.99,DELTA,14,25,18,14,1048,no,7,20000
2025-05-20T15:04:44.585956,KXBTCD-25MAY2019-T106999.99,DELTA,14,25,18,14,1049,yes,12,100
2025-05-20T15:04:44.647219,KXBTCD-25MAY2019-T106999.99,DELTA,14,25,18,14,1050,yes,10,-1000
2025-05-20T15:04:44.688144,KXBTCD-25MAY2019-T106999.99,DELTA,14,25,18,14,1051,yes,12,1000
2025-05-20T15:04:44.726347,KXBTCD-25MAY2019-T106999.99,DELTA,14,25,18,14,1052,yes,1,-32400
2025-05-20T15:04:44.727288,KXBTCD-25MAY2019-T106999.99,DELTA,14,25,18,14,1053,yes,2,16200
2025-05-20T15:04:44.786427,KXBTCD-25MAY2019-T106999.99,DELTA,14,25,18,14,1054,yes,2,-20000
2025-05-20T15:04:44.787496,KXBTCD-25MAY2019-T106999.99,DELTA,14,25,18,14,1055,no,6,-5400
2025-05-20T15:04:44.788327,KXBTCD-25MAY2019-T106999.99,DELTA,14,25,18,14,1056,no,8,4050
2025-05-20T15:04:44.789059,KXBTCD-25MAY2019-T106999.99,DELTA,14,25,18,14,1057,yes,2,-2000
2025-05-20T15:04:44.806952,KXBTCD-25MAY2019-T106999.99,DELTA,14,25,18,14,1058,yes,2,-1250
2025-05-20T15:04:44.890801,KXBTCD-25MAY2019-T106999.99,DELTA,14,25,18,14,1059,yes,3,1250
2025-05-20T15:04:44.891786,KXBTCD-25MAY2019-T106999.99,DELTA,14,25,18,14,1060,yes,3,2000
2025-05-20T15:04:44.892578,KXBTCD-25MAY2019-T106999.99,DELTA,14,25,18,14,1061,yes,3,20000
2025-05-20T15:04:44.893268,KXBTCD-25MAY2019-T106999.99,DELTA,14,25,18,14,1062,no,7,-20000
2025-05-20T15:04:44.907159,KXBTCD-25MAY2019-T106999.99,DELTA,14,25,18,14,1063,no,9,20000
2025-05-20T15:04:45.906863,KXBTCD-25MAY2019-T106999.99,DELTA,14,25,18,14,1064,yes,2,-16200
2025-05-20T15:04:45.907731,KXBTCD-25MAY2019-T106999.99,DELTA,14,25,18,14,1065,yes,1,32400
2025-05-20T15:04:46.006541,KXBTCD-25MAY2019-T106999.99,DELTA,14,25,18,14,1066,no,8,-4050
2025-05-20T15:04:46.007664,KXBTCD-25MAY2019-T106999.99,DELTA,14,25,18,14,1067,no,10,3240
2025-05-20T15:04:46.008437,KXBTCD-25MAY2019-T106999.99,DELTA,14,25,18,14,1068,yes,3,-20000
2025-05-20T15:04:46.026537,KXBTCD-25MAY2019-T106999.99,DELTA,14,25,18,14,1069,yes,3,-2000
2025-05-20T15:04:46.027469,KXBTCD-25MAY2019-T106999.99,DELTA,14,25,18,14,1070,yes,3,-1250
2025-05-20T15:04:46.066330,KXBTCD-25MAY2019-T106999.99,DELTA,14,25,18,14,1071,no,9,-20000
2025-05-20T15:04:46.067672,KXBTCD-25MAY2019-T106999.99,DELTA,14,25,18,14,1072,yes,2,1250
2025-05-20T15:04:46.068382,KXBTCD-25MAY2019-T106999.99,DELTA,14,25,18,14,1073,yes,2,20000
2025-05-20T15:04:46.086226,KXBTCD-25MAY2019-T106999.99,DELTA,14,25,18,14,1074,yes,2,2000
2025-05-20T15:04:46.107386,KXBTCD-25MAY2019-T106999.99,DELTA,14,25,18,14,1075,no,11,20000
2025-05-20T15:04:46.467452,KXBTCD-25MAY2019-T106999.99,DELTA,14,25,18,14,1076,yes,12,-100
2025-05-20T15:04:46.526147,KXBTCD-25MAY2019-T106999.99,DELTA,14,25,18,14,1077,yes,12,-1000
2025-05-20T15:04:46.566283,KXBTCD-25MAY2019-T106999.99,DELTA,14,25,18,14,1078,yes,10,1000
2025-05-20T15:04:47.286685,KXBTCD-25MAY2019-T106999.99,DELTA,14,25,18,14,1079,yes,12,100
2025-05-20T15:04:47.347388,KXBTCD-25MAY2019-T106999.99,DELTA,12,100,18,14,1080,yes,14,-25
2025-05-20T15:04:47.348215,KXBTCD-25MAY2019-T106999.99,DELTA,13,25,18,14,1081,yes,13,25
2025-05-20T15:04:47.348729,KXBTCD-25MAY2019-T106999.99,DELTA,13,25,18,14,1082,yes,10,-1000
2025-05-20T15:04:47.386402,KXBTCD-25MAY2019-T106999.99,DELTA,13,25,18,14,1083,yes,12,1000
2025-05-20T15:04:47.526319,KXBTCD-25MAY2019-T106999.99,DELTA,13,25,18,14,1084,yes,12,-100
2025-05-20T15:04:47.586303,KXBTCD-25MAY2019-T106999.99,DELTA,13,25,18,14,1085,yes,12,-1000
2025-05-20T15:04:47.647884,KXBTCD-25MAY2019-T106999.99,DELTA,13,25,18,14,1086,yes,10,1000
2025-05-20T15:04:48.445955,KXBTCD-25MAY2019-T106999.99,DELTA,13,125,18,14,1087,yes,13,100
2025-05-20T15:04:48.505475,KXBTCD-25MAY2019-T106999.99,DELTA,13,100,18,14,1088,yes,13,-25
2025-05-20T15:04:48.506053,KXBTCD-25MAY2019-T106999.99,DELTA,14,25,18,14,1089,yes,14,25
2025-05-20T15:04:48.524938,KXBTCD-25MAY2019-T106999.99,DELTA,14,25,18,14,1090,no,75,-25
2025-05-20T15:04:48.525479,KXBTCD-25MAY2019-T106999.99,DELTA,14,25,18,14,1091,no,76,25
2025-05-20T15:04:49.268177,KXBTCD-25MAY2019-T106999.99,DELTA,14,25,18,14,1092,yes,9,-30
2025-05-20T15:04:49.269067,KXBTCD-25MAY2019-T106999.99,DELTA,14,25,18,14,1093,yes,8,30
2025-05-20T15:04:49.269903,KXBTCD-25MAY2019-T106999.99,DELTA,14,25,18,14,1094,no,80,-30
2025-05-20T15:04:49.270695,KXBTCD-25MAY2019-T106999.99,DELTA,14,25,18,14,1095,no,81,30
2025-05-20T15:04:49.347187,KXBTCD-25MAY2019-T106999.99,DELTA,14,25,18,14,1096,yes,10,-1000
2025-05-20T15:04:49.347876,KXBTCD-25MAY2019-T106999.99,DELTA,14,25,18,14,1097,no,81,-1000
2025-05-20T15:04:49.386976,KXBTCD-25MAY2019-T106999.99,DELTA,14,25,18,14,1098,yes,9,1000
2025-05-20T15:04:49.405758,KXBTCD-25MAY2019-T106999.99,DELTA,14,25,18,1014,1099,no,82,1000
2025-05-20T15:04:49.445654,KXBTCD-25MAY2019-T106999.99,DELTA,14,25,18,1014,1100,no,40,-200
2025-05-20T15:04:49.446526,KXBTCD-25MAY2019-T106999.99,DELTA,14,25,18,1014,1101,no,50,200
2025-05-20T15:04:49.506420,KXBTCD-25MAY2019-T106999.99,DELTA,14,25,18,1014,1102,no,41,-2000
2025-05-20T15:04:49.507028,KXBTCD-25MAY2019-T106999.99,DELTA,14,25,18,1014,1103,yes,1,-32400
2025-05-20T15:04:49.507591,KXBTCD-25MAY2019-T106999.99,DELTA,14,25,18,1014,1104,yes,2,16200
