timestamp,market_ticker,type,yes_bid_price_cents,yes_bid_qty,yes_ask_price_cents,yes_ask_qty_on_no_side,sequence_num,delta_side,delta_price_cents,delta_quantity
2025-05-21T14:01:00.194547,KXBTCD-25MAY2118-T108249.99,SNAPSHOT,44,50,47,1000,1,,,
2025-05-21T14:01:02.221332,KXBTCD-25MAY2118-T108249.99,DELTA,44,50,47,1000,2,no,52,-2000
2025-05-21T14:01:02.259395,KXBTCD-25MAY2118-T108249.99,DELTA,44,50,47,1000,3,no,31,2000
2025-05-21T14:01:02.580568,KXBTCD-25MAY2118-T108249.99,DELTA,44,50,47,1000,4,yes,12,-2700
2025-05-21T14:01:02.581314,KXBTCD-25MAY2118-T108249.99,DELTA,44,50,47,1000,5,yes,4,8100
2025-05-21T14:01:02.641431,KXBTCD-25MAY2118-T108249.99,DELTA,44,50,47,1000,6,no,8,-4050
2025-05-21T14:01:02.642082,KXBTCD-25MAY2118-T108249.99,DELTA,44,50,47,1000,7,no,10,3240
2025-05-21T14:01:02.719770,KXBTCD-25MAY2118-T108249.99,DELTA,44,50,47,1000,8,no,9,-20000
2025-05-21T14:01:02.739595,KXBTCD-25MAY2118-T108249.99,DELTA,44,50,47,1000,9,yes,5,20000
2025-05-21T14:01:02.779557,KXBTCD-25MAY2118-T108249.99,DELTA,44,50,47,1000,10,no,11,20000
2025-05-21T14:01:03.122305,KXBTCD-25MAY2118-T108249.99,DELTA,44,50,48,250,11,no,53,-1000
2025-05-21T14:01:03.159983,KXBTCD-25MAY2118-T108249.99,DELTA,44,50,48,1250,12,no,52,1000
2025-05-21T14:01:03.183903,KXBTCD-25MAY2118-T108249.99,DELTA,44,50,48,1050,13,no,52,-200
2025-05-21T14:01:03.239594,KXBTCD-25MAY2118-T108249.99,DELTA,44,50,48,1050,14,yes,43,-250
2025-05-21T14:01:03.240218,KXBTCD-25MAY2118-T108249.99,DELTA,44,50,48,1050,15,no,32,9
2025-05-21T14:01:03.301318,KXBTCD-25MAY2118-T108249.99,DELTA,45,150,48,1050,16,yes,45,150
2025-05-21T14:01:03.302241,KXBTCD-25MAY2118-T108249.99,DELTA,45,150,48,1050,17,no,51,50
2025-05-21T14:01:03.421628,KXBTCD-25MAY2118-T108249.99,DELTA,45,150,48,1050,18,yes,44,-50
2025-05-21T14:01:03.422008,KXBTCD-25MAY2118-T108249.99,DELTA,46,50,48,1050,19,yes,46,50
2025-05-21T14:01:03.740017,KXBTCD-25MAY2118-T108249.99,DELTA,46,50,48,50,20,no,52,-1000
2025-05-21T14:01:03.780068,KXBTCD-25MAY2118-T108249.99,DELTA,46,50,47,1000,21,no,53,1000
2025-05-21T14:01:03.979966,KXBTCD-25MAY2118-T108249.99,DELTA,46,50,47,1000,22,yes,45,-150
2025-05-21T14:01:04.001248,KXBTCD-25MAY2118-T108249.99,DELTA,46,50,47,1000,23,no,51,-50
2025-05-21T14:01:04.041188,KXBTCD-25MAY2118-T108249.99,DELTA,46,50,47,1000,24,yes,44,250
2025-05-21T14:01:04.060165,KXBTCD-25MAY2118-T108249.99,DELTA,46,50,47,1000,25,no,51,200
2025-05-21T14:01:04.099716,KXBTCD-25MAY2118-T108249.99,DELTA,46,50,47,1000,26,yes,36,9
2025-05-21T14:01:04.100374,KXBTCD-25MAY2118-T108249.99,DELTA,46,50,47,1000,27,yes,22,-9
2025-05-21T14:01:04.120480,KXBTCD-25MAY2118-T108249.99,DELTA,46,50,47,1000,28,no,32,-9
2025-05-21T14:01:04.480004,KXBTCD-25MAY2118-T108249.99,DELTA,46,50,47,1000,29,no,31,-2000
2025-05-21T14:01:04.519760,KXBTCD-25MAY2118-T108249.99,DELTA,46,50,47,1000,30,no,51,2000
2025-05-21T14:01:04.680651,KXBTCD-25MAY2118-T108249.99,DELTA,44,250,47,1000,31,yes,46,-50
2025-05-21T14:01:04.681304,KXBTCD-25MAY2118-T108249.99,DELTA,45,50,47,1000,32,yes,45,50
2025-05-21T14:01:04.799702,KXBTCD-25MAY2118-T108249.99,DELTA,45,50,47,1000,33,yes,44,-250
2025-05-21T14:01:04.840628,KXBTCD-25MAY2118-T108249.99,DELTA,45,50,47,1000,34,yes,43,250
2025-05-21T14:01:05.081488,KXBTCD-25MAY2118-T108249.99,DELTA,45,50,47,1000,35,no,51,-2000
2025-05-21T14:01:05.141033,KXBTCD-25MAY2118-T108249.99,DELTA,45,50,47,1000,36,no,52,2000
2025-05-21T14:01:05.680357,KXBTCD-25MAY2118-T108249.99,DELTA,45,50,47,1000,37,yes,4,-8100
2025-05-21T14:01:05.680651,KXBTCD-25MAY2118-T108249.99,DELTA,45,50,47,1000,38,yes,6,5400
2025-05-21T14:01:05.721093,KXBTCD-25MAY2118-T108249.99,DELTA,45,50,47,1000,39,yes,43,-100
2025-05-21T14:01:05.740597,KXBTCD-25MAY2118-T108249.99,DELTA,45,50,47,1000,40,no,10,-3240
2025-05-21T14:01:05.741076,KXBTCD-25MAY2118-T108249.99,DELTA,45,50,47,1000,41,no,12,2700
2025-05-21T14:01:05.760420,KXBTCD-25MAY2118-T108249.99,DELTA,45,50,47,1000,42,yes,5,-20000
2025-05-21T14:01:05.781001,KXBTCD-25MAY2118-T108249.99,DELTA,45,50,47,1000,43,no,51,-200
2025-05-21T14:01:05.803180,KXBTCD-25MAY2118-T108249.99,DELTA,45,50,47,1000,44,yes,22,9
2025-05-21T14:01:05.804187,KXBTCD-25MAY2118-T108249.99,DELTA,45,50,47,1000,45,yes,36,-9
2025-05-21T14:01:05.822650,KXBTCD-25MAY2118-T108249.99,DELTA,45,50,47,1000,46,no,11,-20000
2025-05-21T14:01:05.823490,KXBTCD-25MAY2118-T108249.99,DELTA,45,50,47,1000,47,yes,7,20000
2025-05-21T14:01:05.842486,KXBTCD-25MAY2118-T108249.99,DELTA,45,50,47,1050,48,no,53,50
2025-05-21T14:01:05.921806,KXBTCD-25MAY2118-T108249.99,DELTA,45,50,47,1050,49,no,52,-2000
2025-05-21T14:01:05.980662,KXBTCD-25MAY2118-T108249.99,DELTA,45,50,47,1050,50,no,31,2000
2025-05-21T14:01:06.041345,KXBTCD-25MAY2118-T108249.99,DELTA,45,50,47,1050,51,no,5,20000
2025-05-21T14:01:06.104446,KXBTCD-25MAY2118-T108249.99,DELTA,45,50,47,50,52,no,53,-1000
2025-05-21T14:01:06.142595,KXBTCD-25MAY2118-T108249.99,DELTA,45,50,46,1000,53,no,54,1000
2025-05-21T14:01:06.601954,KXBTCD-25MAY2118-T108249.99,DELTA,45,50,46,1000,54,no,53,-50
2025-05-21T14:01:06.660548,KXBTCD-25MAY2118-T108249.99,DELTA,45,50,46,1000,55,no,52,250
2025-05-21T14:01:06.680696,KXBTCD-25MAY2118-T108249.99,DELTA,45,50,48,300,56,no,54,-1000
2025-05-21T14:01:06.742910,KXBTCD-25MAY2118-T108249.99,DELTA,45,50,47,1000,57,no,53,1000
2025-05-21T14:01:06.780837,KXBTCD-25MAY2118-T108249.99,DELTA,45,50,47,1000,58,no,31,-2000
2025-05-21T14:01:06.839331,KXBTCD-25MAY2118-T108249.99,DELTA,45,50,47,1000,59,no,52,2000
2025-05-21T14:01:06.921385,KXBTCD-25MAY2118-T108249.99,DELTA,45,50,47,1000,60,yes,43,100
2025-05-21T14:01:06.981861,KXBTCD-25MAY2118-T108249.99,DELTA,45,50,47,1000,61,yes,6,-5400
2025-05-21T14:01:06.982531,KXBTCD-25MAY2118-T108249.99,DELTA,45,50,47,1000,62,yes,8,4050
2025-05-21T14:01:07.040773,KXBTCD-25MAY2118-T108249.99,DELTA,45,50,47,1000,63,no,12,-2700
2025-05-21T14:01:07.041300,KXBTCD-25MAY2118-T108249.99,DELTA,45,50,47,1000,64,no,6,5400
2025-05-21T14:01:07.080056,KXBTCD-25MAY2118-T108249.99,DELTA,45,50,47,1000,65,yes,7,-20000
2025-05-21T14:01:07.121329,KXBTCD-25MAY2118-T108249.99,DELTA,45,50,47,1000,66,yes,9,20000
2025-05-21T14:01:07.220577,KXBTCD-25MAY2118-T108249.99,DELTA,45,50,47,1000,67,no,5,-20000
2025-05-21T14:01:07.280432,KXBTCD-25MAY2118-T108249.99,DELTA,45,50,47,1000,68,no,7,20000
2025-05-21T14:01:07.921441,KXBTCD-25MAY2118-T108249.99,DELTA,43,350,47,1000,69,yes,45,-50
2025-05-21T14:01:07.922376,KXBTCD-25MAY2118-T108249.99,DELTA,44,50,47,1000,70,yes,44,50
2025-05-21T14:01:08.021002,KXBTCD-25MAY2118-T108249.99,DELTA,44,50,47,1000,71,yes,43,-250
2025-05-21T14:01:08.083502,KXBTCD-25MAY2118-T108249.99,DELTA,44,50,47,1000,72,no,52,-50
2025-05-21T14:01:08.084374,KXBTCD-25MAY2118-T108249.99,DELTA,44,50,47,1050,73,no,53,50
2025-05-21T14:01:08.120274,KXBTCD-25MAY2118-T108249.99,DELTA,44,50,47,1050,74,yes,8,-4050
2025-05-21T14:01:08.120949,KXBTCD-25MAY2118-T108249.99,DELTA,44,50,47,1050,75,yes,10,3240
2025-05-21T14:01:08.160535,KXBTCD-25MAY2118-T108249.99,DELTA,44,50,47,50,76,no,53,-1000
2025-05-21T14:01:08.161485,KXBTCD-25MAY2118-T108249.99,DELTA,44,50,47,50,77,no,6,-5400
2025-05-21T14:01:08.162439,KXBTCD-25MAY2118-T108249.99,DELTA,44,50,47,50,78,no,8,4050
2025-05-21T14:01:08.180271,KXBTCD-25MAY2118-T108249.99,DELTA,44,50,47,50,79,no,52,-250
2025-05-21T14:01:08.221070,KXBTCD-25MAY2118-T108249.99,DELTA,44,50,47,50,80,yes,9,-20000
2025-05-21T14:01:08.239888,KXBTCD-25MAY2118-T108249.99,DELTA,44,50,46,1000,81,no,54,1000
2025-05-21T14:01:08.263225,KXBTCD-25MAY2118-T108249.99,DELTA,44,50,46,1000,82,yes,42,100
2025-05-21T14:01:08.263628,KXBTCD-25MAY2118-T108249.99,DELTA,44,50,46,1100,83,no,54,100
2025-05-21T14:01:08.280518,KXBTCD-25MAY2118-T108249.99,DELTA,44,50,46,1100,84,no,52,-2000
2025-05-21T14:01:08.281182,KXBTCD-25MAY2118-T108249.99,DELTA,44,50,46,1100,85,yes,11,20000
2025-05-21T14:01:08.402036,KXBTCD-25MAY2118-T108249.99,DELTA,44,50,46,1100,86,no,7,-20000
2025-05-21T14:01:08.402397,KXBTCD-25MAY2118-T108249.99,DELTA,44,50,46,1100,87,no,31,2000
2025-05-21T14:01:08.440315,KXBTCD-25MAY2118-T108249.99,DELTA,44,50,46,1000,88,no,54,-100
2025-05-21T14:01:08.462434,KXBTCD-25MAY2118-T108249.99,DELTA,44,50,47,50,89,no,54,-1000
2025-05-21T14:01:08.499440,KXBTCD-25MAY2118-T108249.99,DELTA,44,50,47,50,90,no,9,20000
2025-05-21T14:01:08.500009,KXBTCD-25MAY2118-T108249.99,DELTA,44,50,47,300,91,no,53,250
2025-05-21T14:01:08.520700,KXBTCD-25MAY2118-T108249.99,DELTA,44,50,47,300,92,no,49,-100
2025-05-21T14:01:08.521085,KXBTCD-25MAY2118-T108249.99,DELTA,44,50,46,1000,93,no,54,1000
2025-05-21T14:01:08.521211,KXBTCD-25MAY2118-T108249.99,DELTA,44,50,46,1000,94,no,53,-50
2025-05-21T14:01:08.521302,KXBTCD-25MAY2118-T108249.99,DELTA,44,50,46,1000,95,no,50,50
2025-05-21T14:01:08.580721,KXBTCD-25MAY2118-T108249.99,DELTA,44,50,46,1000,96,no,50,-50
2025-05-21T14:01:08.581060,KXBTCD-25MAY2118-T108249.99,DELTA,44,50,46,1000,97,no,53,50
2025-05-21T14:01:08.599910,KXBTCD-25MAY2118-T108249.99,DELTA,44,50,46,1000,98,no,31,-2000
2025-05-21T14:01:08.641280,KXBTCD-25MAY2118-T108249.99,DELTA,44,50,46,1000,99,no,53,2000
2025-05-21T14:01:08.841040,KXBTCD-25MAY2118-T108249.99,DELTA,44,50,46,1000,100,yes,35,-24
2025-05-21T14:01:08.841966,KXBTCD-25MAY2118-T108249.99,DELTA,44,50,46,1000,101,yes,33,24
2025-05-21T14:01:08.861744,KXBTCD-25MAY2118-T108249.99,DELTA,44,50,46,1000,102,no,47,-24
2025-05-21T14:01:08.862451,KXBTCD-25MAY2118-T108249.99,DELTA,44,50,46,1000,103,no,49,24
2025-05-21T14:01:09.220765,KXBTCD-25MAY2118-T108249.99,DELTA,44,50,46,1000,104,yes,10,-3240
2025-05-21T14:01:09.221459,KXBTCD-25MAY2118-T108249.99,DELTA,44,50,46,1000,105,yes,12,2700
2025-05-21T14:01:09.280355,KXBTCD-25MAY2118-T108249.99,DELTA,44,50,46,1000,106,no,8,-4050
2025-05-21T14:01:09.280821,KXBTCD-25MAY2118-T108249.99,DELTA,44,50,46,1000,107,no,10,3240
2025-05-21T14:01:09.281014,KXBTCD-25MAY2118-T108249.99,DELTA,44,50,46,1000,108,yes,42,-100
2025-05-21T14:01:09.300064,KXBTCD-25MAY2118-T108249.99,DELTA,44,50,46,1000,109,yes,11,-20000
2025-05-21T14:01:09.361187,KXBTCD-25MAY2118-T108249.99,DELTA,44,50,46,1000,110,yes,41,250
2025-05-21T14:01:09.361708,KXBTCD-25MAY2118-T108249.99,DELTA,44,50,46,1000,111,no,9,-20000
2025-05-21T14:01:09.440748,KXBTCD-25MAY2118-T108249.99,DELTA,44,50,46,1000,112,no,11,20000
2025-05-21T14:01:09.520296,KXBTCD-25MAY2118-T108249.99,DELTA,44,50,46,1000,113,no,53,-2000
2025-05-21T14:01:09.584603,KXBTCD-25MAY2118-T108249.99,DELTA,44,50,46,3000,114,no,54,2000
2025-05-21T14:01:09.699446,KXBTCD-25MAY2118-T108249.99,DELTA,44,50,46,3000,115,no,53,-250
2025-05-21T14:01:09.760503,KXBTCD-25MAY2118-T108249.99,DELTA,44,50,45,50,116,no,55,50
2025-05-21T14:01:09.780215,KXBTCD-25MAY2118-T108249.99,DELTA,44,50,45,50,117,no,54,-2000
2025-05-21T14:01:09.819282,KXBTCD-25MAY2118-T108249.99,DELTA,44,50,45,50,118,no,31,2000
2025-05-21T14:01:10.180539,KXBTCD-25MAY2118-T108249.99,DELTA,44,50,46,1000,119,no,55,-50
2025-05-21T14:01:10.240738,KXBTCD-25MAY2118-T108249.99,DELTA,44,50,46,1200,120,no,54,200
2025-05-21T14:01:10.379061,KXBTCD-25MAY2118-T108249.99,DELTA,44,50,46,1200,121,yes,12,-2700
2025-05-21T14:01:10.379273,KXBTCD-25MAY2118-T108249.99,DELTA,44,50,46,1200,122,yes,4,8100
2025-05-21T14:01:10.419896,KXBTCD-25MAY2118-T108249.99,DELTA,44,50,46,1200,123,no,10,-3240
2025-05-21T14:01:10.420252,KXBTCD-25MAY2118-T108249.99,DELTA,44,50,46,1200,124,no,12,2700
2025-05-21T14:01:10.636273,KXBTCD-25MAY2118-T108249.99,DELTA,44,50,46,1200,125,yes,5,20000
2025-05-21T14:01:10.639409,KXBTCD-25MAY2118-T108249.99,DELTA,44,50,46,1200,126,no,11,-20000
2025-05-21T14:01:10.639545,KXBTCD-25MAY2118-T108249.99,DELTA,44,50,46,1200,127,no,5,20000
2025-05-21T14:01:11.061570,KXBTCD-25MAY2118-T108249.99,DELTA,44,50,46,1200,128,yes,43,-100
2025-05-21T14:01:11.179386,KXBTCD-25MAY2118-T108249.99,DELTA,44,50,46,1200,129,no,51,100
2025-05-21T14:01:11.726005,KXBTCD-25MAY2118-T108249.99,DELTA,41,250,46,1200,130,yes,44,-50
2025-05-21T14:01:11.726541,KXBTCD-25MAY2118-T108249.99,DELTA,42,50,46,1200,131,yes,42,50
2025-05-21T14:01:11.781834,KXBTCD-25MAY2118-T108249.99,DELTA,42,50,46,200,132,no,54,-1000
2025-05-21T14:01:11.843035,KXBTCD-25MAY2118-T108249.99,DELTA,42,50,46,200,133,no,31,-2000
2025-05-21T14:01:11.843542,KXBTCD-25MAY2118-T108249.99,DELTA,42,50,45,1000,134,no,55,1000
2025-05-21T14:01:11.881617,KXBTCD-25MAY2118-T108249.99,DELTA,42,50,45,1000,135,no,51,-100
2025-05-21T14:01:11.900277,KXBTCD-25MAY2118-T108249.99,DELTA,42,50,45,1000,136,no,54,2000
2025-05-21T14:01:12.420047,KXBTCD-25MAY2118-T108249.99,DELTA,42,50,45,1000,137,yes,41,100
2025-05-21T14:01:13.180495,KXBTCD-25MAY2118-T108249.99,DELTA,42,50,45,1000,138,no,51,100
2025-05-21T14:01:14.180065,KXBTCD-25MAY2118-T108249.99,DELTA,42,50,45,1000,139,no,51,-100
2025-05-21T14:01:15.360202,KXBTCD-25MAY2118-T108249.99,DELTA,42,50,45,1000,140,yes,4,-8100
2025-05-21T14:01:15.360467,KXBTCD-25MAY2118-T108249.99,DELTA,42,50,45,1000,141,yes,6,5400
2025-05-21T14:01:15.420433,KXBTCD-25MAY2118-T108249.99,DELTA,42,50,45,1000,142,no,12,-2700
2025-05-21T14:01:15.420678,KXBTCD-25MAY2118-T108249.99,DELTA,42,50,45,1000,143,no,6,5400
2025-05-21T14:01:15.479900,KXBTCD-25MAY2118-T108249.99,DELTA,42,50,45,1000,144,yes,5,-20000
2025-05-21T14:01:15.500341,KXBTCD-25MAY2118-T108249.99,DELTA,42,50,45,1000,145,no,5,-20000
2025-05-21T14:01:15.519726,KXBTCD-25MAY2118-T108249.99,DELTA,42,50,45,1000,146,no,52,100
2025-05-21T14:01:15.541119,KXBTCD-25MAY2118-T108249.99,DELTA,42,50,45,1000,147,no,7,20000
2025-05-21T14:01:15.601288,KXBTCD-25MAY2118-T108249.99,DELTA,42,50,45,1000,148,yes,7,20000
2025-05-21T14:01:15.735695,KXBTCD-25MAY2118-T108249.99,DELTA,42,50,45,1000,149,yes,41,-250
2025-05-21T14:01:15.799786,KXBTCD-25MAY2118-T108249.99,DELTA,42,50,45,1000,150,yes,40,200
2025-05-21T14:01:16.182829,KXBTCD-25MAY2118-T108249.99,DELTA,42,50,45,1000,151,no,53,-50
2025-05-21T14:01:16.184122,KXBTCD-25MAY2118-T108249.99,DELTA,42,50,45,1000,152,no,54,50
2025-05-21T14:01:16.402862,KXBTCD-25MAY2118-T108249.99,DELTA,42,50,45,1000,153,no,54,-2000
2025-05-21T14:01:16.461116,KXBTCD-25MAY2118-T108249.99,DELTA,42,50,45,1000,154,no,31,2000
2025-05-21T14:01:16.461722,KXBTCD-25MAY2118-T108249.99,DELTA,42,50,45,1000,155,yes,40,-200
2025-05-21T14:01:16.543461,KXBTCD-25MAY2118-T108249.99,DELTA,42,100,45,1000,156,yes,42,50
2025-05-21T14:01:16.600735,KXBTCD-25MAY2118-T108249.99,DELTA,42,50,45,1000,157,yes,42,-50
2025-05-21T14:01:16.601429,KXBTCD-25MAY2118-T108249.99,DELTA,43,50,45,1000,158,yes,43,50
2025-05-21T14:01:17.121290,KXBTCD-25MAY2118-T108249.99,DELTA,43,50,45,1000,159,no,54,-50
2025-05-21T14:01:17.121600,KXBTCD-25MAY2118-T108249.99,DELTA,43,50,45,1000,160,no,52,50
2025-05-21T14:01:17.200020,KXBTCD-25MAY2118-T108249.99,DELTA,43,50,45,1000,161,no,31,-2000
2025-05-21T14:01:17.240289,KXBTCD-25MAY2118-T108249.99,DELTA,43,50,45,1000,162,yes,22,-9
2025-05-21T14:01:17.240541,KXBTCD-25MAY2118-T108249.99,DELTA,43,50,45,1000,163,yes,34,9
2025-05-21T14:01:17.260084,KXBTCD-25MAY2118-T108249.99,DELTA,43,50,45,1000,164,no,54,-200
2025-05-21T14:01:17.279665,KXBTCD-25MAY2118-T108249.99,DELTA,43,50,45,1000,165,no,52,2000
2025-05-21T14:01:17.319344,KXBTCD-25MAY2118-T108249.99,DELTA,43,50,45,1000,166,no,53,100
2025-05-21T14:01:17.381123,KXBTCD-25MAY2118-T108249.99,DELTA,43,50,47,100,167,no,55,-1000
2025-05-21T14:01:17.460409,KXBTCD-25MAY2118-T108249.99,DELTA,43,50,46,1000,168,no,54,1000
2025-05-21T14:01:17.520017,KXBTCD-25MAY2118-T108249.99,DELTA,43,50,46,1000,169,yes,41,-100
2025-05-21T14:01:17.520340,KXBTCD-25MAY2118-T108249.99,DELTA,43,50,46,1000,170,no,52,-100
2025-05-21T14:01:17.600844,KXBTCD-25MAY2118-T108249.99,DELTA,43,50,46,1000,171,no,52,-2000
2025-05-21T14:01:17.681678,KXBTCD-25MAY2118-T108249.99,DELTA,43,50,46,1000,172,no,31,2000
2025-05-21T14:01:18.201221,KXBTCD-25MAY2118-T108249.99,DELTA,43,50,46,1000,173,yes,6,-5400
2025-05-21T14:01:18.201521,KXBTCD-25MAY2118-T108249.99,DELTA,43,50,46,1000,174,yes,8,4050
2025-05-21T14:01:18.260469,KXBTCD-25MAY2118-T108249.99,DELTA,43,50,46,1000,175,no,6,-5400
2025-05-21T14:01:18.260808,KXBTCD-25MAY2118-T108249.99,DELTA,43,50,46,1000,176,no,8,4050
2025-05-21T14:01:18.281641,KXBTCD-25MAY2118-T108249.99,DELTA,43,50,46,1000,177,yes,7,-20000
2025-05-21T14:01:18.320594,KXBTCD-25MAY2118-T108249.99,DELTA,43,50,46,1000,178,yes,9,20000
2025-05-21T14:01:18.340376,KXBTCD-25MAY2118-T108249.99,DELTA,43,50,46,1000,179,no,7,-20000
2025-05-21T14:01:18.383822,KXBTCD-25MAY2118-T108249.99,DELTA,43,50,46,1000,180,no,9,20000
2025-05-21T14:01:18.639303,KXBTCD-25MAY2118-T108249.99,DELTA,43,50,46,1000,181,no,50,100
2025-05-21T14:01:18.660856,KXBTCD-25MAY2118-T108249.99,DELTA,43,50,46,1000,182,yes,42,100
2025-05-21T14:01:19.304047,KXBTCD-25MAY2118-T108249.99,DELTA,43,50,46,1000,183,no,50,-100
2025-05-21T14:01:19.304500,KXBTCD-25MAY2118-T108249.99,DELTA,43,50,46,1000,184,yes,8,-4050
2025-05-21T14:01:19.304684,KXBTCD-25MAY2118-T108249.99,DELTA,43,50,46,1000,185,yes,10,3240
2025-05-21T14:01:19.362246,KXBTCD-25MAY2118-T108249.99,DELTA,43,50,46,1000,186,no,8,-4050
2025-05-21T14:01:19.362893,KXBTCD-25MAY2118-T108249.99,DELTA,43,50,46,1000,187,no,10,3240
2025-05-21T14:01:19.386062,KXBTCD-25MAY2118-T108249.99,DELTA,43,50,46,1000,188,yes,9,-20000
2025-05-21T14:01:19.441413,KXBTCD-25MAY2118-T108249.99,DELTA,43,50,46,1000,189,yes,11,20000
2025-05-21T14:01:19.463764,KXBTCD-25MAY2118-T108249.99,DELTA,43,50,46,1000,190,no,9,-20000
2025-05-21T14:01:19.541671,KXBTCD-25MAY2118-T108249.99,DELTA,43,50,46,1000,191,no,11,20000
2025-05-21T14:01:20.303048,KXBTCD-25MAY2118-T108249.99,DELTA,43,50,46,1000,192,yes,10,-3240
2025-05-21T14:01:20.303426,KXBTCD-25MAY2118-T108249.99,DELTA,43,50,46,1000,193,yes,12,2700
2025-05-21T14:01:20.323503,KXBTCD-25MAY2118-T108249.99,DELTA,43,50,46,1000,194,no,50,100
2025-05-21T14:01:20.363707,KXBTCD-25MAY2118-T108249.99,DELTA,43,50,46,1000,195,no,10,-3240
2025-05-21T14:01:20.364082,KXBTCD-25MAY2118-T108249.99,DELTA,43,50,46,1000,196,no,12,2700
2025-05-21T14:01:20.383289,KXBTCD-25MAY2118-T108249.99,DELTA,43,50,46,1000,197,yes,11,-20000
2025-05-21T14:01:20.444856,KXBTCD-25MAY2118-T108249.99,DELTA,43,50,46,1000,198,no,11,-20000
2025-05-21T14:01:20.482184,KXBTCD-25MAY2118-T108249.99,DELTA,43,50,46,1000,199,no,5,20000
2025-05-21T14:01:21.127576,KXBTCD-25MAY2118-T108249.99,DELTA,43,50,46,1000,200,no,50,-100
2025-05-21T14:01:21.325278,KXBTCD-25MAY2118-T108249.99,DELTA,43,50,46,1000,201,yes,12,-2700
2025-05-21T14:01:21.326279,KXBTCD-25MAY2118-T108249.99,DELTA,43,50,46,1000,202,yes,4,8100
2025-05-21T14:01:21.365817,KXBTCD-25MAY2118-T108249.99,DELTA,43,50,46,1000,203,no,12,-2700
2025-05-21T14:01:21.366910,KXBTCD-25MAY2118-T108249.99,DELTA,43,50,46,1000,204,no,6,5400
2025-05-21T14:01:21.409184,KXBTCD-25MAY2118-T108249.99,DELTA,43,50,46,1000,205,yes,5,20000
2025-05-21T14:01:21.449964,KXBTCD-25MAY2118-T108249.99,DELTA,43,50,46,1000,206,no,5,-20000
2025-05-21T14:01:21.487678,KXBTCD-25MAY2118-T108249.99,DELTA,43,50,46,1000,207,no,7,20000
2025-05-21T14:01:22.249361,KXBTCD-25MAY2118-T108249.99,DELTA,43,50,46,1000,208,no,51,100
2025-05-21T14:01:23.569060,KXBTCD-25MAY2118-T108249.99,DELTA,43,50,46,1000,209,yes,42,-50
2025-05-21T14:01:23.609283,KXBTCD-25MAY2118-T108249.99,DELTA,43,50,46,1000,210,yes,42,250
2025-05-21T14:01:25.132734,KXBTCD-25MAY2118-T108249.99,DELTA,43,50,46,1000,211,yes,42,-250
2025-05-21T14:01:25.133339,KXBTCD-25MAY2118-T108249.99,DELTA,43,50,46,1000,212,no,53,-100
2025-05-21T14:01:25.133812,KXBTCD-25MAY2118-T108249.99,DELTA,43,50,46,1000,213,no,52,-50
2025-05-21T14:01:25.134250,KXBTCD-25MAY2118-T108249.99,DELTA,43,50,46,1050,214,no,54,50
2025-05-21T14:01:25.193411,KXBTCD-25MAY2118-T108249.99,DELTA,43,50,46,50,215,no,54,-1000
2025-05-21T14:01:25.231174,KXBTCD-25MAY2118-T108249.99,DELTA,43,50,46,50,216,yes,41,150
2025-05-21T14:01:25.231349,KXBTCD-25MAY2118-T108249.99,DELTA,43,50,45,1000,217,no,55,1000
2025-05-21T14:01:25.231693,KXBTCD-25MAY2118-T108249.99,DELTA,43,50,45,1050,218,no,55,50
2025-05-21T14:01:25.352598,KXBTCD-25MAY2118-T108249.99,DELTA,43,50,45,50,219,no,55,-1000
2025-05-21T14:01:25.391309,KXBTCD-25MAY2118-T108249.99,DELTA,43,50,46,50,220,no,55,-50
2025-05-21T14:01:25.391748,KXBTCD-25MAY2118-T108249.99,DELTA,43,50,44,1000,221,no,56,1000
2025-05-21T14:01:25.431841,KXBTCD-25MAY2118-T108249.99,DELTA,43,50,44,1000,222,no,54,250
2025-05-21T14:01:25.496089,KXBTCD-25MAY2118-T108249.99,DELTA,43,50,46,300,223,no,56,-1000
2025-05-21T14:01:25.555185,KXBTCD-25MAY2118-T108249.99,DELTA,43,50,45,1000,224,no,55,1000
2025-05-21T14:01:25.555288,KXBTCD-25MAY2118-T108249.99,DELTA,43,50,45,1000,225,no,31,-2000
2025-05-21T14:01:25.613473,KXBTCD-25MAY2118-T108249.99,DELTA,43,50,45,1000,226,no,54,2000
2025-05-21T14:01:25.634838,KXBTCD-25MAY2118-T108249.99,DELTA,43,50,45,1000,227,yes,4,-8100
2025-05-21T14:01:25.634939,KXBTCD-25MAY2118-T108249.99,DELTA,43,50,45,1000,228,yes,6,5400
2025-05-21T14:01:25.690812,KXBTCD-25MAY2118-T108249.99,DELTA,43,50,45,1000,229,no,6,-5400
2025-05-21T14:01:25.690978,KXBTCD-25MAY2118-T108249.99,DELTA,43,50,45,1000,230,no,8,4050
2025-05-21T14:01:25.731424,KXBTCD-25MAY2118-T108249.99,DELTA,43,50,45,1000,231,yes,5,-20000
2025-05-21T14:01:25.772899,KXBTCD-25MAY2118-T108249.99,DELTA,43,50,45,1000,232,no,7,-20000
2025-05-21T14:01:25.793675,KXBTCD-25MAY2118-T108249.99,DELTA,43,50,45,1000,233,yes,7,20000
2025-05-21T14:01:25.859598,KXBTCD-25MAY2118-T108249.99,DELTA,43,50,45,1000,234,no,9,20000
2025-05-21T14:01:27.934563,KXBTCD-25MAY2118-T108249.99,DELTA,43,50,45,1000,235,yes,6,-5400
2025-05-21T14:01:27.935019,KXBTCD-25MAY2118-T108249.99,DELTA,43,50,45,1000,236,yes,8,4050
2025-05-21T14:01:27.995684,KXBTCD-25MAY2118-T108249.99,DELTA,43,50,45,1000,237,no,8,-4050
2025-05-21T14:01:27.996329,KXBTCD-25MAY2118-T108249.99,DELTA,43,50,45,1000,238,no,10,3240
2025-05-21T14:01:28.015192,KXBTCD-25MAY2118-T108249.99,DELTA,43,50,45,1000,239,yes,7,-20000
2025-05-21T14:01:28.057649,KXBTCD-25MAY2118-T108249.99,DELTA,43,50,45,1000,240,yes,34,-9
2025-05-21T14:01:28.075877,KXBTCD-25MAY2118-T108249.99,DELTA,43,50,45,1000,241,yes,22,9
2025-05-21T14:01:28.098548,KXBTCD-25MAY2118-T108249.99,DELTA,43,50,45,1000,242,no,9,-20000
2025-05-21T14:01:28.099282,KXBTCD-25MAY2118-T108249.99,DELTA,43,50,45,1000,243,yes,9,20000
2025-05-21T14:01:28.136484,KXBTCD-25MAY2118-T108249.99,DELTA,43,50,45,1000,244,no,11,20000
2025-05-21T14:01:28.936104,KXBTCD-25MAY2118-T108249.99,DELTA,43,50,45,1000,245,yes,8,-4050
2025-05-21T14:01:28.936448,KXBTCD-25MAY2118-T108249.99,DELTA,43,50,45,1000,246,yes,10,3240
2025-05-21T14:01:28.977749,KXBTCD-25MAY2118-T108249.99,DELTA,43,50,45,1000,247,no,10,-3240
2025-05-21T14:01:28.978039,KXBTCD-25MAY2118-T108249.99,DELTA,43,50,45,1000,248,no,12,2700
2025-05-21T14:01:29.036226,KXBTCD-25MAY2118-T108249.99,DELTA,43,50,45,1000,249,yes,9,-20000
2025-05-21T14:01:29.076926,KXBTCD-25MAY2118-T108249.99,DELTA,43,50,45,1000,250,no,11,-20000
2025-05-21T14:01:29.077344,KXBTCD-25MAY2118-T108249.99,DELTA,43,50,45,1000,251,no,54,-2000
2025-05-21T14:01:29.096068,KXBTCD-25MAY2118-T108249.99,DELTA,43,50,45,1000,252,yes,11,20000
2025-05-21T14:01:29.156925,KXBTCD-25MAY2118-T108249.99,DELTA,43,50,45,1000,253,yes,41,-150
2025-05-21T14:01:29.157299,KXBTCD-25MAY2118-T108249.99,DELTA,43,50,45,3000,254,no,55,2000
2025-05-21T14:01:29.157460,KXBTCD-25MAY2118-T108249.99,DELTA,43,50,45,3000,255,no,5,20000
2025-05-21T14:01:29.157584,KXBTCD-25MAY2118-T108249.99,DELTA,43,50,45,3000,256,no,54,-250
2025-05-21T14:01:29.236438,KXBTCD-25MAY2118-T108249.99,DELTA,43,50,45,1000,257,no,55,-2000
2025-05-21T14:01:29.277470,KXBTCD-25MAY2118-T108249.99,DELTA,43,50,45,1000,258,yes,40,150
2025-05-21T14:01:29.277673,KXBTCD-25MAY2118-T108249.99,DELTA,43,50,44,50,259,no,56,50
2025-05-21T14:01:29.296089,KXBTCD-25MAY2118-T108249.99,DELTA,43,50,44,50,260,no,31,2000
2025-05-21T14:01:29.321904,KXBTCD-25MAY2118-T108249.99,DELTA,43,50,44,50,261,no,51,-100
2025-05-21T14:01:29.339874,KXBTCD-25MAY2118-T108249.99,DELTA,43,50,44,50,262,yes,42,-100
2025-05-21T14:01:29.377694,KXBTCD-25MAY2118-T108249.99,DELTA,43,50,44,50,263,no,55,-1000
2025-05-21T14:01:29.416187,KXBTCD-25MAY2118-T108249.99,DELTA,43,50,44,1050,264,no,56,1000
2025-05-21T14:01:29.476294,KXBTCD-25MAY2118-T108249.99,DELTA,43,50,44,1000,265,no,56,-50
2025-05-21T14:01:29.521703,KXBTCD-25MAY2118-T108249.99,DELTA,43,50,44,1000,266,no,55,250
2025-05-21T14:01:29.557422,KXBTCD-25MAY2118-T108249.99,DELTA,43,50,45,250,267,no,56,-1000
2025-05-21T14:01:29.616112,KXBTCD-25MAY2118-T108249.99,DELTA,43,50,45,250,268,no,31,-2000
2025-05-21T14:01:29.616458,KXBTCD-25MAY2118-T108249.99,DELTA,43,50,44,1000,269,no,56,1000
2025-05-21T14:01:29.676187,KXBTCD-25MAY2118-T108249.99,DELTA,43,50,44,1000,270,no,55,2000
2025-05-21T14:01:29.917302,KXBTCD-25MAY2118-T108249.99,DELTA,43,50,44,1000,271,yes,10,-3240
2025-05-21T14:01:29.917624,KXBTCD-25MAY2118-T108249.99,DELTA,43,50,44,1000,272,yes,12,2700
2025-05-21T14:01:29.977132,KXBTCD-25MAY2118-T108249.99,DELTA,43,50,44,1000,273,no,12,-2700
2025-05-21T14:01:29.978380,KXBTCD-25MAY2118-T108249.99,DELTA,43,50,44,1000,274,no,6,5400
2025-05-21T14:01:29.997578,KXBTCD-25MAY2118-T108249.99,DELTA,43,50,44,1000,275,yes,11,-20000
2025-05-21T14:01:30.037209,KXBTCD-25MAY2118-T108249.99,DELTA,43,50,44,1000,276,yes,22,-9
2025-05-21T14:01:30.037549,KXBTCD-25MAY2118-T108249.99,DELTA,43,50,44,1000,277,yes,34,9
2025-05-21T14:01:30.057126,KXBTCD-25MAY2118-T108249.99,DELTA,43,50,44,1000,278,no,5,-20000
2025-05-21T14:01:30.163365,KXBTCD-25MAY2118-T108249.99,DELTA,43,50,44,1000,279,no,7,20000
2025-05-21T14:01:30.539048,KXBTCD-25MAY2118-T108249.99,DELTA,40,150,44,1000,280,yes,43,-50
2025-05-21T14:01:30.539965,KXBTCD-25MAY2118-T108249.99,DELTA,41,50,44,1000,281,yes,41,50
2025-05-21T14:01:30.540271,KXBTCD-25MAY2118-T108249.99,DELTA,41,50,44,1000,282,yes,32,24
2025-05-21T14:01:30.540858,KXBTCD-25MAY2118-T108249.99,DELTA,41,50,44,1000,283,no,54,-50
2025-05-21T14:01:30.543994,KXBTCD-25MAY2118-T108249.99,DELTA,41,50,44,1000,284,no,55,50
2025-05-21T14:01:30.544891,KXBTCD-25MAY2118-T108249.99,DELTA,41,50,44,1000,285,no,51,24
2025-05-21T14:01:30.545837,KXBTCD-25MAY2118-T108249.99,DELTA,41,50,44,1000,286,yes,33,-24
2025-05-21T14:01:30.548199,KXBTCD-25MAY2118-T108249.99,DELTA,41,50,44,1000,287,no,49,-24
2025-05-21T14:01:30.600758,KXBTCD-25MAY2118-T108249.99,DELTA,41,50,44,1000,288,yes,20,-200
2025-05-21T14:01:30.601006,KXBTCD-25MAY2118-T108249.99,DELTA,41,50,44,1000,289,yes,10,200
2025-05-21T14:01:30.619075,KXBTCD-25MAY2118-T108249.99,DELTA,41,50,44,1000,290,no,55,-2000
2025-05-21T14:01:30.657987,KXBTCD-25MAY2118-T108249.99,DELTA,41,50,44,1000,291,no,1,-8000
2025-05-21T14:01:30.720726,KXBTCD-25MAY2118-T108249.99,DELTA,41,50,44,1000,292,yes,40,-150
2025-05-21T14:01:30.739630,KXBTCD-25MAY2118-T108249.99,DELTA,41,50,44,1000,293,yes,21,-2000
2025-05-21T14:01:30.740692,KXBTCD-25MAY2118-T108249.99,DELTA,41,50,44,3000,294,no,56,2000
2025-05-21T14:01:30.740963,KXBTCD-25MAY2118-T108249.99,DELTA,41,50,44,3000,295,yes,40,100
2025-05-21T14:01:30.741132,KXBTCD-25MAY2118-T108249.99,DELTA,41,50,44,3000,296,no,2,8000
2025-05-21T14:01:30.741323,KXBTCD-25MAY2118-T108249.99,DELTA,41,50,44,3000,297,no,52,100
2025-05-21T14:01:30.741494,KXBTCD-25MAY2118-T108249.99,DELTA,41,50,44,3000,298,yes,21,-1000
2025-05-21T14:01:30.799648,KXBTCD-25MAY2118-T108249.99,DELTA,41,50,44,3000,299,no,55,-250
2025-05-21T14:01:30.818937,KXBTCD-25MAY2118-T108249.99,DELTA,41,50,44,3000,300,yes,13,2000
2025-05-21T14:01:30.819421,KXBTCD-25MAY2118-T108249.99,DELTA,41,50,44,3000,301,yes,13,1000
2025-05-21T14:01:30.838877,KXBTCD-25MAY2118-T108249.99,DELTA,41,50,44,3000,302,yes,33,9
2025-05-21T14:01:30.839707,KXBTCD-25MAY2118-T108249.99,DELTA,41,50,44,3000,303,yes,34,-9
2025-05-21T14:01:30.879807,KXBTCD-25MAY2118-T108249.99,DELTA,41,50,44,3000,304,yes,39,200
2025-05-21T14:01:30.880552,KXBTCD-25MAY2118-T108249.99,DELTA,41,50,44,3300,305,no,56,300
2025-05-21T14:01:30.919132,KXBTCD-25MAY2118-T108249.99,DELTA,41,50,44,1300,306,no,56,-2000
2025-05-21T14:01:30.978781,KXBTCD-25MAY2118-T108249.99,DELTA,41,50,44,300,307,no,56,-1000
2025-05-21T14:01:30.998924,KXBTCD-25MAY2118-T108249.99,DELTA,41,50,44,2300,308,no,56,2000
2025-05-21T14:01:31.021189,KXBTCD-25MAY2118-T108249.99,DELTA,41,50,44,2300,309,yes,12,-2700
2025-05-21T14:01:31.021812,KXBTCD-25MAY2118-T108249.99,DELTA,41,50,44,2300,310,yes,14,2314
2025-05-21T14:01:31.038472,KXBTCD-25MAY2118-T108249.99,DELTA,41,50,43,1000,311,no,57,1000
2025-05-21T14:01:31.068556,KXBTCD-25MAY2118-T108249.99,DELTA,41,50,43,1000,312,no,6,-5400
2025-05-21T14:01:31.069236,KXBTCD-25MAY2118-T108249.99,DELTA,41,50,43,1000,313,no,8,4050
2025-05-21T14:01:31.157785,KXBTCD-25MAY2118-T108249.99,DELTA,41,50,43,1000,314,yes,13,-2000
2025-05-21T14:01:31.178462,KXBTCD-25MAY2118-T108249.99,DELTA,41,50,43,1000,315,yes,13,-1000
2025-05-21T14:01:31.247761,KXBTCD-25MAY2118-T108249.99,DELTA,41,50,43,1000,316,no,7,-20000
2025-05-21T14:01:31.299868,KXBTCD-25MAY2118-T108249.99,DELTA,41,50,43,1000,317,yes,15,1000
2025-05-21T14:01:31.300050,KXBTCD-25MAY2118-T108249.99,DELTA,41,50,43,1000,318,yes,15,2000
2025-05-21T14:01:31.337799,KXBTCD-25MAY2118-T108249.99,DELTA,41,50,43,1000,319,no,9,20000
2025-05-21T14:01:31.432013,KXBTCD-25MAY2118-T108249.99,DELTA,41,50,43,1000,320,no,52,-100
2025-05-21T14:01:32.240387,KXBTCD-25MAY2118-T108249.99,DELTA,41,50,43,1000,321,yes,14,-2314
2025-05-21T14:01:32.241404,KXBTCD-25MAY2118-T108249.99,DELTA,41,50,43,1000,322,yes,11,2945
2025-05-21T14:01:32.298959,KXBTCD-25MAY2118-T108249.99,DELTA,41,50,43,1000,323,no,8,-4050
2025-05-21T14:01:32.299259,KXBTCD-25MAY2118-T108249.99,DELTA,41,50,43,1000,324,no,10,3240
2025-05-21T14:01:32.339943,KXBTCD-25MAY2118-T108249.99,DELTA,41,50,43,1000,325,yes,15,-2000
2025-05-21T14:01:32.340305,KXBTCD-25MAY2118-T108249.99,DELTA,41,50,43,1000,326,yes,15,-1000
2025-05-21T14:01:32.364154,KXBTCD-25MAY2118-T108249.99,DELTA,41,50,43,1000,327,yes,33,-9
2025-05-21T14:01:32.364288,KXBTCD-25MAY2118-T108249.99,DELTA,41,50,43,1000,328,yes,19,9
2025-05-21T14:01:32.378438,KXBTCD-25MAY2118-T108249.99,DELTA,41,50,43,1000,329,no,9,-20000
2025-05-21T14:01:32.378630,KXBTCD-25MAY2118-T108249.99,DELTA,41,50,43,1000,330,yes,12,1000
2025-05-21T14:01:32.401819,KXBTCD-25MAY2118-T108249.99,DELTA,41,50,43,1000,331,yes,12,2000
2025-05-21T14:01:32.418913,KXBTCD-25MAY2118-T108249.99,DELTA,41,50,43,1000,332,no,11,20000
2025-05-21T14:01:32.519931,KXBTCD-25MAY2118-T108249.99,DELTA,41,50,43,1000,333,no,53,100
2025-05-21T14:01:33.082596,KXBTCD-25MAY2118-T108249.99,DELTA,41,50,43,1000,334,no,56,-2000
2025-05-21T14:01:33.181803,KXBTCD-25MAY2118-T108249.99,DELTA,41,50,43,3000,335,no,57,2000
2025-05-21T14:01:33.582446,KXBTCD-25MAY2118-T108249.99,DELTA,41,50,43,3000,336,yes,39,-200
2025-05-21T14:01:33.624291,KXBTCD-25MAY2118-T108249.99,DELTA,41,50,43,3000,337,yes,38,250
2025-05-21T14:01:35.289905,KXBTCD-25MAY2118-T108249.99,DELTA,41,50,43,3000,338,yes,30,24
2025-05-21T14:01:35.321250,KXBTCD-25MAY2118-T108249.99,DELTA,41,50,43,3000,339,yes,32,-24
2025-05-21T14:01:35.321493,KXBTCD-25MAY2118-T108249.99,DELTA,41,50,43,3000,340,no,53,24
2025-05-21T14:01:35.321621,KXBTCD-25MAY2118-T108249.99,DELTA,41,50,43,3000,341,no,51,-24
2025-05-21T14:01:35.341228,KXBTCD-25MAY2118-T108249.99,DELTA,41,50,43,3000,342,no,2,-8000
2025-05-21T14:01:35.427344,KXBTCD-25MAY2118-T108249.99,DELTA,41,50,43,3000,343,no,3,8000
2025-05-21T14:01:35.462233,KXBTCD-25MAY2118-T108249.99,DELTA,41,50,43,3000,344,no,56,-300
2025-05-21T14:01:35.482000,KXBTCD-25MAY2118-T108249.99,DELTA,41,50,43,3000,345,no,55,-50
2025-05-21T14:01:35.483392,KXBTCD-25MAY2118-T108249.99,DELTA,41,50,43,3000,346,no,56,50
2025-05-21T14:01:35.508740,KXBTCD-25MAY2118-T108249.99,DELTA,41,50,43,3000,347,yes,38,-250
2025-05-21T14:01:35.561885,KXBTCD-25MAY2118-T108249.99,DELTA,41,50,43,1000,348,no,57,-2000
2025-05-21T14:01:35.562429,KXBTCD-25MAY2118-T108249.99,DELTA,41,50,44,50,349,no,57,-1000
2025-05-21T14:01:35.601339,KXBTCD-25MAY2118-T108249.99,DELTA,41,50,44,50,350,yes,37,300
2025-05-21T14:01:35.601745,KXBTCD-25MAY2118-T108249.99,DELTA,41,50,42,200,351,no,58,200
2025-05-21T14:01:35.951386,KXBTCD-25MAY2118-T108249.99,DELTA,41,50,42,200,352,no,57,1000
2025-05-21T14:01:35.951675,KXBTCD-25MAY2118-T108249.99,DELTA,41,50,42,200,353,no,31,2000
2025-05-21T14:01:35.951996,KXBTCD-25MAY2118-T108249.99,DELTA,41,50,42,200,354,yes,11,-2945
2025-05-21T14:01:35.952077,KXBTCD-25MAY2118-T108249.99,DELTA,41,50,42,200,355,yes,13,2492
2025-05-21T14:01:35.952149,KXBTCD-25MAY2118-T108249.99,DELTA,41,50,42,200,356,no,57,-1000
2025-05-21T14:01:35.952224,KXBTCD-25MAY2118-T108249.99,DELTA,41,50,42,200,357,no,10,-3240
2025-05-21T14:01:35.952297,KXBTCD-25MAY2118-T108249.99,DELTA,41,50,42,200,358,no,12,2700
2025-05-21T14:01:35.952361,KXBTCD-25MAY2118-T108249.99,DELTA,41,50,42,1200,359,no,58,1000
2025-05-21T14:01:36.144091,KXBTCD-25MAY2118-T108249.99,DELTA,41,50,42,1200,360,yes,12,-2000
2025-05-21T14:01:36.144892,KXBTCD-25MAY2118-T108249.99,DELTA,41,50,42,1200,361,yes,40,-100
2025-05-21T14:01:36.145285,KXBTCD-25MAY2118-T108249.99,DELTA,41,50,42,1200,362,yes,12,-1000
2025-05-21T14:01:36.145629,KXBTCD-25MAY2118-T108249.99,DELTA,41,50,42,1200,363,no,11,-20000
2025-05-21T14:01:36.245383,KXBTCD-25MAY2118-T108249.99,DELTA,41,50,42,1200,364,no,5,20000
2025-05-21T14:01:36.245700,KXBTCD-25MAY2118-T108249.99,DELTA,41,50,42,1200,365,yes,14,2000
2025-05-21T14:01:36.262997,KXBTCD-25MAY2118-T108249.99,DELTA,41,50,42,1200,366,yes,14,1000
2025-05-21T14:01:36.322619,KXBTCD-25MAY2118-T108249.99,DELTA,41,50,42,1200,367,no,31,-2000
2025-05-21T14:01:36.386779,KXBTCD-25MAY2118-T108249.99,DELTA,41,50,42,3200,368,no,58,2000
2025-05-21T14:01:36.474153,KXBTCD-25MAY2118-T108249.99,DELTA,41,50,42,1200,369,no,58,-2000
2025-05-21T14:01:36.582710,KXBTCD-25MAY2118-T108249.99,DELTA,41,50,42,1200,370,no,31,2000
2025-05-21T14:01:36.745489,KXBTCD-25MAY2118-T108249.99,DELTA,37,300,42,1200,371,yes,41,-50
2025-05-21T14:01:36.746336,KXBTCD-25MAY2118-T108249.99,DELTA,38,50,42,1200,372,yes,38,50
2025-05-21T14:01:36.824279,KXBTCD-25MAY2118-T108249.99,DELTA,38,50,42,200,373,no,58,-1000
2025-05-21T14:01:36.863650,KXBTCD-25MAY2118-T108249.99,DELTA,38,50,41,1000,374,no,59,1000
2025-05-21T14:01:36.962356,KXBTCD-25MAY2118-T108249.99,DELTA,38,50,41,1000,375,no,54,9
2025-05-21T14:01:37.402098,KXBTCD-25MAY2118-T108249.99,DELTA,38,150,41,1000,376,yes,38,100
2025-05-21T14:01:37.462021,KXBTCD-25MAY2118-T108249.99,DELTA,38,100,41,1000,377,yes,38,-50
2025-05-21T14:01:37.462320,KXBTCD-25MAY2118-T108249.99,DELTA,39,50,41,1000,378,yes,39,50
2025-05-21T14:01:37.623719,KXBTCD-25MAY2118-T108249.99,DELTA,39,50,41,1000,379,yes,38,-100
2025-05-21T14:01:37.722858,KXBTCD-25MAY2118-T108249.99,DELTA,39,50,41,1000,380,no,54,-9
2025-05-21T14:01:38.149124,KXBTCD-25MAY2118-T108249.99,DELTA,39,50,41,1000,381,yes,13,-2492
2025-05-21T14:01:38.150060,KXBTCD-25MAY2118-T108249.99,DELTA,39,50,41,1000,382,yes,11,2945
2025-05-21T14:01:38.203726,KXBTCD-25MAY2118-T108249.99,DELTA,39,50,41,1000,383,no,12,-2700
2025-05-21T14:01:38.204576,KXBTCD-25MAY2118-T108249.99,DELTA,39,50,41,1000,384,no,6,5400
2025-05-21T14:01:38.243355,KXBTCD-25MAY2118-T108249.99,DELTA,39,50,41,1000,385,yes,14,-2000
2025-05-21T14:01:38.244266,KXBTCD-25MAY2118-T108249.99,DELTA,39,50,41,1000,386,yes,14,-1000
2025-05-21T14:01:38.283586,KXBTCD-25MAY2118-T108249.99,DELTA,39,50,41,1000,387,no,5,-20000
2025-05-21T14:01:38.346421,KXBTCD-25MAY2118-T108249.99,DELTA,39,50,41,1000,388,yes,12,2000
2025-05-21T14:01:38.347334,KXBTCD-25MAY2118-T108249.99,DELTA,39,50,41,1000,389,yes,12,1000
2025-05-21T14:01:38.347913,KXBTCD-25MAY2118-T108249.99,DELTA,39,50,41,1000,390,no,7,20000
2025-05-21T14:01:38.665043,KXBTCD-25MAY2118-T108249.99,DELTA,39,150,41,1000,391,yes,39,100
2025-05-21T14:01:38.723471,KXBTCD-25MAY2118-T108249.99,DELTA,39,100,41,1000,392,yes,39,-50
2025-05-21T14:01:38.723916,KXBTCD-25MAY2118-T108249.99,DELTA,40,50,41,1000,393,yes,40,50
2025-05-21T14:01:39.324852,KXBTCD-25MAY2118-T108249.99,DELTA,40,50,41,1000,394,yes,11,-2945
2025-05-21T14:01:39.325601,KXBTCD-25MAY2118-T108249.99,DELTA,40,50,41,1000,395,yes,13,2492
2025-05-21T14:01:39.363698,KXBTCD-25MAY2118-T108249.99,DELTA,40,50,41,1000,396,no,6,-5400
2025-05-21T14:01:39.364132,KXBTCD-25MAY2118-T108249.99,DELTA,40,50,41,1000,397,no,8,4050
2025-05-21T14:01:39.426207,KXBTCD-25MAY2118-T108249.99,DELTA,40,50,41,1000,398,yes,12,-2000
2025-05-21T14:01:39.426385,KXBTCD-25MAY2118-T108249.99,DELTA,40,50,41,1000,399,yes,12,-1000
2025-05-21T14:01:39.443790,KXBTCD-25MAY2118-T108249.99,DELTA,40,50,41,1000,400,no,7,-20000
2025-05-21T14:01:39.462897,KXBTCD-25MAY2118-T108249.99,DELTA,40,50,41,1000,401,yes,14,2000
2025-05-21T14:01:39.463049,KXBTCD-25MAY2118-T108249.99,DELTA,40,50,41,1000,402,yes,14,1000
2025-05-21T14:01:39.484455,KXBTCD-25MAY2118-T108249.99,DELTA,40,50,41,1000,403,no,9,20000
2025-05-21T14:01:40.444344,KXBTCD-25MAY2118-T108249.99,DELTA,40,50,41,1000,404,no,53,-100
2025-05-21T14:01:40.505731,KXBTCD-25MAY2118-T108249.99,DELTA,40,50,41,1000,405,yes,13,-2492
2025-05-21T14:01:40.506244,KXBTCD-25MAY2118-T108249.99,DELTA,40,50,41,1000,406,yes,11,2945
2025-05-21T14:01:40.546231,KXBTCD-25MAY2118-T108249.99,DELTA,40,50,41,1000,407,no,8,-4050
2025-05-21T14:01:40.546671,KXBTCD-25MAY2118-T108249.99,DELTA,40,50,41,1000,408,no,10,3240
2025-05-21T14:01:40.568576,KXBTCD-25MAY2118-T108249.99,DELTA,40,50,41,1000,409,yes,14,-2000
2025-05-21T14:01:40.586017,KXBTCD-25MAY2118-T108249.99,DELTA,40,50,41,1000,410,yes,14,-1000
2025-05-21T14:01:40.650959,KXBTCD-25MAY2118-T108249.99,DELTA,40,50,41,1000,411,no,9,-20000
2025-05-21T14:01:40.651110,KXBTCD-25MAY2118-T108249.99,DELTA,40,50,41,1000,412,yes,12,2000
2025-05-21T14:01:40.651188,KXBTCD-25MAY2118-T108249.99,DELTA,40,50,41,1000,413,yes,12,1000
2025-05-21T14:01:40.685408,KXBTCD-25MAY2118-T108249.99,DELTA,40,50,41,1000,414,no,11,20000
2025-05-21T14:01:41.022716,KXBTCD-25MAY2118-T108249.99,DELTA,40,50,41,1000,415,no,31,-2000
2025-05-21T14:01:41.117098,KXBTCD-25MAY2118-T108249.99,DELTA,40,50,41,1000,416,no,58,2000
2025-05-21T14:01:41.213336,KXBTCD-25MAY2118-T108249.99,DELTA,40,50,41,1000,417,yes,30,-24
2025-05-21T14:01:41.213575,KXBTCD-25MAY2118-T108249.99,DELTA,40,50,41,1000,418,yes,28,24
2025-05-21T14:01:41.213725,KXBTCD-25MAY2118-T108249.99,DELTA,40,50,41,1000,419,no,53,-24
2025-05-21T14:01:41.214069,KXBTCD-25MAY2118-T108249.99,DELTA,40,50,41,1000,420,no,54,24
2025-05-21T14:01:41.385469,KXBTCD-25MAY2118-T108249.99,DELTA,40,50,41,1000,421,yes,37,-300
2025-05-21T14:01:41.477824,KXBTCD-25MAY2118-T108249.99,DELTA,40,50,41,1000,422,yes,36,300
2025-05-21T14:01:41.495101,KXBTCD-25MAY2118-T108249.99,DELTA,40,50,41,1000,423,no,54,100
2025-05-21T14:01:41.848704,KXBTCD-25MAY2118-T108249.99,DELTA,40,50,41,1000,424,no,10,-3240
2025-05-21T14:01:41.849521,KXBTCD-25MAY2118-T108249.99,DELTA,40,50,41,1000,425,no,12,2700
2025-05-21T14:01:41.886307,KXBTCD-25MAY2118-T108249.99,DELTA,40,50,41,1000,426,no,31,-3000
2025-05-21T14:01:41.887466,KXBTCD-25MAY2118-T108249.99,DELTA,40,50,41,1000,427,no,3,-8000
2025-05-21T14:01:41.905706,KXBTCD-25MAY2118-T108249.99,DELTA,40,50,41,1000,428,yes,39,-100
2025-05-21T14:01:41.906567,KXBTCD-25MAY2118-T108249.99,DELTA,40,50,41,1000,429,no,54,-100
2025-05-21T14:01:41.927594,KXBTCD-25MAY2118-T108249.99,DELTA,40,50,41,1000,430,no,11,-20000
2025-05-21T14:01:41.945608,KXBTCD-25MAY2118-T108249.99,DELTA,40,50,41,1000,431,no,4,8000
2025-05-21T14:01:41.946506,KXBTCD-25MAY2118-T108249.99,DELTA,40,50,41,1000,432,no,39,3000
2025-05-21T14:01:41.965882,KXBTCD-25MAY2118-T108249.99,DELTA,40,50,41,1000,433,no,5,20000
2025-05-21T14:01:42.585583,KXBTCD-25MAY2118-T108249.99,DELTA,40,50,41,1000,434,yes,38,100
2025-05-21T14:01:42.586775,KXBTCD-25MAY2118-T108249.99,DELTA,40,50,41,1000,435,no,54,100
2025-05-21T14:01:42.966309,KXBTCD-25MAY2118-T108249.99,DELTA,40,50,41,1000,436,no,12,-2700
2025-05-21T14:01:42.967134,KXBTCD-25MAY2118-T108249.99,DELTA,40,50,41,1000,437,no,6,5400
2025-05-21T14:01:43.051659,KXBTCD-25MAY2118-T108249.99,DELTA,40,50,41,1000,438,no,5,-20000
2025-05-21T14:01:43.085368,KXBTCD-25MAY2118-T108249.99,DELTA,40,50,41,1000,439,no,7,20000
2025-05-21T14:01:43.107560,KXBTCD-25MAY2118-T108249.99,DELTA,40,50,41,1000,440,no,54,-100
2025-05-21T14:01:44.895050,KXBTCD-25MAY2118-T108249.99,DELTA,40,50,41,1000,441,no,55,100
2025-05-21T14:01:44.946542,KXBTCD-25MAY2118-T108249.99,DELTA,38,100,41,1000,442,yes,40,-50
2025-05-21T14:01:44.946973,KXBTCD-25MAY2118-T108249.99,DELTA,39,50,41,1000,443,yes,39,50
2025-05-21T14:01:46.190497,KXBTCD-25MAY2118-T108249.99,DELTA,39,50,41,1000,444,no,58,-2000
2025-05-21T14:01:46.287992,KXBTCD-25MAY2118-T108249.99,DELTA,39,50,41,1000,445,yes,36,-300
2025-05-21T14:01:46.407917,KXBTCD-25MAY2118-T108249.99,DELTA,39,50,41,1000,446,yes,38,100
2025-05-21T14:01:46.408596,KXBTCD-25MAY2118-T108249.99,DELTA,39,50,41,1000,447,no,31,2000
2025-05-21T14:01:46.789069,KXBTCD-25MAY2118-T108249.99,DELTA,39,50,41,1000,448,no,6,-5400
2025-05-21T14:01:46.789718,KXBTCD-25MAY2118-T108249.99,DELTA,39,50,41,1000,449,no,8,4050
2025-05-21T14:01:47.009099,KXBTCD-25MAY2118-T108249.99,DELTA,39,50,41,1000,450,no,7,-20000
2025-05-21T14:01:47.309806,KXBTCD-25MAY2118-T108249.99,DELTA,39,50,41,1000,451,no,9,20000
2025-05-21T14:01:49.112540,KXBTCD-25MAY2118-T108249.99,DELTA,39,50,41,975,452,no,59,-25
2025-05-21T14:01:51.169956,KXBTCD-25MAY2118-T108249.99,DELTA,39,50,41,975,453,no,8,-4050
2025-05-21T14:01:51.170788,KXBTCD-25MAY2118-T108249.99,DELTA,39,50,41,975,454,no,10,3240
2025-05-21T14:01:51.289229,KXBTCD-25MAY2118-T108249.99,DELTA,39,50,41,975,455,no,9,-20000
2025-05-21T14:01:51.330805,KXBTCD-25MAY2118-T108249.99,DELTA,39,50,41,975,456,no,11,20000
2025-05-21T14:01:52.248507,KXBTCD-25MAY2118-T108249.99,DELTA,39,50,41,975,457,no,10,-3240
2025-05-21T14:01:52.249142,KXBTCD-25MAY2118-T108249.99,DELTA,39,50,41,975,458,no,12,2700
2025-05-21T14:01:52.328857,KXBTCD-25MAY2118-T108249.99,DELTA,39,50,41,975,459,no,11,-20000
2025-05-21T14:01:52.369578,KXBTCD-25MAY2118-T108249.99,DELTA,39,50,41,975,460,no,5,20000
2025-05-21T14:01:53.370423,KXBTCD-25MAY2118-T108249.99,DELTA,39,50,41,975,461,yes,11,-2945
2025-05-21T14:01:53.370875,KXBTCD-25MAY2118-T108249.99,DELTA,39,50,41,975,462,yes,12,2700
2025-05-21T14:01:53.432393,KXBTCD-25MAY2118-T108249.99,DELTA,39,50,41,975,463,no,12,-2700
2025-05-21T14:01:53.433164,KXBTCD-25MAY2118-T108249.99,DELTA,39,50,41,975,464,no,6,5400
2025-05-21T14:01:53.449803,KXBTCD-25MAY2118-T108249.99,DELTA,39,50,41,975,465,yes,12,-2000
2025-05-21T14:01:53.450531,KXBTCD-25MAY2118-T108249.99,DELTA,39,50,41,975,466,yes,12,-1000
2025-05-21T14:01:53.469839,KXBTCD-25MAY2118-T108249.99,DELTA,39,50,41,975,467,yes,38,-100
2025-05-21T14:01:53.470577,KXBTCD-25MAY2118-T108249.99,DELTA,39,50,41,975,468,no,55,-100
2025-05-21T14:01:53.510908,KXBTCD-25MAY2118-T108249.99,DELTA,39,50,41,975,469,yes,13,1000
2025-05-21T14:01:53.511830,KXBTCD-25MAY2118-T108249.99,DELTA,39,50,41,975,470,yes,13,2000
2025-05-21T14:01:53.512514,KXBTCD-25MAY2118-T108249.99,DELTA,39,50,41,975,471,no,5,-20000
2025-05-21T14:01:53.570111,KXBTCD-25MAY2118-T108249.99,DELTA,39,50,41,975,472,no,7,20000
2025-05-21T14:01:54.489558,KXBTCD-25MAY2118-T108249.99,DELTA,39,50,41,975,473,yes,38,-100
2025-05-21T14:01:54.490644,KXBTCD-25MAY2118-T108249.99,DELTA,39,50,41,975,474,no,58,-200
2025-05-21T14:01:54.533831,KXBTCD-25MAY2118-T108249.99,DELTA,39,50,41,975,475,yes,12,-2700
2025-05-21T14:01:54.534820,KXBTCD-25MAY2118-T108249.99,DELTA,39,50,41,975,476,yes,11,2945
2025-05-21T14:01:54.535569,KXBTCD-25MAY2118-T108249.99,DELTA,39,50,44,50,477,no,59,-975
2025-05-21T14:01:54.569405,KXBTCD-25MAY2118-T108249.99,DELTA,39,50,44,50,478,no,6,-5400
2025-05-21T14:01:54.570276,KXBTCD-25MAY2118-T108249.99,DELTA,39,50,44,50,479,no,8,4050
2025-05-21T14:01:54.651291,KXBTCD-25MAY2118-T108249.99,DELTA,28,24,44,50,480,yes,39,-50
2025-05-21T14:01:54.652170,KXBTCD-25MAY2118-T108249.99,DELTA,28,24,44,50,481,yes,19,50
2025-05-21T14:01:54.652931,KXBTCD-25MAY2118-T108249.99,DELTA,28,24,43,1000,482,no,57,1000
2025-05-21T14:01:54.653578,KXBTCD-25MAY2118-T108249.99,DELTA,28,24,43,1000,483,no,56,-50
2025-05-21T14:01:54.654217,KXBTCD-25MAY2118-T108249.99,DELTA,28,24,43,1000,484,no,55,50
2025-05-21T14:01:54.654685,KXBTCD-25MAY2118-T108249.99,DELTA,29,9,43,1000,485,yes,29,9
2025-05-21T14:01:54.655185,KXBTCD-25MAY2118-T108249.99,DELTA,29,9,43,1000,486,yes,19,-9
2025-05-21T14:01:54.655651,KXBTCD-25MAY2118-T108249.99,DELTA,29,9,43,1000,487,yes,13,-2000
2025-05-21T14:01:54.668948,KXBTCD-25MAY2118-T108249.99,DELTA,29,9,43,1000,488,yes,13,-1000
2025-05-21T14:01:54.691064,KXBTCD-25MAY2118-T108249.99,DELTA,29,9,43,1000,489,yes,19,-50
2025-05-21T14:01:54.692146,KXBTCD-25MAY2118-T108249.99,DELTA,40,50,43,1000,490,yes,40,50
2025-05-21T14:01:54.712101,KXBTCD-25MAY2118-T108249.99,DELTA,40,50,43,1000,491,no,7,-20000
2025-05-21T14:01:54.732578,KXBTCD-25MAY2118-T108249.99,DELTA,40,50,43,1000,492,yes,12,2000
2025-05-21T14:01:54.733361,KXBTCD-25MAY2118-T108249.99,DELTA,40,50,43,1000,493,yes,12,1000
2025-05-21T14:01:54.734023,KXBTCD-25MAY2118-T108249.99,DELTA,40,50,43,1000,494,no,54,100
2025-05-21T14:01:54.734581,KXBTCD-25MAY2118-T108249.99,DELTA,29,9,43,1000,495,yes,40,-50
2025-05-21T14:01:54.735298,KXBTCD-25MAY2118-T108249.99,DELTA,29,9,43,1000,496,yes,19,50
2025-05-21T14:01:54.752628,KXBTCD-25MAY2118-T108249.99,DELTA,38,100,43,1000,497,yes,38,100
2025-05-21T14:01:54.754271,KXBTCD-25MAY2118-T108249.99,DELTA,38,100,45,50,498,no,57,-1000
2025-05-21T14:01:54.754871,KXBTCD-25MAY2118-T108249.99,DELTA,38,100,45,50,499,no,9,20000
2025-05-21T14:01:54.772765,KXBTCD-25MAY2118-T108249.99,DELTA,38,100,45,50,500,yes,19,-50
2025-05-21T14:01:54.773545,KXBTCD-25MAY2118-T108249.99,DELTA,41,50,45,50,501,yes,41,50
2025-05-21T14:01:54.851456,KXBTCD-25MAY2118-T108249.99,DELTA,41,50,45,50,502,yes,39,250
2025-05-21T14:01:54.852313,KXBTCD-25MAY2118-T108249.99,DELTA,41,50,44,200,503,no,56,200
2025-05-21T14:01:54.853652,KXBTCD-25MAY2118-T108249.99,DELTA,41,50,44,1200,504,no,56,1000
2025-05-21T14:01:54.854072,KXBTCD-25MAY2118-T108249.99,DELTA,39,250,44,1200,505,yes,41,-50
2025-05-21T14:01:54.854338,KXBTCD-25MAY2118-T108249.99,DELTA,39,300,44,1200,506,yes,39,50
2025-05-21T14:01:54.854594,KXBTCD-25MAY2118-T108249.99,DELTA,39,300,44,1200,507,yes,12,-1000
2025-05-21T14:01:54.871838,KXBTCD-25MAY2118-T108249.99,DELTA,39,300,44,1200,508,yes,12,1000
2025-05-21T14:01:54.872607,KXBTCD-25MAY2118-T108249.99,DELTA,39,250,44,1200,509,yes,39,-50
2025-05-21T14:01:54.873139,KXBTCD-25MAY2118-T108249.99,DELTA,42,50,44,1200,510,yes,42,50
2025-05-21T14:01:54.892805,KXBTCD-25MAY2118-T108249.99,DELTA,42,50,44,200,511,no,56,-1000
2025-05-21T14:01:54.941011,KXBTCD-25MAY2118-T108249.99,DELTA,42,50,44,200,512,yes,38,-100
2025-05-21T14:01:54.941813,KXBTCD-25MAY2118-T108249.99,DELTA,39,250,44,200,513,yes,42,-50
2025-05-21T14:01:54.942355,KXBTCD-25MAY2118-T108249.99,DELTA,40,50,44,200,514,yes,40,50
2025-05-21T14:01:54.973457,KXBTCD-25MAY2118-T108249.99,DELTA,40,50,43,1000,515,no,57,1000
2025-05-21T14:01:55.272069,KXBTCD-25MAY2118-T108249.99,DELTA,40,50,43,1000,516,no,56,-200
2025-05-21T14:01:55.373151,KXBTCD-25MAY2118-T108249.99,DELTA,40,50,45,50,517,no,57,-1000
2025-05-21T14:01:55.373717,KXBTCD-25MAY2118-T108249.99,DELTA,40,50,44,100,518,no,56,100
2025-05-21T14:01:55.390172,KXBTCD-25MAY2118-T108249.99,DELTA,40,50,44,100,519,yes,29,-9
2025-05-21T14:01:55.390654,KXBTCD-25MAY2118-T108249.99,DELTA,40,50,44,100,520,yes,19,9
2025-05-21T14:01:55.411810,KXBTCD-25MAY2118-T108249.99,DELTA,40,50,44,1100,521,no,56,1000
2025-05-21T14:01:55.452305,KXBTCD-25MAY2118-T108249.99,DELTA,40,50,44,100,522,no,56,-1000
2025-05-21T14:01:55.511875,KXBTCD-25MAY2118-T108249.99,DELTA,40,50,43,1000,523,no,57,1000
2025-05-21T14:01:55.630934,KXBTCD-25MAY2118-T108249.99,DELTA,40,50,43,1000,524,yes,11,-2945
2025-05-21T14:01:55.631092,KXBTCD-25MAY2118-T108249.99,DELTA,40,50,43,1000,525,yes,12,2700
2025-05-21T14:01:55.689929,KXBTCD-25MAY2118-T108249.99,DELTA,40,50,43,1000,526,no,8,-4050
2025-05-21T14:01:55.690081,KXBTCD-25MAY2118-T108249.99,DELTA,40,50,43,1000,527,no,10,3240
2025-05-21T14:01:55.709176,KXBTCD-25MAY2118-T108249.99,DELTA,40,50,43,1000,528,yes,12,-2000
2025-05-21T14:01:55.732155,KXBTCD-25MAY2118-T108249.99,DELTA,40,50,43,1000,529,yes,12,-1000
2025-05-21T14:01:55.770784,KXBTCD-25MAY2118-T108249.99,DELTA,40,50,43,1000,530,no,9,-20000
2025-05-21T14:01:55.790558,KXBTCD-25MAY2118-T108249.99,DELTA,40,50,43,1000,531,yes,13,2000
2025-05-21T14:01:55.791478,KXBTCD-25MAY2118-T108249.99,DELTA,40,50,43,1000,532,yes,13,1000
2025-05-21T14:01:55.831989,KXBTCD-25MAY2118-T108249.99,DELTA,40,50,43,1000,533,no,11,20000
2025-05-21T14:01:56.382594,KXBTCD-25MAY2118-T108249.99,DELTA,40,50,43,1000,534,yes,39,100
2025-05-21T14:01:56.671381,KXBTCD-25MAY2118-T108249.99,DELTA,40,50,43,1000,535,yes,31,24
2025-05-21T14:01:56.672194,KXBTCD-25MAY2118-T108249.99,DELTA,40,50,43,1000,536,yes,28,-24
2025-05-21T14:01:56.690355,KXBTCD-25MAY2118-T108249.99,DELTA,40,50,43,1000,537,no,54,-24
2025-05-21T14:01:56.691158,KXBTCD-25MAY2118-T108249.99,DELTA,40,50,43,1000,538,no,52,24
2025-05-21T14:01:57.510281,KXBTCD-25MAY2118-T108249.99,DELTA,40,50,43,1000,539,yes,39,-100
2025-05-21T14:01:57.529548,KXBTCD-25MAY2118-T108249.99,DELTA,40,50,43,1000,540,no,54,-100
2025-05-21T14:01:58.754686,KXBTCD-25MAY2118-T108249.99,DELTA,40,50,43,1000,541,yes,39,100
2025-05-21T14:01:58.755716,KXBTCD-25MAY2118-T108249.99,DELTA,40,50,43,1000,542,no,53,100
2025-05-21T14:01:59.050702,KXBTCD-25MAY2118-T108249.99,DELTA,40,50,43,1000,543,yes,12,-2700
2025-05-21T14:01:59.051300,KXBTCD-25MAY2118-T108249.99,DELTA,40,50,43,1000,544,yes,11,2945
2025-05-21T14:01:59.091390,KXBTCD-25MAY2118-T108249.99,DELTA,40,50,43,1000,545,yes,31,-24
2025-05-21T14:01:59.092142,KXBTCD-25MAY2118-T108249.99,DELTA,40,50,43,1000,546,no,52,-24
2025-05-21T14:01:59.093111,KXBTCD-25MAY2118-T108249.99,DELTA,40,50,43,1000,547,no,10,-3240
2025-05-21T14:01:59.093701,KXBTCD-25MAY2118-T108249.99,DELTA,40,50,43,1000,548,no,12,2700
2025-05-21T14:01:59.110022,KXBTCD-25MAY2118-T108249.99,DELTA,40,50,43,1000,549,no,55,-50
2025-05-21T14:01:59.110785,KXBTCD-25MAY2118-T108249.99,DELTA,40,50,43,1000,550,no,53,50
2025-05-21T14:01:59.111406,KXBTCD-25MAY2118-T108249.99,DELTA,40,50,43,1000,551,yes,32,24
2025-05-21T14:01:59.131761,KXBTCD-25MAY2118-T108249.99,DELTA,40,50,43,1000,552,no,50,24
2025-05-21T14:01:59.132440,KXBTCD-25MAY2118-T108249.99,DELTA,40,50,43,1000,553,yes,13,-2000
2025-05-21T14:01:59.132986,KXBTCD-25MAY2118-T108249.99,DELTA,40,50,43,1000,554,yes,13,-1000
2025-05-21T14:01:59.191240,KXBTCD-25MAY2118-T108249.99,DELTA,40,50,43,1000,555,no,11,-20000
2025-05-21T14:01:59.191885,KXBTCD-25MAY2118-T108249.99,DELTA,40,50,43,1000,556,yes,12,1000
2025-05-21T14:01:59.192433,KXBTCD-25MAY2118-T108249.99,DELTA,40,50,43,1000,557,yes,12,2000
2025-05-21T14:01:59.210596,KXBTCD-25MAY2118-T108249.99,DELTA,40,50,43,1000,558,yes,39,-250
2025-05-21T14:01:59.232399,KXBTCD-25MAY2118-T108249.99,DELTA,40,50,43,1000,559,no,56,-100
2025-05-21T14:01:59.258116,KXBTCD-25MAY2118-T108249.99,DELTA,40,50,43,1000,560,no,31,-2000
2025-05-21T14:01:59.258400,KXBTCD-25MAY2118-T108249.99,DELTA,40,50,43,1000,561,no,5,20000
2025-05-21T14:01:59.290047,KXBTCD-25MAY2118-T108249.99,DELTA,40,50,43,1000,562,no,54,2000
2025-05-21T14:01:59.331915,KXBTCD-25MAY2118-T108249.99,DELTA,40,50,46,2000,563,no,57,-1000
2025-05-21T14:01:59.332650,KXBTCD-25MAY2118-T108249.99,DELTA,40,50,46,2000,564,yes,39,-100
2025-05-21T14:01:59.350898,KXBTCD-25MAY2118-T108249.99,DELTA,40,50,46,2000,565,yes,12,-1000
2025-05-21T14:01:59.371302,KXBTCD-25MAY2118-T108249.99,DELTA,40,50,47,150,566,no,54,-2000
2025-05-21T14:01:59.391179,KXBTCD-25MAY2118-T108249.99,DELTA,40,50,46,1000,567,no,54,1000
2025-05-21T14:01:59.411600,KXBTCD-25MAY2118-T108249.99,DELTA,42,100,46,1000,568,yes,42,100
2025-05-21T14:01:59.412276,KXBTCD-25MAY2118-T108249.99,DELTA,42,100,46,1100,569,no,54,100
2025-05-21T14:01:59.470430,KXBTCD-25MAY2118-T108249.99,DELTA,42,100,46,1100,570,yes,12,1000
2025-05-21T14:01:59.471252,KXBTCD-25MAY2118-T108249.99,DELTA,42,100,46,1100,571,no,53,2000
2025-05-21T14:01:59.472612,KXBTCD-25MAY2118-T108249.99,DELTA,42,100,46,1100,572,yes,40,-50
2025-05-21T14:01:59.473046,KXBTCD-25MAY2118-T108249.99,DELTA,43,50,46,1100,573,yes,43,50
2025-05-21T14:01:59.530652,KXBTCD-25MAY2118-T108249.99,DELTA,43,50,46,100,574,no,54,-1000
2025-05-21T14:01:59.531512,KXBTCD-25MAY2118-T108249.99,DELTA,43,50,46,100,575,yes,19,-9
2025-05-21T14:01:59.532082,KXBTCD-25MAY2118-T108249.99,DELTA,43,50,46,100,576,yes,33,9
2025-05-21T14:01:59.590537,KXBTCD-25MAY2118-T108249.99,DELTA,43,50,45,1000,577,no,55,1000
2025-05-21T14:01:59.872338,KXBTCD-25MAY2118-T108249.99,DELTA,43,50,45,1000,578,no,54,-100
2025-05-21T14:01:59.929831,KXBTCD-25MAY2118-T108249.99,DELTA,43,50,45,1000,579,no,53,250
2025-05-21T14:01:59.950017,KXBTCD-25MAY2118-T108249.99,DELTA,43,50,47,2400,580,no,55,-1000
2025-05-21T14:01:59.970401,KXBTCD-25MAY2118-T108249.99,DELTA,43,50,47,2400,581,yes,41,100
2025-05-21T14:02:00.008313,KXBTCD-25MAY2118-T108249.99,DELTA,43,50,46,1000,582,no,54,1000
2025-05-21T14:02:00.151432,KXBTCD-25MAY2118-T108249.99,DELTA,43,50,46,1000,583,no,53,-100
2025-05-21T14:02:00.231076,KXBTCD-25MAY2118-T108249.99,DELTA,43,50,46,1000,584,no,53,-2000
2025-05-21T14:02:00.291159,KXBTCD-25MAY2118-T108249.99,DELTA,43,50,46,1000,585,no,31,2000
2025-05-21T14:02:00.390118,KXBTCD-25MAY2118-T108249.99,DELTA,43,50,46,1000,586,yes,33,-9
2025-05-21T14:02:00.390319,KXBTCD-25MAY2118-T108249.99,DELTA,43,50,46,1000,587,yes,19,9
2025-05-21T14:02:01.270234,KXBTCD-25MAY2118-T108249.99,DELTA,43,50,46,1000,588,no,51,100
2025-05-21T14:02:01.471239,KXBTCD-25MAY2118-T108249.99,DELTA,43,50,46,1000,589,yes,11,-2945
2025-05-21T14:02:01.472282,KXBTCD-25MAY2118-T108249.99,DELTA,43,50,46,1000,590,yes,12,2700
2025-05-21T14:02:01.532260,KXBTCD-25MAY2118-T108249.99,DELTA,43,50,46,1000,591,no,12,-2700
2025-05-21T14:02:01.533220,KXBTCD-25MAY2118-T108249.99,DELTA,43,50,46,1000,592,no,6,5400
2025-05-21T14:02:01.550250,KXBTCD-25MAY2118-T108249.99,DELTA,43,50,46,1000,593,yes,12,-2000
2025-05-21T14:02:01.551037,KXBTCD-25MAY2118-T108249.99,DELTA,43,50,46,1000,594,yes,12,-1000
2025-05-21T14:02:01.591192,KXBTCD-25MAY2118-T108249.99,DELTA,43,50,46,1000,595,no,5,-20000
2025-05-21T14:02:01.592097,KXBTCD-25MAY2118-T108249.99,DELTA,43,50,46,1000,596,yes,13,1000
2025-05-21T14:02:01.592773,KXBTCD-25MAY2118-T108249.99,DELTA,43,50,46,1000,597,yes,13,2000
2025-05-21T14:02:01.631183,KXBTCD-25MAY2118-T108249.99,DELTA,43,50,46,1000,598,no,7,20000
2025-05-21T14:02:01.751707,KXBTCD-25MAY2118-T108249.99,DELTA,43,50,46,1000,599,no,31,-2000
2025-05-21T14:02:01.811492,KXBTCD-25MAY2118-T108249.99,DELTA,43,50,46,1000,600,no,53,2000
2025-05-21T14:02:01.831226,KXBTCD-25MAY2118-T108249.99,DELTA,43,50,46,1000,601,yes,42,-100
2025-05-21T14:02:01.931498,KXBTCD-25MAY2118-T108249.99,DELTA,43,50,46,1000,602,yes,41,200
2025-05-21T14:02:02.150639,KXBTCD-25MAY2118-T108249.99,DELTA,43,50,46,1000,603,no,53,-250
2025-05-21T14:02:02.192910,KXBTCD-25MAY2118-T108249.99,DELTA,43,50,45,50,604,no,55,50
2025-05-21T14:02:02.230722,KXBTCD-25MAY2118-T108249.99,DELTA,43,50,45,50,605,no,53,-2000
2025-05-21T14:02:02.270637,KXBTCD-25MAY2118-T108249.99,DELTA,43,50,45,50,606,no,54,-1000
2025-05-21T14:02:02.271417,KXBTCD-25MAY2118-T108249.99,DELTA,43,50,45,50,607,no,31,2000
2025-05-21T14:02:02.314073,KXBTCD-25MAY2118-T108249.99,DELTA,43,50,44,1000,608,no,56,1000
2025-05-21T14:02:03.631699,KXBTCD-25MAY2118-T108249.99,DELTA,43,50,44,1000,609,yes,12,-2700
2025-05-21T14:02:03.632743,KXBTCD-25MAY2118-T108249.99,DELTA,43,50,44,1000,610,yes,11,2945
2025-05-21T14:02:03.690657,KXBTCD-25MAY2118-T108249.99,DELTA,43,50,44,1000,611,no,6,-5400
2025-05-21T14:02:03.691396,KXBTCD-25MAY2118-T108249.99,DELTA,43,50,44,1000,612,no,8,4050
2025-05-21T14:02:03.711412,KXBTCD-25MAY2118-T108249.99,DELTA,43,50,44,1000,613,yes,13,-2000
2025-05-21T14:02:03.712280,KXBTCD-25MAY2118-T108249.99,DELTA,43,50,44,1000,614,yes,13,-1000
2025-05-21T14:02:03.771550,KXBTCD-25MAY2118-T108249.99,DELTA,43,50,44,1000,615,yes,12,1000
2025-05-21T14:02:03.772571,KXBTCD-25MAY2118-T108249.99,DELTA,43,50,44,1000,616,yes,12,2000
2025-05-21T14:02:03.793291,KXBTCD-25MAY2118-T108249.99,DELTA,43,50,44,1000,617,no,7,-20000
2025-05-21T14:02:03.850893,KXBTCD-25MAY2118-T108249.99,DELTA,43,50,44,1000,618,no,9,20000
2025-05-21T14:02:04.351230,KXBTCD-25MAY2118-T108249.99,DELTA,43,50,44,1000,619,no,55,-50
2025-05-21T14:02:04.412084,KXBTCD-25MAY2118-T108249.99,DELTA,43,50,44,1000,620,no,54,250
2025-05-21T14:02:04.432081,KXBTCD-25MAY2118-T108249.99,DELTA,43,50,46,250,621,no,56,-1000
2025-05-21T14:02:04.472095,KXBTCD-25MAY2118-T108249.99,DELTA,43,50,46,1250,622,no,54,1000
2025-05-21T14:02:04.491204,KXBTCD-25MAY2118-T108249.99,DELTA,41,300,46,1250,623,yes,43,-50
2025-05-21T14:02:04.491432,KXBTCD-25MAY2118-T108249.99,DELTA,42,50,46,1250,624,yes,42,50
2025-05-21T14:02:04.530946,KXBTCD-25MAY2118-T108249.99,DELTA,42,50,46,250,625,no,54,-1000
2025-05-21T14:02:04.590479,KXBTCD-25MAY2118-T108249.99,DELTA,42,50,45,1000,626,no,55,1000
2025-05-21T14:02:04.672501,KXBTCD-25MAY2118-T108249.99,DELTA,42,50,45,1000,627,yes,11,-2945
2025-05-21T14:02:04.673273,KXBTCD-25MAY2118-T108249.99,DELTA,42,50,45,1000,628,yes,12,2700
2025-05-21T14:02:04.730244,KXBTCD-25MAY2118-T108249.99,DELTA,42,50,45,1000,629,no,8,-4050
2025-05-21T14:02:04.730520,KXBTCD-25MAY2118-T108249.99,DELTA,42,50,45,1000,630,no,10,3240
2025-05-21T14:02:04.752155,KXBTCD-25MAY2118-T108249.99,DELTA,42,50,45,1000,631,yes,12,-2000
2025-05-21T14:02:04.752361,KXBTCD-25MAY2118-T108249.99,DELTA,42,50,45,1000,632,yes,12,-1000
2025-05-21T14:02:04.814131,KXBTCD-25MAY2118-T108249.99,DELTA,42,50,45,1000,633,yes,13,2000
2025-05-21T14:02:04.814394,KXBTCD-25MAY2118-T108249.99,DELTA,42,50,45,1000,634,yes,13,1000
2025-05-21T14:02:04.831147,KXBTCD-25MAY2118-T108249.99,DELTA,42,50,45,1000,635,no,9,-20000
2025-05-21T14:02:04.870347,KXBTCD-25MAY2118-T108249.99,DELTA,42,50,45,1000,636,no,11,20000
2025-05-21T14:02:05.751322,KXBTCD-25MAY2118-T108249.99,DELTA,42,50,45,1000,637,yes,12,-2700
2025-05-21T14:02:05.751589,KXBTCD-25MAY2118-T108249.99,DELTA,42,50,45,1000,638,yes,11,2945
2025-05-21T14:02:05.811678,KXBTCD-25MAY2118-T108249.99,DELTA,42,50,45,1000,639,no,10,-3240
2025-05-21T14:02:05.811943,KXBTCD-25MAY2118-T108249.99,DELTA,42,50,45,1000,640,no,12,2700
2025-05-21T14:02:05.832775,KXBTCD-25MAY2118-T108249.99,DELTA,42,50,45,1000,641,yes,13,-2000
2025-05-21T14:02:05.854874,KXBTCD-25MAY2118-T108249.99,DELTA,42,50,45,1000,642,yes,13,-1000
2025-05-21T14:02:05.889754,KXBTCD-25MAY2118-T108249.99,DELTA,42,50,45,1000,643,no,11,-20000
2025-05-21T14:02:05.890197,KXBTCD-25MAY2118-T108249.99,DELTA,42,50,45,1000,644,yes,12,1000
2025-05-21T14:02:05.890372,KXBTCD-25MAY2118-T108249.99,DELTA,42,50,45,1000,645,yes,12,2000
2025-05-21T14:02:05.972259,KXBTCD-25MAY2118-T108249.99,DELTA,42,50,45,1000,646,no,5,20000
2025-05-21T14:02:07.561254,KXBTCD-25MAY2118-T108249.99,DELTA,42,50,45,1000,647,no,31,-2000
2025-05-21T14:02:07.562369,KXBTCD-25MAY2118-T108249.99,DELTA,42,50,45,1000,648,no,54,2000
2025-05-21T14:02:07.592667,KXBTCD-25MAY2118-T108249.99,DELTA,42,50,45,1000,649,yes,41,-200
2025-05-21T14:02:07.674023,KXBTCD-25MAY2118-T108249.99,DELTA,42,50,45,1000,650,no,54,-250
2025-05-21T14:02:07.751580,KXBTCD-25MAY2118-T108249.99,DELTA,42,50,45,1000,651,yes,40,150
2025-05-21T14:02:07.752599,KXBTCD-25MAY2118-T108249.99,DELTA,42,50,45,1000,652,no,54,-2000
2025-05-21T14:02:07.753247,KXBTCD-25MAY2118-T108249.99,DELTA,42,50,44,50,653,no,56,50
2025-05-21T14:02:07.772669,KXBTCD-25MAY2118-T108249.99,DELTA,42,50,44,50,654,no,55,-1000
2025-05-21T14:02:07.831767,KXBTCD-25MAY2118-T108249.99,DELTA,42,50,44,50,655,no,31,2000
2025-05-21T14:02:07.832198,KXBTCD-25MAY2118-T108249.99,DELTA,42,50,44,50,656,no,54,1000
2025-05-21T14:02:07.891032,KXBTCD-25MAY2118-T108249.99,DELTA,42,50,44,50,657,no,54,-1000
2025-05-21T14:02:07.950138,KXBTCD-25MAY2118-T108249.99,DELTA,42,50,43,1000,658,no,57,1000
2025-05-21T14:02:08.512260,KXBTCD-25MAY2118-T108249.99,DELTA,42,50,43,1000,659,no,53,-50
2025-05-21T14:02:08.513631,KXBTCD-25MAY2118-T108249.99,DELTA,42,50,43,1000,660,no,55,50
2025-05-21T14:02:08.871599,KXBTCD-25MAY2118-T108249.99,DELTA,42,50,43,1000,661,no,56,-50
2025-05-21T14:02:08.931460,KXBTCD-25MAY2118-T108249.99,DELTA,42,50,43,1000,662,no,56,150
2025-05-21T14:02:08.952441,KXBTCD-25MAY2118-T108249.99,DELTA,42,50,44,150,663,no,57,-1000
2025-05-21T14:02:08.971575,KXBTCD-25MAY2118-T108249.99,DELTA,42,50,44,150,664,no,51,-100
2025-05-21T14:02:08.995100,KXBTCD-25MAY2118-T108249.99,DELTA,42,50,44,150,665,yes,40,-150
2025-05-21T14:02:09.011378,KXBTCD-25MAY2118-T108249.99,DELTA,42,50,44,1150,666,no,56,1000
2025-05-21T14:02:09.051731,KXBTCD-25MAY2118-T108249.99,DELTA,42,50,44,150,667,no,56,-1000
2025-05-21T14:02:09.105249,KXBTCD-25MAY2118-T108249.99,DELTA,42,50,44,150,668,yes,39,250
2025-05-21T14:02:09.131761,KXBTCD-25MAY2118-T108249.99,DELTA,42,50,43,1000,669,no,57,1000
2025-05-21T14:02:09.191808,KXBTCD-25MAY2118-T108249.99,DELTA,42,50,43,1000,670,yes,11,-2945
2025-05-21T14:02:09.192513,KXBTCD-25MAY2118-T108249.99,DELTA,42,50,43,1000,671,yes,12,2700
2025-05-21T14:02:09.232499,KXBTCD-25MAY2118-T108249.99,DELTA,42,50,43,1000,672,no,12,-2700
2025-05-21T14:02:09.233230,KXBTCD-25MAY2118-T108249.99,DELTA,42,50,43,1000,673,no,6,5400
2025-05-21T14:02:09.271757,KXBTCD-25MAY2118-T108249.99,DELTA,42,50,43,1000,674,yes,12,-2000
2025-05-21T14:02:09.292146,KXBTCD-25MAY2118-T108249.99,DELTA,42,50,43,1000,675,yes,12,-1000
2025-05-21T14:02:09.311095,KXBTCD-25MAY2118-T108249.99,DELTA,42,50,43,1000,676,no,5,-20000
2025-05-21T14:02:09.330723,KXBTCD-25MAY2118-T108249.99,DELTA,42,50,43,1000,677,yes,13,2000
2025-05-21T14:02:09.331101,KXBTCD-25MAY2118-T108249.99,DELTA,42,50,43,1000,678,yes,13,1000
2025-05-21T14:02:09.370805,KXBTCD-25MAY2118-T108249.99,DELTA,42,50,43,1000,679,no,7,20000
2025-05-21T14:02:09.411542,KXBTCD-25MAY2118-T108249.99,DELTA,42,50,43,1000,680,yes,41,-100
2025-05-21T14:02:10.373702,KXBTCD-25MAY2118-T108249.99,DELTA,42,50,43,1000,681,no,52,100
2025-05-21T14:02:10.460066,KXBTCD-25MAY2118-T108249.99,DELTA,39,250,43,1000,682,yes,42,-50
2025-05-21T14:02:10.460295,KXBTCD-25MAY2118-T108249.99,DELTA,40,50,43,1000,683,yes,40,50
2025-05-21T14:02:10.531876,KXBTCD-25MAY2118-T108249.99,DELTA,40,50,43,1000,684,no,52,-100
2025-05-21T14:02:10.612236,KXBTCD-25MAY2118-T108249.99,DELTA,40,50,43,1000,685,no,31,-2000
2025-05-21T14:02:10.653016,KXBTCD-25MAY2118-T108249.99,DELTA,40,50,43,1000,686,no,56,2000
2025-05-21T14:02:10.972950,KXBTCD-25MAY2118-T108249.99,DELTA,40,150,43,1000,687,yes,40,100
2025-05-21T14:02:11.592980,KXBTCD-25MAY2118-T108249.99,DELTA,40,150,43,1000,688,yes,12,-2700
2025-05-21T14:02:11.593261,KXBTCD-25MAY2118-T108249.99,DELTA,40,150,43,1000,689,yes,11,2945
2025-05-21T14:02:11.611729,KXBTCD-25MAY2118-T108249.99,DELTA,40,150,43,1000,690,no,52,100
2025-05-21T14:02:11.631495,KXBTCD-25MAY2118-T108249.99,DELTA,40,150,43,1000,691,no,6,-5400
2025-05-21T14:02:11.631735,KXBTCD-25MAY2118-T108249.99,DELTA,40,150,43,1000,692,no,8,4050
2025-05-21T14:02:11.652670,KXBTCD-25MAY2118-T108249.99,DELTA,40,150,43,1000,693,yes,13,-2000
2025-05-21T14:02:11.671315,KXBTCD-25MAY2118-T108249.99,DELTA,40,150,43,1000,694,yes,13,-1000
2025-05-21T14:02:11.713391,KXBTCD-25MAY2118-T108249.99,DELTA,40,150,43,1000,695,no,7,-20000
2025-05-21T14:02:11.713731,KXBTCD-25MAY2118-T108249.99,DELTA,40,150,43,1000,696,yes,12,2000
2025-05-21T14:02:11.713859,KXBTCD-25MAY2118-T108249.99,DELTA,40,150,43,1000,697,yes,12,1000
2025-05-21T14:02:11.751018,KXBTCD-25MAY2118-T108249.99,DELTA,40,150,43,1000,698,no,9,20000
2025-05-21T14:02:12.395552,KXBTCD-25MAY2118-T108249.99,DELTA,40,150,43,1000,699,no,52,-100
2025-05-21T14:02:12.572222,KXBTCD-25MAY2118-T108249.99,DELTA,40,150,43,1000,700,yes,11,-2945
2025-05-21T14:02:12.573126,KXBTCD-25MAY2118-T108249.99,DELTA,40,150,43,1000,701,yes,13,2492
2025-05-21T14:02:12.611537,KXBTCD-25MAY2118-T108249.99,DELTA,40,150,43,1000,702,no,8,-4050
2025-05-21T14:02:12.611788,KXBTCD-25MAY2118-T108249.99,DELTA,40,150,43,1000,703,no,10,3240
2025-05-21T14:02:12.650769,KXBTCD-25MAY2118-T108249.99,DELTA,40,150,43,1000,704,yes,12,-2000
2025-05-21T14:02:12.650999,KXBTCD-25MAY2118-T108249.99,DELTA,40,150,43,1000,705,yes,12,-1000
2025-05-21T14:02:12.672771,KXBTCD-25MAY2118-T108249.99,DELTA,40,150,43,1000,706,no,56,-2000
2025-05-21T14:02:12.711556,KXBTCD-25MAY2118-T108249.99,DELTA,40,150,43,1000,707,yes,14,1000
2025-05-21T14:02:12.711898,KXBTCD-25MAY2118-T108249.99,DELTA,40,150,43,1000,708,yes,14,2000
2025-05-21T14:02:12.732992,KXBTCD-25MAY2118-T108249.99,DELTA,40,150,43,1000,709,no,9,-20000
2025-05-21T14:02:12.733269,KXBTCD-25MAY2118-T108249.99,DELTA,40,150,43,1000,710,no,31,2000
2025-05-21T14:02:12.791544,KXBTCD-25MAY2118-T108249.99,DELTA,40,150,43,1000,711,no,11,20000
2025-05-21T14:02:13.672226,KXBTCD-25MAY2118-T108249.99,DELTA,40,150,43,1000,712,yes,13,-2492
2025-05-21T14:02:13.672558,KXBTCD-25MAY2118-T108249.99,DELTA,40,150,43,1000,713,yes,11,2945
2025-05-21T14:02:13.732366,KXBTCD-25MAY2118-T108249.99,DELTA,40,150,43,1000,714,no,10,-3240
2025-05-21T14:02:13.733199,KXBTCD-25MAY2118-T108249.99,DELTA,40,150,43,1000,715,no,12,2700
2025-05-21T14:02:13.752436,KXBTCD-25MAY2118-T108249.99,DELTA,40,150,43,1000,716,yes,14,-2000
2025-05-21T14:02:13.753192,KXBTCD-25MAY2118-T108249.99,DELTA,40,150,43,1000,717,yes,14,-1000
2025-05-21T14:02:13.812254,KXBTCD-25MAY2118-T108249.99,DELTA,40,150,43,1000,718,yes,12,2000
2025-05-21T14:02:13.831103,KXBTCD-25MAY2118-T108249.99,DELTA,40,150,43,1000,719,yes,12,1000
2025-05-21T14:02:13.832237,KXBTCD-25MAY2118-T108249.99,DELTA,40,150,43,1000,720,no,11,-20000
2025-05-21T14:02:13.854447,KXBTCD-25MAY2118-T108249.99,DELTA,40,150,43,1000,721,no,52,100
2025-05-21T14:02:13.871903,KXBTCD-25MAY2118-T108249.99,DELTA,40,150,43,1000,722,no,5,20000
2025-05-21T14:02:14.625224,KXBTCD-25MAY2118-T108249.99,DELTA,40,150,43,1000,723,no,31,-2000
2025-05-21T14:02:14.632523,KXBTCD-25MAY2118-T108249.99,DELTA,40,150,43,1000,724,no,56,2000
2025-05-21T14:02:14.792106,KXBTCD-25MAY2118-T108249.99,DELTA,40,150,43,1000,725,yes,11,-2945
2025-05-21T14:02:14.792566,KXBTCD-25MAY2118-T108249.99,DELTA,40,150,43,1000,726,yes,13,2492
2025-05-21T14:02:14.851958,KXBTCD-25MAY2118-T108249.99,DELTA,40,150,43,1000,727,no,12,-2700
2025-05-21T14:02:14.852782,KXBTCD-25MAY2118-T108249.99,DELTA,40,150,43,1000,728,no,6,5400
2025-05-21T14:02:14.872285,KXBTCD-25MAY2118-T108249.99,DELTA,40,150,43,1000,729,yes,12,-2000
2025-05-21T14:02:14.891935,KXBTCD-25MAY2118-T108249.99,DELTA,40,150,43,1000,730,yes,12,-1000
2025-05-21T14:02:14.952195,KXBTCD-25MAY2118-T108249.99,DELTA,40,150,43,1000,731,no,5,-20000
2025-05-21T14:02:14.952760,KXBTCD-25MAY2118-T108249.99,DELTA,40,150,43,1000,732,yes,14,1000
2025-05-21T14:02:14.953028,KXBTCD-25MAY2118-T108249.99,DELTA,40,150,43,1000,733,yes,14,2000
2025-05-21T14:02:15.012448,KXBTCD-25MAY2118-T108249.99,DELTA,40,150,43,1000,734,no,56,-2000
2025-05-21T14:02:15.013216,KXBTCD-25MAY2118-T108249.99,DELTA,40,150,43,1000,735,no,7,20000
2025-05-21T14:02:15.053391,KXBTCD-25MAY2118-T108249.99,DELTA,40,150,43,1000,736,no,31,2000
2025-05-21T14:02:15.319667,KXBTCD-25MAY2118-T108249.99,DELTA,40,150,43,1000,737,no,31,-2000
2025-05-21T14:02:15.371897,KXBTCD-25MAY2118-T108249.99,DELTA,40,150,43,1000,738,no,56,2000
2025-05-21T14:02:15.531335,KXBTCD-25MAY2118-T108249.99,DELTA,40,150,43,1000,739,no,56,-2000
2025-05-21T14:02:15.571963,KXBTCD-25MAY2118-T108249.99,DELTA,40,150,43,1000,740,no,31,2000
2025-05-21T14:02:15.712651,KXBTCD-25MAY2118-T108249.99,DELTA,40,150,43,1000,741,no,31,-2000
2025-05-21T14:02:15.833292,KXBTCD-25MAY2118-T108249.99,DELTA,40,150,43,1000,742,no,56,2000
2025-05-21T14:02:15.891841,KXBTCD-25MAY2118-T108249.99,DELTA,40,150,43,1000,743,yes,13,-2492
2025-05-21T14:02:15.892545,KXBTCD-25MAY2118-T108249.99,DELTA,40,150,43,1000,744,yes,11,2945
2025-05-21T14:02:15.952160,KXBTCD-25MAY2118-T108249.99,DELTA,40,150,43,1000,745,no,6,-5400
2025-05-21T14:02:15.952953,KXBTCD-25MAY2118-T108249.99,DELTA,40,150,43,1000,746,no,8,4050
2025-05-21T14:02:15.973655,KXBTCD-25MAY2118-T108249.99,DELTA,40,150,43,1000,747,yes,14,-2000
2025-05-21T14:02:15.991694,KXBTCD-25MAY2118-T108249.99,DELTA,40,150,43,1000,748,yes,14,-1000
2025-05-21T14:02:16.032785,KXBTCD-25MAY2118-T108249.99,DELTA,40,150,43,1000,749,no,7,-20000
2025-05-21T14:02:16.033717,KXBTCD-25MAY2118-T108249.99,DELTA,40,150,43,1000,750,yes,12,1000
2025-05-21T14:02:16.034227,KXBTCD-25MAY2118-T108249.99,DELTA,40,150,43,1000,751,yes,12,2000
2025-05-21T14:02:16.073053,KXBTCD-25MAY2118-T108249.99,DELTA,40,150,43,1000,752,no,9,20000
2025-05-21T14:02:16.832119,KXBTCD-25MAY2118-T108249.99,DELTA,40,150,43,1000,753,no,56,-2000
2025-05-21T14:02:16.872742,KXBTCD-25MAY2118-T108249.99,DELTA,40,150,43,1000,754,no,31,2000
2025-05-21T14:02:17.093430,KXBTCD-25MAY2118-T108249.99,DELTA,40,150,43,1000,755,no,31,-2000
2025-05-21T14:02:17.172867,KXBTCD-25MAY2118-T108249.99,DELTA,40,150,43,1000,756,no,56,2000
2025-05-21T14:02:18.992510,KXBTCD-25MAY2118-T108249.99,DELTA,40,150,43,1000,757,yes,31,24
2025-05-21T14:02:18.992667,KXBTCD-25MAY2118-T108249.99,DELTA,40,150,43,1000,758,yes,32,-24
2025-05-21T14:02:18.992743,KXBTCD-25MAY2118-T108249.99,DELTA,40,150,43,1000,759,no,50,-24
2025-05-21T14:02:18.992803,KXBTCD-25MAY2118-T108249.99,DELTA,40,150,43,1000,760,no,52,24
2025-05-21T14:02:19.052268,KXBTCD-25MAY2118-T108249.99,DELTA,40,150,43,1000,761,no,55,-50
2025-05-21T14:02:19.052386,KXBTCD-25MAY2118-T108249.99,DELTA,40,150,43,1000,762,no,56,50
2025-05-21T14:02:19.191728,KXBTCD-25MAY2118-T108249.99,DELTA,40,150,43,1000,763,yes,39,-250
2025-05-21T14:02:19.252334,KXBTCD-25MAY2118-T108249.99,DELTA,40,150,43,1000,764,yes,39,100
2025-05-21T14:02:19.332089,KXBTCD-25MAY2118-T108249.99,DELTA,40,150,43,1000,765,yes,11,-2945
2025-05-21T14:02:19.332225,KXBTCD-25MAY2118-T108249.99,DELTA,40,150,43,1000,766,yes,13,2492
2025-05-21T14:02:19.352133,KXBTCD-25MAY2118-T108249.99,DELTA,40,150,43,1000,767,no,52,-100
2025-05-21T14:02:19.392912,KXBTCD-25MAY2118-T108249.99,DELTA,40,150,43,1000,768,no,8,-4050
2025-05-21T14:02:19.393025,KXBTCD-25MAY2118-T108249.99,DELTA,40,150,43,1000,769,no,10,3240
2025-05-21T14:02:19.412033,KXBTCD-25MAY2118-T108249.99,DELTA,40,150,43,1000,770,yes,12,-2000
2025-05-21T14:02:19.412152,KXBTCD-25MAY2118-T108249.99,DELTA,40,150,43,1000,771,yes,12,-1000
2025-05-21T14:02:19.471298,KXBTCD-25MAY2118-T108249.99,DELTA,40,150,43,1000,772,yes,14,2000
2025-05-21T14:02:19.471420,KXBTCD-25MAY2118-T108249.99,DELTA,40,150,43,1000,773,yes,14,1000
2025-05-21T14:02:19.471482,KXBTCD-25MAY2118-T108249.99,DELTA,40,150,43,1000,774,no,9,-20000
2025-05-21T14:02:19.511082,KXBTCD-25MAY2118-T108249.99,DELTA,40,150,43,1000,775,no,11,20000
2025-05-21T14:02:19.831226,KXBTCD-25MAY2118-T108249.99,DELTA,40,150,43,1000,776,yes,39,-100
2025-05-21T14:02:19.871473,KXBTCD-25MAY2118-T108249.99,DELTA,40,150,43,1000,777,yes,39,250
2025-05-21T14:02:19.951922,KXBTCD-25MAY2118-T108249.99,DELTA,40,150,43,1000,778,yes,32,9
2025-05-21T14:02:19.952094,KXBTCD-25MAY2118-T108249.99,DELTA,40,150,43,1000,779,yes,19,-9
2025-05-21T14:02:20.032045,KXBTCD-25MAY2118-T108249.99,DELTA,40,150,43,1000,780,no,56,-2000
2025-05-21T14:02:20.071725,KXBTCD-25MAY2118-T108249.99,DELTA,40,150,43,1000,781,no,56,-50
2025-05-21T14:02:20.071833,KXBTCD-25MAY2118-T108249.99,DELTA,40,150,43,1000,782,no,54,50
2025-05-21T14:02:20.092673,KXBTCD-25MAY2118-T108249.99,DELTA,40,150,43,1000,783,no,31,2000
2025-05-21T14:02:20.113730,KXBTCD-25MAY2118-T108249.99,DELTA,40,150,43,1000,784,no,53,100
2025-05-21T14:02:20.232533,KXBTCD-25MAY2118-T108249.99,DELTA,40,150,43,1000,785,no,56,-150
2025-05-21T14:02:20.291907,KXBTCD-25MAY2118-T108249.99,DELTA,40,150,43,1000,786,yes,39,-250
2025-05-21T14:02:20.312296,KXBTCD-25MAY2118-T108249.99,DELTA,40,150,46,50,787,no,57,-1000
2025-05-21T14:02:20.352005,KXBTCD-25MAY2118-T108249.99,DELTA,40,150,45,1000,788,no,55,1000
2025-05-21T14:02:20.412668,KXBTCD-25MAY2118-T108249.99,DELTA,41,50,45,1000,789,yes,41,50
2025-05-21T14:02:20.432832,KXBTCD-25MAY2118-T108249.99,DELTA,41,50,45,1150,790,no,55,150
2025-05-21T14:02:20.472111,KXBTCD-25MAY2118-T108249.99,DELTA,41,50,45,1150,791,yes,40,-50
2025-05-21T14:02:20.472212,KXBTCD-25MAY2118-T108249.99,DELTA,42,50,45,1150,792,yes,42,50
2025-05-21T14:02:20.492501,KXBTCD-25MAY2118-T108249.99,DELTA,42,50,45,1150,793,yes,41,-50
2025-05-21T14:02:20.511497,KXBTCD-25MAY2118-T108249.99,DELTA,42,50,45,1150,794,no,31,-2000
2025-05-21T14:02:20.531239,KXBTCD-25MAY2118-T108249.99,DELTA,42,50,45,150,795,no,55,-1000
2025-05-21T14:02:20.572228,KXBTCD-25MAY2118-T108249.99,DELTA,42,50,44,1000,796,no,56,1000
2025-05-21T14:02:20.572360,KXBTCD-25MAY2118-T108249.99,DELTA,42,50,44,1000,797,yes,41,50
2025-05-21T14:02:20.592078,KXBTCD-25MAY2118-T108249.99,DELTA,42,50,44,1000,798,no,55,2000
2025-05-21T14:02:20.650854,KXBTCD-25MAY2118-T108249.99,DELTA,42,50,44,1000,799,yes,41,-50
2025-05-21T14:02:20.732404,KXBTCD-25MAY2118-T108249.99,DELTA,42,50,44,1000,800,yes,41,150
2025-05-21T14:02:20.792315,KXBTCD-25MAY2118-T108249.99,DELTA,42,50,44,1000,801,no,55,-150
2025-05-21T14:02:20.812204,KXBTCD-25MAY2118-T108249.99,DELTA,42,50,44,1000,802,no,55,-2000
2025-05-21T14:02:20.872954,KXBTCD-25MAY2118-T108249.99,DELTA,42,50,44,1000,803,no,55,50
2025-05-21T14:02:20.873339,KXBTCD-25MAY2118-T108249.99,DELTA,42,50,44,1000,804,no,31,2000
2025-05-21T14:02:20.873621,KXBTCD-25MAY2118-T108249.99,DELTA,42,50,45,50,805,no,56,-1000
2025-05-21T14:02:20.913443,KXBTCD-25MAY2118-T108249.99,DELTA,42,50,45,1050,806,no,55,1000
2025-05-21T14:02:20.975628,KXBTCD-25MAY2118-T108249.99,DELTA,42,50,45,50,807,no,55,-1000
2025-05-21T14:02:21.012309,KXBTCD-25MAY2118-T108249.99,DELTA,42,50,44,1000,808,no,56,1000
2025-05-21T14:02:21.053315,KXBTCD-25MAY2118-T108249.99,DELTA,42,50,44,1000,809,no,55,-50
2025-05-21T14:02:21.093210,KXBTCD-25MAY2118-T108249.99,DELTA,42,50,44,1000,810,no,54,250
2025-05-21T14:02:21.132809,KXBTCD-25MAY2118-T108249.99,DELTA,42,50,46,300,811,no,56,-1000
2025-05-21T14:02:21.171508,KXBTCD-25MAY2118-T108249.99,DELTA,42,50,45,1000,812,no,55,1000
2025-05-21T14:02:21.171619,KXBTCD-25MAY2118-T108249.99,DELTA,42,50,45,1000,813,no,31,-2000
2025-05-21T14:02:21.213518,KXBTCD-25MAY2118-T108249.99,DELTA,42,50,45,1000,814,no,54,2000
2025-05-21T14:02:21.591557,KXBTCD-25MAY2118-T108249.99,DELTA,42,50,45,1000,815,no,53,-100
2025-05-21T14:02:21.591740,KXBTCD-25MAY2118-T108249.99,DELTA,42,50,45,1000,816,yes,40,-100
2025-05-21T14:02:21.735084,KXBTCD-25MAY2118-T108249.99,DELTA,42,50,45,1000,817,yes,13,-2492
2025-05-21T14:02:21.735192,KXBTCD-25MAY2118-T108249.99,DELTA,42,50,45,1000,818,yes,11,2945
2025-05-21T14:02:21.791919,KXBTCD-25MAY2118-T108249.99,DELTA,42,50,45,1000,819,no,10,-3240
2025-05-21T14:02:21.792044,KXBTCD-25MAY2118-T108249.99,DELTA,42,50,45,1000,820,no,12,2700
2025-05-21T14:02:21.811133,KXBTCD-25MAY2118-T108249.99,DELTA,42,50,45,1000,821,yes,14,-2000
2025-05-21T14:02:21.811242,KXBTCD-25MAY2118-T108249.99,DELTA,42,50,45,1000,822,yes,14,-1000
2025-05-21T14:02:21.873982,KXBTCD-25MAY2118-T108249.99,DELTA,42,50,45,1000,823,yes,12,2000
2025-05-21T14:02:21.874111,KXBTCD-25MAY2118-T108249.99,DELTA,42,50,45,1000,824,yes,12,1000
2025-05-21T14:02:21.911631,KXBTCD-25MAY2118-T108249.99,DELTA,42,50,45,1000,825,no,11,-20000
2025-05-21T14:02:21.971104,KXBTCD-25MAY2118-T108249.99,DELTA,42,50,45,1000,826,no,5,20000
2025-05-21T14:02:22.412064,KXBTCD-25MAY2118-T108249.99,DELTA,42,50,45,1000,827,yes,40,100
2025-05-21T14:02:22.412222,KXBTCD-25MAY2118-T108249.99,DELTA,42,50,45,1000,828,no,52,100
2025-05-21T14:02:22.532122,KXBTCD-25MAY2118-T108249.99,DELTA,42,50,45,1000,829,yes,19,9
2025-05-21T14:02:22.532276,KXBTCD-25MAY2118-T108249.99,DELTA,42,50,45,1000,830,yes,32,-9
2025-05-21T14:02:22.613828,KXBTCD-25MAY2118-T108249.99,DELTA,42,50,45,1000,831,yes,40,-100
2025-05-21T14:02:22.828865,KXBTCD-25MAY2118-T108249.99,DELTA,42,50,45,1000,832,yes,11,-2945
2025-05-21T14:02:22.828998,KXBTCD-25MAY2118-T108249.99,DELTA,42,50,45,1000,833,yes,13,2492
2025-05-21T14:02:22.879079,KXBTCD-25MAY2118-T108249.99,DELTA,42,50,45,1000,834,no,12,-2700
2025-05-21T14:02:22.879227,KXBTCD-25MAY2118-T108249.99,DELTA,42,50,45,1000,835,no,6,5400
2025-05-21T14:02:22.898293,KXBTCD-25MAY2118-T108249.99,DELTA,42,50,45,1000,836,yes,12,-2000
2025-05-21T14:02:22.923858,KXBTCD-25MAY2118-T108249.99,DELTA,42,50,45,1000,837,yes,12,-1000
2025-05-21T14:02:22.994294,KXBTCD-25MAY2118-T108249.99,DELTA,42,50,45,1000,838,yes,14,2000
2025-05-21T14:02:22.994431,KXBTCD-25MAY2118-T108249.99,DELTA,42,50,45,1000,839,no,5,-20000
2025-05-21T14:02:22.994739,KXBTCD-25MAY2118-T108249.99,DELTA,42,50,45,1000,840,yes,14,1000
2025-05-21T14:02:22.994844,KXBTCD-25MAY2118-T108249.99,DELTA,42,50,45,1000,841,no,7,20000
2025-05-21T14:02:23.498393,KXBTCD-25MAY2118-T108249.99,DELTA,42,50,45,1000,842,yes,41,100
2025-05-21T14:02:23.741377,KXBTCD-25MAY2118-T108249.99,DELTA,42,50,45,1000,843,no,54,-2000
2025-05-21T14:02:23.771099,KXBTCD-25MAY2118-T108249.99,DELTA,42,50,45,1000,844,no,31,2000
2025-05-21T14:02:23.831885,KXBTCD-25MAY2118-T108249.99,DELTA,42,50,45,1000,845,no,31,-2000
2025-05-21T14:02:23.892768,KXBTCD-25MAY2118-T108249.99,DELTA,42,50,45,1000,846,yes,13,-2492
2025-05-21T14:02:23.892874,KXBTCD-25MAY2118-T108249.99,DELTA,42,50,45,1000,847,yes,11,2945
2025-05-21T14:02:23.956295,KXBTCD-25MAY2118-T108249.99,DELTA,42,50,45,1000,848,no,54,2000
2025-05-21T14:02:23.956446,KXBTCD-25MAY2118-T108249.99,DELTA,42,50,45,1000,849,no,6,-5400
2025-05-21T14:02:23.956524,KXBTCD-25MAY2118-T108249.99,DELTA,42,50,45,1000,850,no,8,4050
2025-05-21T14:02:23.972210,KXBTCD-25MAY2118-T108249.99,DELTA,42,50,45,1000,851,yes,14,-2000
2025-05-21T14:02:23.972315,KXBTCD-25MAY2118-T108249.99,DELTA,42,50,45,1000,852,yes,14,-1000
2025-05-21T14:02:24.032309,KXBTCD-25MAY2118-T108249.99,DELTA,42,50,45,1000,853,yes,12,2000
2025-05-21T14:02:24.032455,KXBTCD-25MAY2118-T108249.99,DELTA,42,50,45,1000,854,no,7,-20000
2025-05-21T14:02:24.032533,KXBTCD-25MAY2118-T108249.99,DELTA,42,50,45,1000,855,yes,12,1000
2025-05-21T14:02:24.092029,KXBTCD-25MAY2118-T108249.99,DELTA,42,50,45,1000,856,no,9,20000
2025-05-21T14:02:24.992246,KXBTCD-25MAY2118-T108249.99,DELTA,42,50,45,1000,857,yes,11,-2945
2025-05-21T14:02:24.992400,KXBTCD-25MAY2118-T108249.99,DELTA,42,50,45,1000,858,yes,13,2492
2025-05-21T14:02:25.051377,KXBTCD-25MAY2118-T108249.99,DELTA,42,50,45,1000,859,no,8,-4050
2025-05-21T14:02:25.051498,KXBTCD-25MAY2118-T108249.99,DELTA,42,50,45,1000,860,no,10,3240
2025-05-21T14:02:25.073465,KXBTCD-25MAY2118-T108249.99,DELTA,42,50,45,1000,861,yes,12,-2000
2025-05-21T14:02:25.073614,KXBTCD-25MAY2118-T108249.99,DELTA,42,50,45,1000,862,yes,12,-1000
2025-05-21T14:02:25.131671,KXBTCD-25MAY2118-T108249.99,DELTA,42,50,45,1000,863,yes,14,2000
2025-05-21T14:02:25.131810,KXBTCD-25MAY2118-T108249.99,DELTA,42,50,45,1000,864,no,9,-20000
2025-05-21T14:02:25.132130,KXBTCD-25MAY2118-T108249.99,DELTA,42,50,45,1000,865,yes,14,1000
2025-05-21T14:02:25.173541,KXBTCD-25MAY2118-T108249.99,DELTA,42,50,45,1000,866,no,11,20000
2025-05-21T14:02:26.072922,KXBTCD-25MAY2118-T108249.99,DELTA,42,50,45,1000,867,yes,13,-2492
2025-05-21T14:02:26.073073,KXBTCD-25MAY2118-T108249.99,DELTA,42,50,45,1000,868,yes,11,2945
2025-05-21T14:02:26.132133,KXBTCD-25MAY2118-T108249.99,DELTA,42,50,45,1000,869,no,10,-3240
2025-05-21T14:02:26.132322,KXBTCD-25MAY2118-T108249.99,DELTA,42,50,45,1000,870,no,12,2700
2025-05-21T14:02:26.171692,KXBTCD-25MAY2118-T108249.99,DELTA,42,50,45,1000,871,yes,14,-2000
2025-05-21T14:02:26.192976,KXBTCD-25MAY2118-T108249.99,DELTA,42,50,45,1000,872,yes,14,-1000
2025-05-21T14:02:26.212535,KXBTCD-25MAY2118-T108249.99,DELTA,42,50,45,1000,873,no,11,-20000
2025-05-21T14:02:26.232405,KXBTCD-25MAY2118-T108249.99,DELTA,42,50,45,1000,874,yes,12,2000
2025-05-21T14:02:26.232513,KXBTCD-25MAY2118-T108249.99,DELTA,42,50,45,1000,875,yes,12,1000
2025-05-21T14:02:26.271640,KXBTCD-25MAY2118-T108249.99,DELTA,42,50,45,1000,876,no,5,20000
2025-05-21T14:02:28.853864,KXBTCD-25MAY2118-T108249.99,DELTA,42,50,45,1000,877,no,54,-2000
2025-05-21T14:02:28.892314,KXBTCD-25MAY2118-T108249.99,DELTA,42,50,45,3000,878,no,55,2000
2025-05-21T14:02:29.453106,KXBTCD-25MAY2118-T108249.99,DELTA,42,50,45,3000,879,yes,11,-2945
2025-05-21T14:02:29.453293,KXBTCD-25MAY2118-T108249.99,DELTA,42,50,45,3000,880,yes,13,2492
2025-05-21T14:02:29.512310,KXBTCD-25MAY2118-T108249.99,DELTA,42,50,45,3000,881,no,12,-2700
2025-05-21T14:02:29.512505,KXBTCD-25MAY2118-T108249.99,DELTA,42,50,45,3000,882,no,6,5400
2025-05-21T14:02:29.532214,KXBTCD-25MAY2118-T108249.99,DELTA,42,50,45,3000,883,yes,12,-2000
2025-05-21T14:02:29.532486,KXBTCD-25MAY2118-T108249.99,DELTA,42,50,45,3000,884,yes,12,-1000
2025-05-21T14:02:29.572264,KXBTCD-25MAY2118-T108249.99,DELTA,42,50,45,3000,885,yes,14,2000
2025-05-21T14:02:29.572480,KXBTCD-25MAY2118-T108249.99,DELTA,42,50,45,3000,886,yes,14,1000
2025-05-21T14:02:29.593719,KXBTCD-25MAY2118-T108249.99,DELTA,42,50,45,3000,887,no,5,-20000
2025-05-21T14:02:29.631820,KXBTCD-25MAY2118-T108249.99,DELTA,42,50,45,3000,888,no,7,20000
2025-05-21T14:02:31.071995,KXBTCD-25MAY2118-T108249.99,DELTA,42,50,45,3000,889,no,54,1250
2025-05-21T14:02:31.623848,KXBTCD-25MAY2118-T108249.99,DELTA,42,50,45,3000,890,no,54,-1250
2025-05-21T14:02:32.413063,KXBTCD-25MAY2118-T108249.99,DELTA,42,50,45,3000,891,yes,13,-2492
2025-05-21T14:02:32.413270,KXBTCD-25MAY2118-T108249.99,DELTA,42,50,45,3000,892,yes,11,2945
2025-05-21T14:02:32.453540,KXBTCD-25MAY2118-T108249.99,DELTA,42,50,45,3000,893,no,6,-5400
2025-05-21T14:02:32.453734,KXBTCD-25MAY2118-T108249.99,DELTA,42,50,45,3000,894,no,8,4050
2025-05-21T14:02:32.512205,KXBTCD-25MAY2118-T108249.99,DELTA,42,50,45,3000,895,yes,14,-2000
2025-05-21T14:02:32.512337,KXBTCD-25MAY2118-T108249.99,DELTA,42,50,45,3000,896,yes,14,-1000
2025-05-21T14:02:32.553713,KXBTCD-25MAY2118-T108249.99,DELTA,42,50,45,3000,897,no,7,-20000
2025-05-21T14:02:32.572980,KXBTCD-25MAY2118-T108249.99,DELTA,42,50,45,3000,898,yes,12,2000
2025-05-21T14:02:32.573128,KXBTCD-25MAY2118-T108249.99,DELTA,42,50,45,3000,899,yes,12,1000
2025-05-21T14:02:32.592423,KXBTCD-25MAY2118-T108249.99,DELTA,42,50,45,3000,900,no,9,20000
2025-05-21T14:02:33.559625,KXBTCD-25MAY2118-T108249.99,DELTA,42,50,45,3000,901,yes,11,-2945
2025-05-21T14:02:33.559767,KXBTCD-25MAY2118-T108249.99,DELTA,42,50,45,3000,902,yes,13,2492
2025-05-21T14:02:33.616380,KXBTCD-25MAY2118-T108249.99,DELTA,42,50,45,3000,903,no,8,-4050
2025-05-21T14:02:33.616477,KXBTCD-25MAY2118-T108249.99,DELTA,42,50,45,3000,904,no,10,3240
2025-05-21T14:02:33.634342,KXBTCD-25MAY2118-T108249.99,DELTA,42,50,45,3000,905,yes,12,-2000
2025-05-21T14:02:33.653260,KXBTCD-25MAY2118-T108249.99,DELTA,42,50,45,3000,906,yes,12,-1000
2025-05-21T14:02:33.692293,KXBTCD-25MAY2118-T108249.99,DELTA,42,50,45,3000,907,yes,14,2000
2025-05-21T14:02:33.711995,KXBTCD-25MAY2118-T108249.99,DELTA,42,50,45,3000,908,yes,14,1000
2025-05-21T14:02:33.712112,KXBTCD-25MAY2118-T108249.99,DELTA,42,50,45,3000,909,no,9,-20000
2025-05-21T14:02:33.791698,KXBTCD-25MAY2118-T108249.99,DELTA,42,50,45,3000,910,no,11,20000
2025-05-21T14:02:34.671496,KXBTCD-25MAY2118-T108249.99,DELTA,42,50,45,3000,911,yes,13,-2492
2025-05-21T14:02:34.671670,KXBTCD-25MAY2118-T108249.99,DELTA,42,50,45,3000,912,yes,11,2945
2025-05-21T14:02:34.711488,KXBTCD-25MAY2118-T108249.99,DELTA,42,50,45,3000,913,no,10,-3240
2025-05-21T14:02:34.711596,KXBTCD-25MAY2118-T108249.99,DELTA,42,50,45,3000,914,no,12,2700
2025-05-21T14:02:34.755046,KXBTCD-25MAY2118-T108249.99,DELTA,42,50,45,3000,915,yes,14,-2000
2025-05-21T14:02:34.774609,KXBTCD-25MAY2118-T108249.99,DELTA,42,50,45,3000,916,yes,14,-1000
2025-05-21T14:02:34.795941,KXBTCD-25MAY2118-T108249.99,DELTA,42,50,45,3000,917,no,11,-20000
2025-05-21T14:02:34.833555,KXBTCD-25MAY2118-T108249.99,DELTA,42,50,45,3000,918,yes,12,2000
2025-05-21T14:02:34.833653,KXBTCD-25MAY2118-T108249.99,DELTA,42,50,45,3000,919,yes,12,1000
2025-05-21T14:02:34.852359,KXBTCD-25MAY2118-T108249.99,DELTA,42,50,45,3000,920,no,5,20000
2025-05-21T14:02:35.712258,KXBTCD-25MAY2118-T108249.99,DELTA,42,50,45,3000,921,yes,11,-2945
2025-05-21T14:02:35.712472,KXBTCD-25MAY2118-T108249.99,DELTA,42,50,45,3000,922,yes,13,2492
2025-05-21T14:02:35.771699,KXBTCD-25MAY2118-T108249.99,DELTA,42,50,45,3000,923,no,12,-2700
2025-05-21T14:02:35.771882,KXBTCD-25MAY2118-T108249.99,DELTA,42,50,45,3000,924,no,6,5400
2025-05-21T14:02:35.793083,KXBTCD-25MAY2118-T108249.99,DELTA,42,50,45,3000,925,yes,12,-2000
2025-05-21T14:02:35.812549,KXBTCD-25MAY2118-T108249.99,DELTA,42,50,45,3000,926,yes,12,-1000
2025-05-21T14:02:35.852407,KXBTCD-25MAY2118-T108249.99,DELTA,42,50,45,3000,927,yes,14,2000
2025-05-21T14:02:35.872259,KXBTCD-25MAY2118-T108249.99,DELTA,42,50,45,3000,928,yes,14,1000
2025-05-21T14:02:35.872413,KXBTCD-25MAY2118-T108249.99,DELTA,42,50,45,3000,929,no,5,-20000
2025-05-21T14:02:35.913300,KXBTCD-25MAY2118-T108249.99,DELTA,42,50,45,3000,930,no,7,20000
2025-05-21T14:02:36.833026,KXBTCD-25MAY2118-T108249.99,DELTA,42,50,45,3000,931,yes,13,-2492
2025-05-21T14:02:36.833197,KXBTCD-25MAY2118-T108249.99,DELTA,42,50,45,3000,932,yes,11,2945
2025-05-21T14:02:36.891583,KXBTCD-25MAY2118-T108249.99,DELTA,42,50,45,3000,933,no,6,-5400
2025-05-21T14:02:36.891720,KXBTCD-25MAY2118-T108249.99,DELTA,42,50,45,3000,934,no,8,4050
2025-05-21T14:02:36.933706,KXBTCD-25MAY2118-T108249.99,DELTA,42,50,45,3000,935,yes,14,-2000
2025-05-21T14:02:36.951858,KXBTCD-25MAY2118-T108249.99,DELTA,42,50,45,3000,936,yes,14,-1000
2025-05-21T14:02:36.972433,KXBTCD-25MAY2118-T108249.99,DELTA,42,50,45,3000,937,no,7,-20000
2025-05-21T14:02:37.012448,KXBTCD-25MAY2118-T108249.99,DELTA,42,50,45,3000,938,yes,12,2000
2025-05-21T14:02:37.012559,KXBTCD-25MAY2118-T108249.99,DELTA,42,50,45,3000,939,yes,12,1000
2025-05-21T14:02:37.032455,KXBTCD-25MAY2118-T108249.99,DELTA,42,50,45,3000,940,no,9,20000
2025-05-21T14:02:38.649258,KXBTCD-25MAY2118-T108249.99,DELTA,42,50,45,1000,941,no,55,-2000
2025-05-21T14:02:38.649387,KXBTCD-25MAY2118-T108249.99,DELTA,42,50,45,1000,942,no,54,2000
2025-05-21T14:02:40.495653,KXBTCD-25MAY2118-T108249.99,DELTA,42,50,45,1000,943,yes,11,-2945
2025-05-21T14:02:40.495813,KXBTCD-25MAY2118-T108249.99,DELTA,42,50,45,1000,944,yes,13,2492
2025-05-21T14:02:40.557253,KXBTCD-25MAY2118-T108249.99,DELTA,42,50,45,1000,945,no,8,-4050
2025-05-21T14:02:40.557447,KXBTCD-25MAY2118-T108249.99,DELTA,42,50,45,1000,946,no,10,3240
2025-05-21T14:02:40.592495,KXBTCD-25MAY2118-T108249.99,DELTA,42,50,45,1000,947,yes,12,-2000
2025-05-21T14:02:40.593282,KXBTCD-25MAY2118-T108249.99,DELTA,42,50,45,1000,948,yes,12,-1000
2025-05-21T14:02:40.673667,KXBTCD-25MAY2118-T108249.99,DELTA,42,50,45,1000,949,no,9,-20000
2025-05-21T14:02:40.673865,KXBTCD-25MAY2118-T108249.99,DELTA,42,50,45,1000,950,yes,14,1000
2025-05-21T14:02:40.674135,KXBTCD-25MAY2118-T108249.99,DELTA,42,50,45,1000,951,yes,14,2000
2025-05-21T14:02:40.732260,KXBTCD-25MAY2118-T108249.99,DELTA,42,50,45,1000,952,no,11,20000
2025-05-21T14:02:41.434487,KXBTCD-25MAY2118-T108249.99,DELTA,42,50,45,1000,953,yes,41,-150
2025-05-21T14:02:41.473662,KXBTCD-25MAY2118-T108249.99,DELTA,42,50,45,1000,954,yes,40,300
2025-05-21T14:02:41.553137,KXBTCD-25MAY2118-T108249.99,DELTA,42,50,45,1000,955,yes,32,9
2025-05-21T14:02:41.553361,KXBTCD-25MAY2118-T108249.99,DELTA,42,50,45,1000,956,yes,19,-9
2025-05-21T14:02:43.312207,KXBTCD-25MAY2118-T108249.99,DELTA,42,50,45,1000,957,yes,13,-2492
2025-05-21T14:02:43.312408,KXBTCD-25MAY2118-T108249.99,DELTA,42,50,45,1000,958,yes,15,2160
2025-05-21T14:02:43.372010,KXBTCD-25MAY2118-T108249.99,DELTA,42,50,45,1000,959,no,10,-3240
2025-05-21T14:02:43.372210,KXBTCD-25MAY2118-T108249.99,DELTA,42,50,45,1000,960,no,12,2700
2025-05-21T14:02:43.391791,KXBTCD-25MAY2118-T108249.99,DELTA,42,50,45,1000,961,yes,14,-2000
2025-05-21T14:02:43.391961,KXBTCD-25MAY2118-T108249.99,DELTA,42,50,45,1000,962,yes,14,-1000
2025-05-21T14:02:43.432340,KXBTCD-25MAY2118-T108249.99,DELTA,42,50,45,1000,963,yes,19,9
2025-05-21T14:02:43.432544,KXBTCD-25MAY2118-T108249.99,DELTA,42,50,45,1000,964,yes,32,-9
2025-05-21T14:02:43.451774,KXBTCD-25MAY2118-T108249.99,DELTA,42,50,45,1000,965,yes,16,1000
2025-05-21T14:02:43.451973,KXBTCD-25MAY2118-T108249.99,DELTA,42,50,45,1000,966,yes,16,2000
2025-05-21T14:02:43.472215,KXBTCD-25MAY2118-T108249.99,DELTA,42,50,45,1000,967,no,11,-20000
2025-05-21T14:02:43.531557,KXBTCD-25MAY2118-T108249.99,DELTA,42,50,45,1000,968,no,5,20000
2025-05-21T14:02:44.432714,KXBTCD-25MAY2118-T108249.99,DELTA,42,50,45,1000,969,yes,15,-2160
2025-05-21T14:02:44.432896,KXBTCD-25MAY2118-T108249.99,DELTA,42,50,45,1000,970,yes,11,2945
2025-05-21T14:02:44.433260,KXBTCD-25MAY2118-T108249.99,DELTA,42,50,45,1000,971,no,12,-2700
2025-05-21T14:02:44.433328,KXBTCD-25MAY2118-T108249.99,DELTA,42,50,45,1000,972,no,6,5400
2025-05-21T14:02:44.533993,KXBTCD-25MAY2118-T108249.99,DELTA,42,50,45,1000,973,yes,16,-2000
2025-05-21T14:02:44.534130,KXBTCD-25MAY2118-T108249.99,DELTA,42,50,45,1000,974,no,5,-20000
2025-05-21T14:02:44.554231,KXBTCD-25MAY2118-T108249.99,DELTA,42,50,45,1000,975,yes,16,-1000
2025-05-21T14:02:44.572506,KXBTCD-25MAY2118-T108249.99,DELTA,42,50,45,1000,976,no,7,20000
2025-05-21T14:02:44.628317,KXBTCD-25MAY2118-T108249.99,DELTA,42,50,45,1000,977,yes,12,2000
2025-05-21T14:02:44.628516,KXBTCD-25MAY2118-T108249.99,DELTA,42,50,45,1000,978,yes,12,1000
2025-05-21T14:02:45.396862,KXBTCD-25MAY2118-T108249.99,DELTA,42,50,45,1000,979,yes,11,-2945
2025-05-21T14:02:45.397055,KXBTCD-25MAY2118-T108249.99,DELTA,42,50,45,1000,980,yes,13,2492
2025-05-21T14:02:45.453160,KXBTCD-25MAY2118-T108249.99,DELTA,42,50,45,1000,981,no,6,-5400
2025-05-21T14:02:45.453306,KXBTCD-25MAY2118-T108249.99,DELTA,42,50,45,1000,982,no,8,4050
2025-05-21T14:02:45.491843,KXBTCD-25MAY2118-T108249.99,DELTA,42,50,45,1000,983,yes,12,-2000
2025-05-21T14:02:45.491997,KXBTCD-25MAY2118-T108249.99,DELTA,42,50,45,1000,984,yes,12,-1000
2025-05-21T14:02:45.552435,KXBTCD-25MAY2118-T108249.99,DELTA,42,50,45,1000,985,no,7,-20000
2025-05-21T14:02:45.592711,KXBTCD-25MAY2118-T108249.99,DELTA,42,50,45,1000,986,yes,14,2000
2025-05-21T14:02:45.592840,KXBTCD-25MAY2118-T108249.99,DELTA,42,50,45,1000,987,yes,14,1000
2025-05-21T14:02:45.613639,KXBTCD-25MAY2118-T108249.99,DELTA,42,50,45,1000,988,no,9,20000
2025-05-21T14:02:46.392715,KXBTCD-25MAY2118-T108249.99,DELTA,42,50,45,1000,989,yes,13,-2492
2025-05-21T14:02:46.392994,KXBTCD-25MAY2118-T108249.99,DELTA,42,50,45,1000,990,yes,15,2160
2025-05-21T14:02:46.453781,KXBTCD-25MAY2118-T108249.99,DELTA,42,50,45,1000,991,no,8,-4050
2025-05-21T14:02:46.453960,KXBTCD-25MAY2118-T108249.99,DELTA,42,50,45,1000,992,no,10,3240
2025-05-21T14:02:46.472692,KXBTCD-25MAY2118-T108249.99,DELTA,42,50,45,1000,993,yes,14,-2000
2025-05-21T14:02:46.472827,KXBTCD-25MAY2118-T108249.99,DELTA,42,50,45,1000,994,yes,14,-1000
2025-05-21T14:02:46.531835,KXBTCD-25MAY2118-T108249.99,DELTA,42,50,45,1000,995,yes,16,2000
2025-05-21T14:02:46.531998,KXBTCD-25MAY2118-T108249.99,DELTA,42,50,45,1000,996,yes,16,1000
2025-05-21T14:02:46.552282,KXBTCD-25MAY2118-T108249.99,DELTA,42,50,45,1000,997,no,9,-20000
2025-05-21T14:02:46.637125,KXBTCD-25MAY2118-T108249.99,DELTA,42,50,45,1000,998,no,11,20000
2025-05-21T14:02:47.433042,KXBTCD-25MAY2118-T108249.99,DELTA,42,50,45,1000,999,yes,15,-2160
2025-05-21T14:02:47.433226,KXBTCD-25MAY2118-T108249.99,DELTA,42,50,45,1000,1000,yes,11,2945
2025-05-21T14:02:47.473502,KXBTCD-25MAY2118-T108249.99,DELTA,42,50,45,1000,1001,no,10,-3240
2025-05-21T14:02:47.473603,KXBTCD-25MAY2118-T108249.99,DELTA,42,50,45,1000,1002,no,12,2700
2025-05-21T14:02:47.512147,KXBTCD-25MAY2118-T108249.99,DELTA,42,50,45,1000,1003,yes,16,-2000
2025-05-21T14:02:47.512282,KXBTCD-25MAY2118-T108249.99,DELTA,42,50,45,1000,1004,yes,16,-1000
2025-05-21T14:02:47.557689,KXBTCD-25MAY2118-T108249.99,DELTA,42,50,45,1000,1005,no,11,-20000
2025-05-21T14:02:47.572002,KXBTCD-25MAY2118-T108249.99,DELTA,42,50,45,1000,1006,yes,12,2000
2025-05-21T14:02:47.572102,KXBTCD-25MAY2118-T108249.99,DELTA,42,50,45,1000,1007,yes,12,1000
2025-05-21T14:02:47.592376,KXBTCD-25MAY2118-T108249.99,DELTA,42,50,45,1000,1008,no,5,20000
2025-05-21T14:02:50.860386,KXBTCD-25MAY2118-T108249.99,DELTA,42,50,45,1000,1009,yes,11,-2945
2025-05-21T14:02:50.860926,KXBTCD-25MAY2118-T108249.99,DELTA,42,50,45,1000,1010,yes,13,2492
2025-05-21T14:02:50.912563,KXBTCD-25MAY2118-T108249.99,DELTA,42,50,45,1000,1011,no,12,-2700
2025-05-21T14:02:50.912708,KXBTCD-25MAY2118-T108249.99,DELTA,42,50,45,1000,1012,no,6,5400
2025-05-21T14:02:50.972126,KXBTCD-25MAY2118-T108249.99,DELTA,42,50,45,1000,1013,yes,12,-2000
2025-05-21T14:02:50.993312,KXBTCD-25MAY2118-T108249.99,DELTA,42,50,45,1000,1014,yes,12,-1000
2025-05-21T14:02:50.993572,KXBTCD-25MAY2118-T108249.99,DELTA,42,50,45,1000,1015,no,5,-20000
2025-05-21T14:02:51.074258,KXBTCD-25MAY2118-T108249.99,DELTA,42,50,45,1000,1016,yes,14,2000
2025-05-21T14:02:51.074412,KXBTCD-25MAY2118-T108249.99,DELTA,42,50,45,1000,1017,yes,14,1000
2025-05-21T14:02:51.092672,KXBTCD-25MAY2118-T108249.99,DELTA,42,50,45,1000,1018,no,7,20000
2025-05-21T14:02:54.412150,KXBTCD-25MAY2118-T108249.99,DELTA,42,50,45,1000,1019,yes,13,-2492
2025-05-21T14:02:54.412289,KXBTCD-25MAY2118-T108249.99,DELTA,42,50,45,1000,1020,yes,15,2160
2025-05-21T14:02:54.595570,KXBTCD-25MAY2118-T108249.99,DELTA,42,50,45,1000,1021,no,6,-5400
2025-05-21T14:02:54.595711,KXBTCD-25MAY2118-T108249.99,DELTA,42,50,45,1000,1022,no,8,4050
2025-05-21T14:02:54.595781,KXBTCD-25MAY2118-T108249.99,DELTA,42,50,45,1000,1023,yes,14,-2000
2025-05-21T14:02:54.712990,KXBTCD-25MAY2118-T108249.99,DELTA,42,50,45,1000,1024,yes,14,-1000
2025-05-21T14:02:54.792797,KXBTCD-25MAY2118-T108249.99,DELTA,42,50,45,1000,1025,no,7,-20000
2025-05-21T14:02:54.814076,KXBTCD-25MAY2118-T108249.99,DELTA,42,50,45,1000,1026,yes,16,1000
2025-05-21T14:02:54.814247,KXBTCD-25MAY2118-T108249.99,DELTA,42,50,45,1000,1027,yes,16,2000
2025-05-21T14:02:54.913189,KXBTCD-25MAY2118-T108249.99,DELTA,42,50,45,1000,1028,no,9,20000
2025-05-21T14:02:55.612045,KXBTCD-25MAY2118-T108249.99,DELTA,42,50,45,1000,1029,no,54,-2000
2025-05-21T14:02:55.694164,KXBTCD-25MAY2118-T108249.99,DELTA,42,50,45,1000,1030,no,54,-250
2025-05-21T14:02:55.814728,KXBTCD-25MAY2118-T108249.99,DELTA,42,50,45,1000,1031,no,54,1250
2025-05-21T14:02:55.815341,KXBTCD-25MAY2118-T108249.99,DELTA,42,50,45,3000,1032,no,55,2000
2025-05-21T14:02:55.816286,KXBTCD-25MAY2118-T108249.99,DELTA,42,50,45,3000,1033,no,54,-50
2025-05-21T14:02:55.816407,KXBTCD-25MAY2118-T108249.99,DELTA,42,50,45,3050,1034,no,55,50
2025-05-21T14:02:55.816485,KXBTCD-25MAY2118-T108249.99,DELTA,42,50,45,3050,1035,yes,15,-2160
2025-05-21T14:02:55.816550,KXBTCD-25MAY2118-T108249.99,DELTA,42,50,45,3050,1036,yes,11,2945
2025-05-21T14:02:56.013856,KXBTCD-25MAY2118-T108249.99,DELTA,42,50,45,3050,1037,yes,40,-300
2025-05-21T14:02:56.113258,KXBTCD-25MAY2118-T108249.99,DELTA,42,50,45,3050,1038,yes,16,-2000
2025-05-21T14:02:56.113371,KXBTCD-25MAY2118-T108249.99,DELTA,42,50,45,1050,1039,no,55,-2000
2025-05-21T14:02:56.113442,KXBTCD-25MAY2118-T108249.99,DELTA,42,50,45,1050,1040,no,8,-4050
2025-05-21T14:02:56.113505,KXBTCD-25MAY2118-T108249.99,DELTA,42,50,45,1050,1041,no,10,3240
2025-05-21T14:02:56.212625,KXBTCD-25MAY2118-T108249.99,DELTA,42,50,45,1050,1042,no,54,-1250
2025-05-21T14:02:56.214884,KXBTCD-25MAY2118-T108249.99,DELTA,42,50,45,1050,1043,yes,16,-1000
2025-05-21T14:02:56.293674,KXBTCD-25MAY2118-T108249.99,DELTA,42,50,45,1050,1044,no,52,-100
2025-05-21T14:02:56.293809,KXBTCD-25MAY2118-T108249.99,DELTA,42,50,45,1050,1045,no,31,2000
2025-05-21T14:02:56.493871,KXBTCD-25MAY2118-T108249.99,DELTA,42,50,45,1050,1046,yes,41,-100
2025-05-21T14:02:56.514927,KXBTCD-25MAY2118-T108249.99,DELTA,42,50,45,1050,1047,yes,12,1000
2025-05-21T14:02:56.515076,KXBTCD-25MAY2118-T108249.99,DELTA,42,50,45,1050,1048,yes,12,2000
2025-05-21T14:02:56.592161,KXBTCD-25MAY2118-T108249.99,DELTA,42,50,45,1050,1049,no,9,-20000
2025-05-21T14:02:57.092883,KXBTCD-25MAY2118-T108249.99,DELTA,42,50,45,50,1050,no,55,-1000
2025-05-21T14:02:57.093109,KXBTCD-25MAY2118-T108249.99,DELTA,42,50,45,50,1051,yes,19,-9
2025-05-21T14:02:57.093548,KXBTCD-25MAY2118-T108249.99,DELTA,42,50,45,50,1052,yes,32,9
2025-05-21T14:02:57.195946,KXBTCD-25MAY2118-T108249.99,DELTA,42,50,48,24,1053,no,55,-50
2025-05-21T14:02:57.196064,KXBTCD-25MAY2118-T108249.99,DELTA,42,50,48,24,1054,no,40,50
2025-05-21T14:02:57.213566,KXBTCD-25MAY2118-T108249.99,DELTA,42,50,44,1000,1055,no,56,1000
2025-05-21T14:02:57.738104,KXBTCD-25MAY2118-T108249.99,DELTA,42,50,44,1000,1056,no,11,20000
2025-05-21T14:02:57.738279,KXBTCD-25MAY2118-T108249.99,DELTA,42,50,44,1000,1057,yes,38,250
2025-05-21T14:02:57.813803,KXBTCD-25MAY2118-T108249.99,DELTA,42,50,44,1000,1058,no,40,-50
2025-05-21T14:02:57.814013,KXBTCD-25MAY2118-T108249.99,DELTA,42,50,44,1050,1059,no,56,50
2025-05-21T14:02:57.816708,KXBTCD-25MAY2118-T108249.99,DELTA,42,50,44,50,1060,no,56,-1000
2025-05-21T14:02:57.816804,KXBTCD-25MAY2118-T108249.99,DELTA,38,250,44,50,1061,yes,42,-50
2025-05-21T14:02:57.816873,KXBTCD-25MAY2118-T108249.99,DELTA,38,250,44,50,1062,yes,19,50
2025-05-21T14:02:57.818046,KXBTCD-25MAY2118-T108249.99,DELTA,38,250,44,50,1063,yes,31,-24
2025-05-21T14:02:57.818146,KXBTCD-25MAY2118-T108249.99,DELTA,38,250,44,50,1064,yes,32,24
2025-05-21T14:02:57.819266,KXBTCD-25MAY2118-T108249.99,DELTA,38,250,43,200,1065,no,57,200
2025-05-21T14:02:57.912664,KXBTCD-25MAY2118-T108249.99,DELTA,38,250,43,200,1066,yes,10,-200
2025-05-21T14:02:57.912789,KXBTCD-25MAY2118-T108249.99,DELTA,38,250,43,200,1067,yes,20,200
2025-05-21T14:02:57.992746,KXBTCD-25MAY2118-T108249.99,DELTA,38,250,43,200,1068,yes,11,-2945
2025-05-21T14:02:57.992930,KXBTCD-25MAY2118-T108249.99,DELTA,38,250,43,200,1069,yes,13,2492
2025-05-21T14:02:57.993249,KXBTCD-25MAY2118-T108249.99,DELTA,38,250,43,200,1070,yes,12,-1000
2025-05-21T14:02:57.993506,KXBTCD-25MAY2118-T108249.99,DELTA,38,250,43,200,1071,yes,19,9
2025-05-21T14:02:57.993586,KXBTCD-25MAY2118-T108249.99,DELTA,38,250,43,200,1072,yes,32,-9
2025-05-21T14:02:57.995348,KXBTCD-25MAY2118-T108249.99,DELTA,38,250,43,200,1073,no,52,-24
2025-05-21T14:02:58.000530,KXBTCD-25MAY2118-T108249.99,DELTA,38,250,43,200,1074,no,50,24
2025-05-21T14:02:58.293234,KXBTCD-25MAY2118-T108249.99,DELTA,38,250,43,200,1075,no,56,-50
2025-05-21T14:02:58.293428,KXBTCD-25MAY2118-T108249.99,DELTA,38,250,43,200,1076,no,54,50
2025-05-21T14:02:58.294691,KXBTCD-25MAY2118-T108249.99,DELTA,38,250,43,200,1077,yes,19,-50
2025-05-21T14:02:58.294772,KXBTCD-25MAY2118-T108249.99,DELTA,39,50,43,200,1078,yes,39,50
2025-05-21T14:02:58.296490,KXBTCD-25MAY2118-T108249.99,DELTA,39,50,43,200,1079,no,56,1000
2025-05-21T14:02:58.297440,KXBTCD-25MAY2118-T108249.99,DELTA,39,50,43,200,1080,no,10,-3240
2025-05-21T14:02:58.297501,KXBTCD-25MAY2118-T108249.99,DELTA,39,50,43,200,1081,no,12,2700
2025-05-21T14:02:58.297549,KXBTCD-25MAY2118-T108249.99,DELTA,39,50,43,200,1082,yes,12,-2000
2025-05-21T14:02:58.297600,KXBTCD-25MAY2118-T108249.99,DELTA,39,50,43,200,1083,yes,38,1000
2025-05-21T14:02:58.413908,KXBTCD-25MAY2118-T108249.99,DELTA,39,50,43,200,1084,yes,38,-250
2025-05-21T14:02:58.414079,KXBTCD-25MAY2118-T108249.99,DELTA,39,50,44,1000,1085,no,57,-200
2025-05-21T14:02:58.453261,KXBTCD-25MAY2118-T108249.99,DELTA,39,50,44,1000,1086,no,50,100
2025-05-21T14:02:58.471817,KXBTCD-25MAY2118-T108249.99,DELTA,42,100,44,1000,1087,yes,42,100
2025-05-21T14:02:58.593345,KXBTCD-25MAY2118-T108249.99,DELTA,42,100,44,1000,1088,yes,21,2000
2025-05-21T14:02:58.593490,KXBTCD-25MAY2118-T108249.99,DELTA,42,100,46,50,1089,no,56,-1000
2025-05-21T14:02:58.593570,KXBTCD-25MAY2118-T108249.99,DELTA,42,100,46,50,1090,yes,39,-50
2025-05-21T14:02:58.593635,KXBTCD-25MAY2118-T108249.99,DELTA,43,50,46,50,1091,yes,43,50
2025-05-21T14:02:58.595145,KXBTCD-25MAY2118-T108249.99,DELTA,43,150,46,50,1092,yes,43,100
2025-05-21T14:02:58.595233,KXBTCD-25MAY2118-T108249.99,DELTA,43,150,46,50,1093,yes,19,-9
