timestamp,market_ticker,type,yes_bid_price_cents,yes_bid_qty,yes_ask_price_cents,yes_ask_qty_on_no_side,sequence_num,delta_side,delta_price_cents,delta_quantity
2025-05-20T14:01:53.079396,KXBTCD-25MAY2018-T106749.99,SNAPSHOT,69,1014,73,100,1,,,
2025-05-20T14:01:53.346774,KXBTCD-25MAY2018-T106749.99,DELTA,69,1014,73,100,2,yes,66,100
2025-05-20T14:01:53.365650,KXBTCD-25MAY2018-T106749.99,DELTA,69,1014,70,150,3,no,30,150
2025-05-20T14:01:53.366140,KXBTCD-25MAY2018-T106749.99,DELTA,69,1014,70,150,4,no,6,-5400
2025-05-20T14:01:53.366374,KXBTCD-25MAY2018-T106749.99,DELTA,69,1014,70,150,5,no,5,6480
2025-05-20T14:01:53.406753,KXBTCD-25MAY2018-T106749.99,DELTA,69,1014,70,150,6,yes,41,-2000
2025-05-20T14:01:53.425775,KXBTCD-25MAY2018-T106749.99,DELTA,69,1014,70,150,7,no,7,-20000
2025-05-20T14:01:53.428234,KXBTCD-25MAY2018-T106749.99,DELTA,69,1014,70,150,8,no,7,-2000
2025-05-20T14:01:53.446640,KXBTCD-25MAY2018-T106749.99,DELTA,69,1014,70,150,9,yes,67,2000
2025-05-20T14:01:53.486000,KXBTCD-25MAY2018-T106749.99,DELTA,69,1014,70,150,10,no,6,2000
2025-05-20T14:01:53.486160,KXBTCD-25MAY2018-T106749.99,DELTA,69,1014,70,150,11,no,6,20000
2025-05-20T14:01:53.666512,KXBTCD-25MAY2018-T106749.99,DELTA,69,1014,70,150,12,yes,66,-100
2025-05-20T14:01:53.727052,KXBTCD-25MAY2018-T106749.99,DELTA,69,1014,70,150,13,yes,67,-2000
2025-05-20T14:01:53.766705,KXBTCD-25MAY2018-T106749.99,DELTA,69,1014,70,150,14,yes,65,250
2025-05-20T14:01:53.766979,KXBTCD-25MAY2018-T106749.99,DELTA,69,1014,70,150,15,yes,41,2000
2025-05-20T14:01:53.826874,KXBTCD-25MAY2018-T106749.99,DELTA,69,1014,70,150,16,yes,66,1250
2025-05-20T14:01:53.845851,KXBTCD-25MAY2018-T106749.99,DELTA,69,1014,70,150,17,yes,41,-2000
2025-05-20T14:01:53.886538,KXBTCD-25MAY2018-T106749.99,DELTA,69,1014,70,150,18,yes,66,2000
2025-05-20T14:01:54.346442,KXBTCD-25MAY2018-T106749.99,DELTA,69,1014,70,150,19,yes,66,-1250
2025-05-20T14:01:54.367045,KXBTCD-25MAY2018-T106749.99,DELTA,69,1014,70,150,20,yes,65,1250
2025-05-20T14:01:54.505795,KXBTCD-25MAY2018-T106749.99,DELTA,69,1014,70,150,21,no,5,-6480
2025-05-20T14:01:54.506058,KXBTCD-25MAY2018-T106749.99,DELTA,69,1014,70,150,22,no,6,5400
2025-05-20T14:01:54.566329,KXBTCD-25MAY2018-T106749.99,DELTA,69,1014,70,150,23,no,6,-20000
2025-05-20T14:01:54.566533,KXBTCD-25MAY2018-T106749.99,DELTA,69,1014,70,150,24,no,6,-2000
2025-05-20T14:01:54.606510,KXBTCD-25MAY2018-T106749.99,DELTA,69,1014,70,150,25,no,7,20000
2025-05-20T14:01:54.606709,KXBTCD-25MAY2018-T106749.99,DELTA,69,1014,70,150,26,no,7,2000
2025-05-20T14:01:55.666638,KXBTCD-25MAY2018-T106749.99,DELTA,69,1014,70,150,27,no,6,-5400
2025-05-20T14:01:55.667705,KXBTCD-25MAY2018-T106749.99,DELTA,69,1014,70,150,28,no,5,6480
2025-05-20T14:01:55.726851,KXBTCD-25MAY2018-T106749.99,DELTA,69,1014,70,150,29,no,7,-20000
2025-05-20T14:01:55.727691,KXBTCD-25MAY2018-T106749.99,DELTA,69,1014,70,150,30,no,7,-2000
2025-05-20T14:01:55.786078,KXBTCD-25MAY2018-T106749.99,DELTA,69,1014,70,150,31,no,6,2000
2025-05-20T14:01:55.786364,KXBTCD-25MAY2018-T106749.99,DELTA,69,1014,70,150,32,no,6,20000
2025-05-20T14:01:56.107668,KXBTCD-25MAY2018-T106749.99,DELTA,69,997,70,150,33,yes,69,-17
2025-05-20T14:01:56.827113,KXBTCD-25MAY2018-T106749.99,DELTA,69,997,70,150,34,no,5,-6480
2025-05-20T14:01:56.827545,KXBTCD-25MAY2018-T106749.99,DELTA,69,997,70,150,35,no,6,5400
2025-05-20T14:01:56.906745,KXBTCD-25MAY2018-T106749.99,DELTA,69,997,70,150,36,no,6,-20000
2025-05-20T14:01:56.907716,KXBTCD-25MAY2018-T106749.99,DELTA,69,997,70,150,37,no,6,-2000
2025-05-20T14:01:56.967529,KXBTCD-25MAY2018-T106749.99,DELTA,69,997,70,150,38,no,7,20000
2025-05-20T14:01:56.967797,KXBTCD-25MAY2018-T106749.99,DELTA,69,997,70,150,39,no,7,2000
2025-05-20T14:02:00.927107,KXBTCD-25MAY2018-T106749.99,DELTA,69,997,70,150,40,yes,66,-2000
2025-05-20T14:02:00.948951,KXBTCD-25MAY2018-T106749.99,DELTA,69,14,70,150,41,yes,69,-983
2025-05-20T14:02:00.949121,KXBTCD-25MAY2018-T106749.99,DELTA,69,14,70,150,42,yes,65,-1250
2025-05-20T14:02:00.986564,KXBTCD-25MAY2018-T106749.99,DELTA,69,14,70,150,43,yes,68,1000
2025-05-20T14:02:00.986721,KXBTCD-25MAY2018-T106749.99,DELTA,69,14,70,150,44,yes,65,2000
2025-05-20T14:02:01.148334,KXBTCD-25MAY2018-T106749.99,DELTA,69,14,70,150,45,yes,65,1250
2025-05-20T14:02:01.148591,KXBTCD-25MAY2018-T106749.99,DELTA,69,14,70,150,46,yes,65,-2000
2025-05-20T14:02:01.148699,KXBTCD-25MAY2018-T106749.99,DELTA,69,14,70,150,47,yes,68,-1000
2025-05-20T14:02:01.227597,KXBTCD-25MAY2018-T106749.99,DELTA,69,1014,70,150,48,yes,69,1000
2025-05-20T14:02:01.228585,KXBTCD-25MAY2018-T106749.99,DELTA,69,1014,70,150,49,yes,66,2000
2025-05-20T14:02:01.526297,KXBTCD-25MAY2018-T106749.99,DELTA,69,1014,70,150,50,no,6,-5400
2025-05-20T14:02:01.526511,KXBTCD-25MAY2018-T106749.99,DELTA,69,1014,70,150,51,no,5,6480
2025-05-20T14:02:01.608623,KXBTCD-25MAY2018-T106749.99,DELTA,69,1014,70,150,52,no,7,-20000
2025-05-20T14:02:01.608840,KXBTCD-25MAY2018-T106749.99,DELTA,69,1014,70,150,53,no,7,-2000
2025-05-20T14:02:01.646945,KXBTCD-25MAY2018-T106749.99,DELTA,69,1014,70,150,54,no,6,2000
2025-05-20T14:02:01.665072,KXBTCD-25MAY2018-T106749.99,DELTA,69,1014,70,150,55,no,6,20000
2025-05-20T14:02:03.866311,KXBTCD-25MAY2018-T106749.99,DELTA,69,1014,70,150,56,no,5,-6480
2025-05-20T14:02:03.867194,KXBTCD-25MAY2018-T106749.99,DELTA,69,1014,70,150,57,no,7,4628
2025-05-20T14:02:03.947431,KXBTCD-25MAY2018-T106749.99,DELTA,69,1014,70,150,58,no,6,-20000
2025-05-20T14:02:03.948642,KXBTCD-25MAY2018-T106749.99,DELTA,69,1014,70,150,59,no,6,-2000
2025-05-20T14:02:04.009194,KXBTCD-25MAY2018-T106749.99,DELTA,69,1014,70,150,60,no,8,2000
2025-05-20T14:02:04.027198,KXBTCD-25MAY2018-T106749.99,DELTA,69,1014,70,150,61,no,8,20000
2025-05-20T14:02:04.486587,KXBTCD-25MAY2018-T106749.99,DELTA,69,1014,70,150,62,yes,66,-2000
2025-05-20T14:02:04.506220,KXBTCD-25MAY2018-T106749.99,DELTA,69,14,70,150,63,yes,69,-1000
2025-05-20T14:02:04.506542,KXBTCD-25MAY2018-T106749.99,DELTA,69,14,70,150,64,yes,65,-1250
2025-05-20T14:02:04.527313,KXBTCD-25MAY2018-T106749.99,DELTA,69,14,70,150,65,no,22,-1000
2025-05-20T14:02:04.587155,KXBTCD-25MAY2018-T106749.99,DELTA,69,14,70,150,66,no,22,1000
2025-05-20T14:02:04.587315,KXBTCD-25MAY2018-T106749.99,DELTA,69,14,70,150,67,yes,65,2000
2025-05-20T14:02:04.587424,KXBTCD-25MAY2018-T106749.99,DELTA,69,14,70,150,68,yes,68,1000
2025-05-20T14:02:04.646568,KXBTCD-25MAY2018-T106749.99,DELTA,69,14,70,150,69,yes,68,-1000
2025-05-20T14:02:04.666233,KXBTCD-25MAY2018-T106749.99,DELTA,69,14,70,150,70,no,22,-1000
2025-05-20T14:02:04.726924,KXBTCD-25MAY2018-T106749.99,DELTA,69,14,70,150,71,no,27,1000
2025-05-20T14:02:04.727891,KXBTCD-25MAY2018-T106749.99,DELTA,69,14,70,150,72,yes,67,1000
2025-05-20T14:02:05.025850,KXBTCD-25MAY2018-T106749.99,DELTA,69,14,70,150,73,no,7,-4628
2025-05-20T14:02:05.026440,KXBTCD-25MAY2018-T106749.99,DELTA,69,14,70,150,74,no,5,6480
2025-05-20T14:02:05.087361,KXBTCD-25MAY2018-T106749.99,DELTA,69,14,70,150,75,no,8,-20000
2025-05-20T14:02:05.108076,KXBTCD-25MAY2018-T106749.99,DELTA,69,14,70,150,76,no,8,-2000
2025-05-20T14:02:05.147657,KXBTCD-25MAY2018-T106749.99,DELTA,69,14,70,150,77,no,6,20000
2025-05-20T14:02:05.148545,KXBTCD-25MAY2018-T106749.99,DELTA,69,14,70,150,78,no,6,2000
2025-05-20T14:02:05.367940,KXBTCD-25MAY2018-T106749.99,DELTA,69,14,70,150,79,yes,65,1250
2025-05-20T14:02:05.368880,KXBTCD-25MAY2018-T106749.99,DELTA,69,14,70,150,80,yes,65,-2000
2025-05-20T14:02:05.369421,KXBTCD-25MAY2018-T106749.99,DELTA,69,14,70,150,81,yes,67,-1000
2025-05-20T14:02:05.385957,KXBTCD-25MAY2018-T106749.99,DELTA,69,14,70,150,82,no,27,-1000
2025-05-20T14:02:05.447079,KXBTCD-25MAY2018-T106749.99,DELTA,69,14,70,150,83,no,22,1000
2025-05-20T14:02:05.448153,KXBTCD-25MAY2018-T106749.99,DELTA,69,1014,70,150,84,yes,69,1000
2025-05-20T14:02:05.448715,KXBTCD-25MAY2018-T106749.99,DELTA,69,1014,70,150,85,yes,66,2000
2025-05-20T14:02:06.147427,KXBTCD-25MAY2018-T106749.99,DELTA,69,1014,70,150,86,no,5,-6480
2025-05-20T14:02:06.147776,KXBTCD-25MAY2018-T106749.99,DELTA,69,1014,70,150,87,no,7,4628
2025-05-20T14:02:06.206696,KXBTCD-25MAY2018-T106749.99,DELTA,69,1014,70,150,88,no,6,-20000
2025-05-20T14:02:06.227749,KXBTCD-25MAY2018-T106749.99,DELTA,69,1014,70,150,89,no,6,-2000
2025-05-20T14:02:06.265827,KXBTCD-25MAY2018-T106749.99,DELTA,69,1014,70,150,90,no,8,20000
2025-05-20T14:02:06.285992,KXBTCD-25MAY2018-T106749.99,DELTA,69,1014,70,150,91,no,8,2000
2025-05-20T14:02:06.386150,KXBTCD-25MAY2018-T106749.99,DELTA,69,1014,70,150,92,yes,66,-2000
2025-05-20T14:02:06.386335,KXBTCD-25MAY2018-T106749.99,DELTA,69,14,70,150,93,yes,69,-1000
2025-05-20T14:02:06.405978,KXBTCD-25MAY2018-T106749.99,DELTA,69,14,70,150,94,yes,65,-1250
2025-05-20T14:02:06.406173,KXBTCD-25MAY2018-T106749.99,DELTA,69,14,70,150,95,no,22,-1000
2025-05-20T14:02:06.486927,KXBTCD-25MAY2018-T106749.99,DELTA,69,14,70,150,96,yes,65,2000
2025-05-20T14:02:06.487581,KXBTCD-25MAY2018-T106749.99,DELTA,69,14,70,150,97,yes,68,1000
2025-05-20T14:02:06.487994,KXBTCD-25MAY2018-T106749.99,DELTA,69,14,70,150,98,no,27,1000
2025-05-20T14:02:06.666269,KXBTCD-25MAY2018-T106749.99,DELTA,69,14,70,150,99,yes,65,-2000
2025-05-20T14:02:06.666682,KXBTCD-25MAY2018-T106749.99,DELTA,69,14,70,150,100,yes,68,-1000
2025-05-20T14:02:06.728574,KXBTCD-25MAY2018-T106749.99,DELTA,69,14,70,150,101,yes,41,2000
2025-05-20T14:02:06.728875,KXBTCD-25MAY2018-T106749.99,DELTA,69,14,70,150,102,yes,67,1000
2025-05-20T14:02:06.966152,KXBTCD-25MAY2018-T106749.99,DELTA,69,14,70,150,103,no,27,-1000
2025-05-20T14:02:07.006609,KXBTCD-25MAY2018-T106749.99,DELTA,69,14,70,150,104,no,28,1000
2025-05-20T14:02:07.288498,KXBTCD-25MAY2018-T106749.99,DELTA,69,14,70,150,105,no,7,-4628
2025-05-20T14:02:07.288795,KXBTCD-25MAY2018-T106749.99,DELTA,69,14,70,150,106,no,5,6480
2025-05-20T14:02:07.346231,KXBTCD-25MAY2018-T106749.99,DELTA,69,14,70,150,107,no,8,-20000
2025-05-20T14:02:07.346458,KXBTCD-25MAY2018-T106749.99,DELTA,69,14,70,150,108,no,8,-2000
2025-05-20T14:02:07.425682,KXBTCD-25MAY2018-T106749.99,DELTA,69,14,70,150,109,no,6,2000
2025-05-20T14:02:07.425977,KXBTCD-25MAY2018-T106749.99,DELTA,69,14,70,150,110,no,6,20000
2025-05-20T14:02:08.425331,KXBTCD-25MAY2018-T106749.99,DELTA,69,14,70,150,111,no,5,-6480
2025-05-20T14:02:08.425543,KXBTCD-25MAY2018-T106749.99,DELTA,69,14,70,150,112,no,6,5400
2025-05-20T14:02:08.485981,KXBTCD-25MAY2018-T106749.99,DELTA,69,14,70,150,113,no,6,-20000
2025-05-20T14:02:08.505292,KXBTCD-25MAY2018-T106749.99,DELTA,69,14,70,150,114,no,6,-2000
2025-05-20T14:02:08.525841,KXBTCD-25MAY2018-T106749.99,DELTA,69,14,70,150,115,no,23,-9
2025-05-20T14:02:08.546383,KXBTCD-25MAY2018-T106749.99,DELTA,69,14,70,150,116,no,7,2000
2025-05-20T14:02:08.546569,KXBTCD-25MAY2018-T106749.99,DELTA,69,14,70,150,117,no,7,20000
2025-05-20T14:02:10.848209,KXBTCD-25MAY2018-T106749.99,DELTA,69,14,70,150,118,yes,65,1250
2025-05-20T14:02:10.848663,KXBTCD-25MAY2018-T106749.99,DELTA,69,14,70,150,119,yes,41,-2000
2025-05-20T14:02:10.866925,KXBTCD-25MAY2018-T106749.99,DELTA,69,14,70,150,120,yes,67,-1000
2025-05-20T14:02:10.867089,KXBTCD-25MAY2018-T106749.99,DELTA,69,14,70,150,121,no,28,-1000
2025-05-20T14:02:10.927395,KXBTCD-25MAY2018-T106749.99,DELTA,69,14,70,150,122,no,22,1000
2025-05-20T14:02:10.928208,KXBTCD-25MAY2018-T106749.99,DELTA,69,1014,70,150,123,yes,69,1000
2025-05-20T14:02:10.928468,KXBTCD-25MAY2018-T106749.99,DELTA,69,1014,70,150,124,yes,66,2000
2025-05-20T14:02:11.652727,KXBTCD-25MAY2018-T106749.99,DELTA,69,1014,70,150,125,yes,66,-100
2025-05-20T14:02:11.653302,KXBTCD-25MAY2018-T106749.99,DELTA,69,1014,70,150,126,no,27,-100
2025-05-20T14:02:12.986881,KXBTCD-25MAY2018-T106749.99,DELTA,69,1014,70,150,127,yes,66,100
2025-05-20T14:02:12.987176,KXBTCD-25MAY2018-T106749.99,DELTA,69,1014,70,150,128,no,26,100
2025-05-20T14:02:13.026471,KXBTCD-25MAY2018-T106749.99,DELTA,69,1014,70,150,129,no,6,-5400
2025-05-20T14:02:13.026780,KXBTCD-25MAY2018-T106749.99,DELTA,69,1014,70,150,130,no,7,4628
2025-05-20T14:02:13.107753,KXBTCD-25MAY2018-T106749.99,DELTA,69,1014,70,150,131,no,23,9
2025-05-20T14:02:13.167275,KXBTCD-25MAY2018-T106749.99,DELTA,69,1014,70,150,132,no,22,-1000
2025-05-20T14:02:13.247705,KXBTCD-25MAY2018-T106749.99,DELTA,69,1014,70,150,133,no,26,1000
2025-05-20T14:02:13.286599,KXBTCD-25MAY2018-T106749.99,DELTA,69,1014,70,150,134,no,7,-20000
2025-05-20T14:02:13.287088,KXBTCD-25MAY2018-T106749.99,DELTA,69,1014,70,150,135,no,7,-2000
2025-05-20T14:02:13.366276,KXBTCD-25MAY2018-T106749.99,DELTA,69,1014,70,150,136,no,8,2000
2025-05-20T14:02:13.367063,KXBTCD-25MAY2018-T106749.99,DELTA,69,1014,70,150,137,no,8,20000
2025-05-20T14:02:15.207387,KXBTCD-25MAY2018-T106749.99,DELTA,69,1014,74,1100,138,no,30,-150
2025-05-20T14:02:15.247959,KXBTCD-25MAY2018-T106749.99,DELTA,69,1014,71,300,139,no,29,300
2025-05-20T14:02:15.308163,KXBTCD-25MAY2018-T106749.99,DELTA,69,1014,71,300,140,no,23,-9
2025-05-20T14:02:15.586556,KXBTCD-25MAY2018-T106749.99,DELTA,69,1014,71,300,141,no,7,-4628
2025-05-20T14:02:15.587384,KXBTCD-25MAY2018-T106749.99,DELTA,69,1014,71,300,142,no,9,3600
2025-05-20T14:02:15.667152,KXBTCD-25MAY2018-T106749.99,DELTA,69,1014,71,300,143,no,8,-20000
2025-05-20T14:02:15.667821,KXBTCD-25MAY2018-T106749.99,DELTA,69,1014,71,300,144,no,10,1250
2025-05-20T14:02:15.668257,KXBTCD-25MAY2018-T106749.99,DELTA,69,1014,71,300,145,no,8,-2000
2025-05-20T14:02:15.726862,KXBTCD-25MAY2018-T106749.99,DELTA,69,1014,71,300,146,no,10,2000
2025-05-20T14:02:15.745943,KXBTCD-25MAY2018-T106749.99,DELTA,69,1014,71,300,147,no,10,20000
2025-05-20T14:02:15.986345,KXBTCD-25MAY2018-T106749.99,DELTA,69,1014,71,300,148,no,26,-1000
2025-05-20T14:02:16.046715,KXBTCD-25MAY2018-T106749.99,DELTA,69,1014,71,300,149,no,22,1000
2025-05-20T14:02:16.725418,KXBTCD-25MAY2018-T106749.99,DELTA,69,1014,71,300,150,no,9,-3600
2025-05-20T14:02:16.725541,KXBTCD-25MAY2018-T106749.99,DELTA,69,1014,71,300,151,no,5,6480
2025-05-20T14:02:16.785560,KXBTCD-25MAY2018-T106749.99,DELTA,69,1014,71,300,152,no,10,-20000
2025-05-20T14:02:16.807757,KXBTCD-25MAY2018-T106749.99,DELTA,69,1014,71,300,153,no,10,-2000
2025-05-20T14:02:16.807879,KXBTCD-25MAY2018-T106749.99,DELTA,69,1014,71,300,154,no,10,-1250
2025-05-20T14:02:16.865759,KXBTCD-25MAY2018-T106749.99,DELTA,69,1014,71,300,155,no,6,2000
2025-05-20T14:02:16.865925,KXBTCD-25MAY2018-T106749.99,DELTA,69,1014,71,300,156,no,6,20000
2025-05-20T14:02:17.227953,KXBTCD-25MAY2018-T106749.99,DELTA,69,1014,71,300,157,no,13,10
2025-05-20T14:02:17.326168,KXBTCD-25MAY2018-T106749.99,DELTA,69,1014,71,300,158,no,23,9
2025-05-20T14:02:17.848286,KXBTCD-25MAY2018-T106749.99,DELTA,69,1014,71,300,159,no,5,-6480
2025-05-20T14:02:17.848736,KXBTCD-25MAY2018-T106749.99,DELTA,69,1014,71,300,160,no,7,4628
2025-05-20T14:02:17.907051,KXBTCD-25MAY2018-T106749.99,DELTA,69,1014,71,300,161,no,6,-20000
2025-05-20T14:02:17.908115,KXBTCD-25MAY2018-T106749.99,DELTA,69,1014,71,300,162,no,6,-2000
2025-05-20T14:02:17.968514,KXBTCD-25MAY2018-T106749.99,DELTA,69,1014,71,300,163,no,8,20000
2025-05-20T14:02:17.969348,KXBTCD-25MAY2018-T106749.99,DELTA,69,1014,71,300,164,no,8,2000
2025-05-20T14:02:19.047712,KXBTCD-25MAY2018-T106749.99,DELTA,69,1014,71,300,165,no,7,-4628
2025-05-20T14:02:19.049001,KXBTCD-25MAY2018-T106749.99,DELTA,69,1014,71,300,166,no,9,3600
2025-05-20T14:02:19.111357,KXBTCD-25MAY2018-T106749.99,DELTA,69,1014,71,300,167,no,8,-20000
2025-05-20T14:02:19.127531,KXBTCD-25MAY2018-T106749.99,DELTA,69,1014,71,300,168,no,8,-2000
2025-05-20T14:02:19.128298,KXBTCD-25MAY2018-T106749.99,DELTA,69,1014,71,300,169,no,10,1250
2025-05-20T14:02:19.166770,KXBTCD-25MAY2018-T106749.99,DELTA,69,1014,71,300,170,no,10,20000
2025-05-20T14:02:19.186496,KXBTCD-25MAY2018-T106749.99,DELTA,69,1014,71,300,171,no,10,2000
2025-05-20T14:02:20.188136,KXBTCD-25MAY2018-T106749.99,DELTA,69,1014,71,300,172,no,9,-3600
2025-05-20T14:02:20.189175,KXBTCD-25MAY2018-T106749.99,DELTA,69,1014,71,300,173,no,5,6480
2025-05-20T14:02:20.246814,KXBTCD-25MAY2018-T106749.99,DELTA,69,1014,71,300,174,no,10,-20000
2025-05-20T14:02:20.268034,KXBTCD-25MAY2018-T106749.99,DELTA,69,1014,71,300,175,no,10,-2000
2025-05-20T14:02:20.269111,KXBTCD-25MAY2018-T106749.99,DELTA,69,1014,71,300,176,no,10,-1250
2025-05-20T14:02:20.307273,KXBTCD-25MAY2018-T106749.99,DELTA,69,1014,71,300,177,no,6,2000
2025-05-20T14:02:20.307791,KXBTCD-25MAY2018-T106749.99,DELTA,69,1014,71,300,178,no,6,20000
2025-05-20T14:02:20.467437,KXBTCD-25MAY2018-T106749.99,DELTA,69,1014,71,300,179,no,22,-1000
2025-05-20T14:02:20.506362,KXBTCD-25MAY2018-T106749.99,DELTA,69,1014,71,300,180,no,26,1000
2025-05-20T14:02:21.167200,KXBTCD-25MAY2018-T106749.99,DELTA,69,1014,71,300,181,no,26,-1000
2025-05-20T14:02:21.207603,KXBTCD-25MAY2018-T106749.99,DELTA,69,1014,71,300,182,no,22,1000
2025-05-20T14:02:21.227738,KXBTCD-25MAY2018-T106749.99,DELTA,69,1014,71,300,183,yes,65,-250
2025-05-20T14:02:21.246744,KXBTCD-25MAY2018-T106749.99,DELTA,69,1014,71,300,184,yes,67,50
2025-05-20T14:02:21.287220,KXBTCD-25MAY2018-T106749.99,DELTA,69,1014,71,300,185,yes,66,-2000
2025-05-20T14:02:21.288160,KXBTCD-25MAY2018-T106749.99,DELTA,69,1014,71,300,186,yes,65,-1250
2025-05-20T14:02:21.346938,KXBTCD-25MAY2018-T106749.99,DELTA,69,1014,71,300,187,yes,41,2000
2025-05-20T14:02:21.792628,KXBTCD-25MAY2018-T106749.99,DELTA,69,1014,71,300,188,no,26,-100
2025-05-20T14:02:23.027515,KXBTCD-25MAY2018-T106749.99,DELTA,69,1014,71,300,189,no,26,100
2025-05-20T14:02:23.028319,KXBTCD-25MAY2018-T106749.99,DELTA,69,1014,71,300,190,yes,67,-50
2025-05-20T14:02:23.068469,KXBTCD-25MAY2018-T106749.99,DELTA,69,1014,71,300,191,yes,66,300
2025-05-20T14:02:23.126362,KXBTCD-25MAY2018-T106749.99,DELTA,69,1014,71,300,192,yes,41,-2000
2025-05-20T14:02:23.168048,KXBTCD-25MAY2018-T106749.99,DELTA,69,1014,71,300,193,yes,67,2000
2025-05-20T14:02:23.246879,KXBTCD-25MAY2018-T106749.99,DELTA,69,1014,71,300,194,yes,66,1250
2025-05-20T14:02:24.167686,KXBTCD-25MAY2018-T106749.99,DELTA,69,1014,71,284,195,no,29,-16
2025-05-20T14:02:25.366980,KXBTCD-25MAY2018-T106749.99,DELTA,69,1014,71,284,196,no,26,-100
2025-05-20T14:02:26.549272,KXBTCD-25MAY2018-T106749.99,DELTA,69,1014,71,284,197,no,5,-6480
2025-05-20T14:02:26.549980,KXBTCD-25MAY2018-T106749.99,DELTA,69,1014,71,284,198,no,7,4628
2025-05-20T14:02:26.567048,KXBTCD-25MAY2018-T106749.99,DELTA,69,1014,71,284,199,no,26,100
2025-05-20T14:02:26.647062,KXBTCD-25MAY2018-T106749.99,DELTA,69,1014,71,284,200,no,6,-20000
2025-05-20T14:02:26.647701,KXBTCD-25MAY2018-T106749.99,DELTA,69,1014,71,284,201,no,8,1250
2025-05-20T14:02:26.648215,KXBTCD-25MAY2018-T106749.99,DELTA,69,1014,71,284,202,no,6,-2000
2025-05-20T14:02:26.667686,KXBTCD-25MAY2018-T106749.99,DELTA,69,1014,71,284,203,yes,67,-2000
2025-05-20T14:02:26.668218,KXBTCD-25MAY2018-T106749.99,DELTA,69,1014,71,284,204,yes,66,-1250
2025-05-20T14:02:26.689024,KXBTCD-25MAY2018-T106749.99,DELTA,69,1014,71,284,205,no,22,-1000
2025-05-20T14:02:26.689612,KXBTCD-25MAY2018-T106749.99,DELTA,69,1014,71,284,206,no,8,2000
2025-05-20T14:02:26.690373,KXBTCD-25MAY2018-T106749.99,DELTA,69,1014,71,284,207,no,8,20000
2025-05-20T14:02:26.705797,KXBTCD-25MAY2018-T106749.99,DELTA,69,1014,71,284,208,no,8,-1250
2025-05-20T14:02:26.726324,KXBTCD-25MAY2018-T106749.99,DELTA,69,1014,71,284,209,yes,66,1250
2025-05-20T14:02:26.727146,KXBTCD-25MAY2018-T106749.99,DELTA,69,1014,71,284,210,yes,67,2000
2025-05-20T14:02:26.766496,KXBTCD-25MAY2018-T106749.99,DELTA,69,1014,71,284,211,no,8,1250
2025-05-20T14:02:26.767378,KXBTCD-25MAY2018-T106749.99,DELTA,69,1014,71,284,212,no,22,1000
2025-05-20T14:02:28.140214,KXBTCD-25MAY2018-T106749.99,DELTA,69,1014,71,284,213,yes,67,-2000
2025-05-20T14:02:28.141362,KXBTCD-25MAY2018-T106749.99,DELTA,69,1014,71,284,214,yes,66,-1250
2025-05-20T14:02:28.142326,KXBTCD-25MAY2018-T106749.99,DELTA,69,1014,71,284,215,no,22,-1000
2025-05-20T14:02:28.146049,KXBTCD-25MAY2018-T106749.99,DELTA,69,1014,71,284,216,no,8,-1250
2025-05-20T14:02:28.186841,KXBTCD-25MAY2018-T106749.99,DELTA,69,1014,71,284,217,no,26,1000
2025-05-20T14:02:28.207021,KXBTCD-25MAY2018-T106749.99,DELTA,69,1014,71,284,218,yes,66,2000
2025-05-20T14:02:28.466414,KXBTCD-25MAY2018-T106749.99,DELTA,69,1014,71,284,219,yes,66,-300
2025-05-20T14:02:28.506129,KXBTCD-25MAY2018-T106749.99,DELTA,69,1014,71,284,220,yes,65,300
2025-05-20T14:02:28.526637,KXBTCD-25MAY2018-T106749.99,DELTA,69,1014,71,284,221,yes,66,-2000
2025-05-20T14:02:28.566650,KXBTCD-25MAY2018-T106749.99,DELTA,69,1014,71,284,222,yes,65,1250
2025-05-20T14:02:28.586743,KXBTCD-25MAY2018-T106749.99,DELTA,69,1014,71,284,223,yes,66,2000
2025-05-20T14:02:29.307702,KXBTCD-25MAY2018-T106749.99,DELTA,69,1014,71,284,224,yes,66,-2000
2025-05-20T14:02:29.326977,KXBTCD-25MAY2018-T106749.99,DELTA,69,14,71,284,225,yes,69,-1000
2025-05-20T14:02:29.328754,KXBTCD-25MAY2018-T106749.99,DELTA,69,14,71,284,226,yes,65,-1250
2025-05-20T14:02:29.377040,KXBTCD-25MAY2018-T106749.99,DELTA,69,14,71,284,227,yes,65,2000
2025-05-20T14:02:29.377389,KXBTCD-25MAY2018-T106749.99,DELTA,69,14,71,284,228,yes,68,1000
2025-05-20T14:02:29.386034,KXBTCD-25MAY2018-T106749.99,DELTA,69,14,71,284,229,no,26,-100
2025-05-20T14:02:29.446528,KXBTCD-25MAY2018-T106749.99,DELTA,69,14,71,284,230,no,26,-1000
2025-05-20T14:02:29.486071,KXBTCD-25MAY2018-T106749.99,DELTA,69,14,71,284,231,no,22,1000
2025-05-20T14:02:29.706899,KXBTCD-25MAY2018-T106749.99,DELTA,69,14,71,284,232,no,7,-4628
2025-05-20T14:02:29.707810,KXBTCD-25MAY2018-T106749.99,DELTA,69,14,71,284,233,no,9,3600
2025-05-20T14:02:29.767553,KXBTCD-25MAY2018-T106749.99,DELTA,69,14,71,284,234,no,8,-20000
2025-05-20T14:02:29.768538,KXBTCD-25MAY2018-T106749.99,DELTA,69,14,71,284,235,no,10,1250
2025-05-20T14:02:29.769336,KXBTCD-25MAY2018-T106749.99,DELTA,69,14,71,284,236,no,8,-2000
2025-05-20T14:02:29.807987,KXBTCD-25MAY2018-T106749.99,DELTA,69,14,71,284,237,no,10,20000
2025-05-20T14:02:29.809005,KXBTCD-25MAY2018-T106749.99,DELTA,69,14,71,284,238,no,10,2000
2025-05-20T14:02:29.888248,KXBTCD-25MAY2018-T106749.99,DELTA,69,44,71,284,239,yes,69,30
2025-05-20T14:02:29.889222,KXBTCD-25MAY2018-T106749.99,DELTA,69,44,71,284,240,yes,68,-30
2025-05-20T14:02:29.890120,KXBTCD-25MAY2018-T106749.99,DELTA,69,44,71,284,241,no,21,-30
2025-05-20T14:02:29.890610,KXBTCD-25MAY2018-T106749.99,DELTA,69,44,71,284,242,no,19,30
2025-05-20T14:02:29.891088,KXBTCD-25MAY2018-T106749.99,DELTA,69,44,71,284,243,yes,65,-2000
2025-05-20T14:02:29.908700,KXBTCD-25MAY2018-T106749.99,DELTA,69,44,71,284,244,yes,68,-1000
2025-05-20T14:02:29.909567,KXBTCD-25MAY2018-T106749.99,DELTA,69,44,71,284,245,yes,65,1250
2025-05-20T14:02:29.911805,KXBTCD-25MAY2018-T106749.99,DELTA,69,44,71,284,246,no,10,-1250
2025-05-20T14:02:29.912395,KXBTCD-25MAY2018-T106749.99,DELTA,69,44,71,284,247,no,22,-1000
2025-05-20T14:02:29.912871,KXBTCD-25MAY2018-T106749.99,DELTA,69,44,71,284,248,no,10,-20000
2025-05-20T14:02:29.913522,KXBTCD-25MAY2018-T106749.99,DELTA,69,44,71,284,249,yes,65,-1250
2025-05-20T14:02:29.914514,KXBTCD-25MAY2018-T106749.99,DELTA,69,44,71,284,250,no,10,-2000
2025-05-20T14:02:29.926528,KXBTCD-25MAY2018-T106749.99,DELTA,69,30,71,284,251,yes,69,-14
2025-05-20T14:02:29.987442,KXBTCD-25MAY2018-T106749.99,DELTA,69,30,71,270,252,no,29,-14
2025-05-20T14:02:29.988298,KXBTCD-25MAY2018-T106749.99,DELTA,69,30,71,270,253,no,21,-14
2025-05-20T14:02:29.989348,KXBTCD-25MAY2018-T106749.99,DELTA,69,30,71,270,254,no,19,14
2025-05-20T14:02:29.989945,KXBTCD-25MAY2018-T106749.99,DELTA,69,30,71,270,255,yes,65,-300
2025-05-20T14:02:30.047882,KXBTCD-25MAY2018-T106749.99,DELTA,69,30,77,9,256,no,29,-270
2025-05-20T14:02:30.048484,KXBTCD-25MAY2018-T106749.99,DELTA,69,30,77,9,257,no,19,-14
2025-05-20T14:02:30.186901,KXBTCD-25MAY2018-T106749.99,DELTA,69,30,77,9,258,yes,68,14
2025-05-20T14:02:30.207435,KXBTCD-25MAY2018-T106749.99,DELTA,69,30,77,23,259,no,23,14
2025-05-20T14:02:30.208239,KXBTCD-25MAY2018-T106749.99,DELTA,69,30,74,100,260,no,26,100
2025-05-20T14:02:30.306696,KXBTCD-25MAY2018-T106749.99,DELTA,69,30,74,100,261,no,23,-9
2025-05-20T14:02:30.386760,KXBTCD-25MAY2018-T106749.99,DELTA,69,30,74,100,262,no,14,9
2025-05-20T14:02:30.406779,KXBTCD-25MAY2018-T106749.99,DELTA,69,30,74,100,263,yes,50,9
2025-05-20T14:02:30.487601,KXBTCD-25MAY2018-T106749.99,DELTA,69,80,74,100,264,yes,69,50
2025-05-20T14:02:30.590436,KXBTCD-25MAY2018-T106749.99,DELTA,69,80,73,200,265,no,27,200
2025-05-20T14:02:30.608582,KXBTCD-25MAY2018-T106749.99,DELTA,69,80,73,200,266,no,20,1000
2025-05-20T14:02:30.609482,KXBTCD-25MAY2018-T106749.99,DELTA,69,80,73,200,267,yes,41,2000
2025-05-20T14:02:30.610086,KXBTCD-25MAY2018-T106749.99,DELTA,70,1000,73,200,268,yes,70,1000
2025-05-20T14:02:30.687754,KXBTCD-25MAY2018-T106749.99,DELTA,70,1000,73,200,269,yes,66,-100
2025-05-20T14:02:30.707077,KXBTCD-25MAY2018-T106749.99,DELTA,70,1000,73,200,270,no,26,-100
2025-05-20T14:02:30.807978,KXBTCD-25MAY2018-T106749.99,DELTA,70,1000,73,200,271,yes,69,-50
2025-05-20T14:02:31.008580,KXBTCD-25MAY2018-T106749.99,DELTA,70,1000,73,200,272,yes,68,300
2025-05-20T14:02:31.086126,KXBTCD-25MAY2018-T106749.99,DELTA,70,1000,73,200,273,no,9,-3600
2025-05-20T14:02:31.086281,KXBTCD-25MAY2018-T106749.99,DELTA,70,1000,73,200,274,no,5,6480
2025-05-20T14:02:31.108136,KXBTCD-25MAY2018-T106749.99,DELTA,70,1000,73,200,275,yes,41,-2000
2025-05-20T14:02:31.309374,KXBTCD-25MAY2018-T106749.99,DELTA,70,1000,73,200,276,yes,68,-300
2025-05-20T14:02:31.393892,KXBTCD-25MAY2018-T106749.99,DELTA,70,1000,77,14,277,no,27,-200
2025-05-20T14:02:31.709097,KXBTCD-25MAY2018-T106749.99,DELTA,70,1000,77,14,278,yes,41,2000
2025-05-20T14:02:31.709610,KXBTCD-25MAY2018-T106749.99,DELTA,70,1000,77,14,279,no,6,2000
2025-05-20T14:02:31.710296,KXBTCD-25MAY2018-T106749.99,DELTA,70,1000,77,14,280,no,6,20000
2025-05-20T14:02:31.910345,KXBTCD-25MAY2018-T106749.99,DELTA,70,1000,77,14,281,yes,67,200
2025-05-20T14:02:32.012760,KXBTCD-25MAY2018-T106749.99,DELTA,70,1000,77,14,282,yes,41,-2000
2025-05-20T14:02:32.013697,KXBTCD-25MAY2018-T106749.99,DELTA,70,1000,71,50,283,no,29,50
2025-05-20T14:02:32.286712,KXBTCD-25MAY2018-T106749.99,DELTA,70,1000,71,50,284,yes,68,2000
2025-05-20T14:02:32.487429,KXBTCD-25MAY2018-T106749.99,DELTA,70,1000,71,50,285,yes,67,100
2025-05-20T14:02:32.508461,KXBTCD-25MAY2018-T106749.99,DELTA,70,1000,71,50,286,no,24,9
2025-05-20T14:02:32.509119,KXBTCD-25MAY2018-T106749.99,DELTA,70,1000,71,50,287,no,14,-9
2025-05-20T14:02:32.509877,KXBTCD-25MAY2018-T106749.99,DELTA,70,1000,71,50,288,yes,50,-9
2025-05-20T14:02:32.510815,KXBTCD-25MAY2018-T106749.99,DELTA,70,1000,71,50,289,no,25,100
2025-05-20T14:02:32.706288,KXBTCD-25MAY2018-T106749.99,DELTA,70,1000,71,50,290,yes,67,1250
2025-05-20T14:02:32.788518,KXBTCD-25MAY2018-T106749.99,DELTA,70,1000,71,50,291,no,5,-6480
2025-05-20T14:02:32.789620,KXBTCD-25MAY2018-T106749.99,DELTA,70,1000,71,50,292,no,7,4628
2025-05-20T14:02:33.088422,KXBTCD-25MAY2018-T106749.99,DELTA,70,1000,71,50,293,no,6,-20000
2025-05-20T14:02:33.090004,KXBTCD-25MAY2018-T106749.99,DELTA,70,1000,71,50,294,no,6,-2000
2025-05-20T14:02:33.107068,KXBTCD-25MAY2018-T106749.99,DELTA,70,1000,71,50,295,no,8,1250
2025-05-20T14:02:33.206862,KXBTCD-25MAY2018-T106749.99,DELTA,70,1000,71,50,296,no,8,20000
2025-05-20T14:02:33.227025,KXBTCD-25MAY2018-T106749.99,DELTA,70,1000,71,50,297,no,8,2000
2025-05-20T14:02:34.066904,KXBTCD-25MAY2018-T106749.99,DELTA,70,1000,75,100,298,no,29,-50
2025-05-20T14:02:34.087554,KXBTCD-25MAY2018-T106749.99,DELTA,70,1000,72,300,299,no,28,300
2025-05-20T14:02:34.128134,KXBTCD-25MAY2018-T106749.99,DELTA,70,1000,72,300,300,no,7,-4628
2025-05-20T14:02:34.129134,KXBTCD-25MAY2018-T106749.99,DELTA,70,1000,72,300,301,no,8,4050
2025-05-20T14:02:34.187226,KXBTCD-25MAY2018-T106749.99,DELTA,70,1000,72,300,302,no,8,-20000
2025-05-20T14:02:34.207173,KXBTCD-25MAY2018-T106749.99,DELTA,70,1000,72,300,303,no,8,-2000
2025-05-20T14:02:34.207982,KXBTCD-25MAY2018-T106749.99,DELTA,70,1000,72,300,304,no,8,-1250
2025-05-20T14:02:34.267275,KXBTCD-25MAY2018-T106749.99,DELTA,70,1000,72,300,305,no,9,1250
2025-05-20T14:02:34.286970,KXBTCD-25MAY2018-T106749.99,DELTA,70,1000,72,300,306,no,9,20000
2025-05-20T14:02:34.287817,KXBTCD-25MAY2018-T106749.99,DELTA,70,1000,72,300,307,no,9,2000
2025-05-20T14:02:35.266418,KXBTCD-25MAY2018-T106749.99,DELTA,70,1000,72,300,308,no,8,-4050
2025-05-20T14:02:35.266752,KXBTCD-25MAY2018-T106749.99,DELTA,70,1000,72,300,309,no,5,6480
2025-05-20T14:02:35.326161,KXBTCD-25MAY2018-T106749.99,DELTA,70,1000,72,300,310,no,9,-20000
2025-05-20T14:02:35.326919,KXBTCD-25MAY2018-T106749.99,DELTA,70,1000,72,300,311,no,9,-2000
2025-05-20T14:02:35.347237,KXBTCD-25MAY2018-T106749.99,DELTA,70,1000,72,300,312,no,9,-1250
2025-05-20T14:02:35.367318,KXBTCD-25MAY2018-T106749.99,DELTA,70,1000,72,300,313,no,21,9
2025-05-20T14:02:35.368410,KXBTCD-25MAY2018-T106749.99,DELTA,70,1000,72,300,314,no,24,-9
2025-05-20T14:02:35.385531,KXBTCD-25MAY2018-T106749.99,DELTA,70,1000,72,300,315,no,6,2000
2025-05-20T14:02:35.386336,KXBTCD-25MAY2018-T106749.99,DELTA,70,1000,72,300,316,no,6,20000
2025-05-20T14:02:36.247769,KXBTCD-25MAY2018-T106749.99,DELTA,70,1000,72,300,317,no,6,1250
2025-05-20T14:02:36.248961,KXBTCD-25MAY2018-T106749.99,DELTA,70,1000,72,300,318,yes,67,-1250
2025-05-20T14:02:36.347608,KXBTCD-25MAY2018-T106749.99,DELTA,70,1000,72,300,319,yes,68,1250
2025-05-20T14:02:36.426726,KXBTCD-25MAY2018-T106749.99,DELTA,70,1000,72,300,320,no,25,-100
2025-05-20T14:02:36.467054,KXBTCD-25MAY2018-T106749.99,DELTA,70,1000,77,14,321,no,28,-300
2025-05-20T14:02:36.508179,KXBTCD-25MAY2018-T106749.99,DELTA,70,1000,73,300,322,no,27,300
2025-05-20T14:02:36.646693,KXBTCD-25MAY2018-T106749.99,DELTA,71,30,73,300,323,yes,71,30
2025-05-20T14:02:36.666585,KXBTCD-25MAY2018-T106749.99,DELTA,71,30,73,300,324,yes,69,-30
2025-05-20T14:02:36.668385,KXBTCD-25MAY2018-T106749.99,DELTA,71,30,73,300,325,no,18,30
2025-05-20T14:02:36.669012,KXBTCD-25MAY2018-T106749.99,DELTA,71,30,73,300,326,yes,67,-200
2025-05-20T14:02:36.669494,KXBTCD-25MAY2018-T106749.99,DELTA,71,30,73,300,327,no,19,-30
2025-05-20T14:02:36.706753,KXBTCD-25MAY2018-T106749.99,DELTA,71,30,73,300,328,yes,69,50
2025-05-20T14:02:36.707852,KXBTCD-25MAY2018-T106749.99,DELTA,71,30,73,300,329,yes,70,-1000
2025-05-20T14:02:36.727076,KXBTCD-25MAY2018-T106749.99,DELTA,71,30,73,300,330,yes,68,-2000
2025-05-20T14:02:36.727829,KXBTCD-25MAY2018-T106749.99,DELTA,71,30,73,300,331,yes,68,-1250
2025-05-20T14:02:36.746502,KXBTCD-25MAY2018-T106749.99,DELTA,71,30,73,300,332,no,20,-1000
2025-05-20T14:02:36.747269,KXBTCD-25MAY2018-T106749.99,DELTA,72,1000,73,300,333,yes,72,1000
2025-05-20T14:02:36.808489,KXBTCD-25MAY2018-T106749.99,DELTA,72,1000,73,300,334,no,19,1000
2025-05-20T14:02:36.848546,KXBTCD-25MAY2018-T106749.99,DELTA,72,1000,73,300,335,yes,41,2000
2025-05-20T14:02:37.425656,KXBTCD-25MAY2018-T106749.99,DELTA,72,1000,73,300,336,no,25,100
2025-05-20T14:02:37.526720,KXBTCD-25MAY2018-T106749.99,DELTA,72,1000,73,300,337,no,21,-9
2025-05-20T14:02:37.546307,KXBTCD-25MAY2018-T106749.99,DELTA,72,1000,73,300,338,no,20,9
2025-05-20T14:02:40.346292,KXBTCD-25MAY2018-T106749.99,DELTA,72,1000,73,300,339,yes,69,-50
2025-05-20T14:02:40.386043,KXBTCD-25MAY2018-T106749.99,DELTA,72,1000,75,100,340,no,27,-300
2025-05-20T14:02:40.445967,KXBTCD-25MAY2018-T106749.99,DELTA,72,1000,75,100,341,yes,69,250
2025-05-20T14:02:40.465123,KXBTCD-25MAY2018-T106749.99,DELTA,72,1000,74,350,342,no,26,350
2025-05-20T14:02:40.485322,KXBTCD-25MAY2018-T106749.99,DELTA,72,1000,74,350,343,yes,70,14
2025-05-20T14:02:40.485546,KXBTCD-25MAY2018-T106749.99,DELTA,72,1000,74,350,344,yes,68,-14
2025-05-20T14:02:40.507377,KXBTCD-25MAY2018-T106749.99,DELTA,72,1000,74,350,345,no,23,-14
2025-05-20T14:02:40.507555,KXBTCD-25MAY2018-T106749.99,DELTA,72,1000,74,350,346,no,21,14
2025-05-20T14:02:40.525886,KXBTCD-25MAY2018-T106749.99,DELTA,72,1000,74,350,347,yes,41,-2000
2025-05-20T14:02:40.545379,KXBTCD-25MAY2018-T106749.99,DELTA,72,1000,74,350,348,yes,69,1250
2025-05-20T14:02:40.586387,KXBTCD-25MAY2018-T106749.99,DELTA,72,1000,74,350,349,yes,70,2000
2025-05-20T14:02:40.946668,KXBTCD-25MAY2018-T106749.99,DELTA,72,1000,74,350,350,yes,67,-100
2025-05-20T14:02:41.606323,KXBTCD-25MAY2018-T106749.99,DELTA,72,1000,74,350,351,no,5,-6480
2025-05-20T14:02:41.607326,KXBTCD-25MAY2018-T106749.99,DELTA,72,1000,74,350,352,no,7,4628
2025-05-20T14:02:41.667036,KXBTCD-25MAY2018-T106749.99,DELTA,72,1000,74,350,353,no,6,-20000
2025-05-20T14:02:41.686649,KXBTCD-25MAY2018-T106749.99,DELTA,72,1000,74,350,354,no,6,-2000
2025-05-20T14:02:41.687667,KXBTCD-25MAY2018-T106749.99,DELTA,72,1000,74,350,355,no,6,-1250
2025-05-20T14:02:41.725995,KXBTCD-25MAY2018-T106749.99,DELTA,72,1000,74,350,356,no,8,20000
2025-05-20T14:02:41.726819,KXBTCD-25MAY2018-T106749.99,DELTA,72,1000,74,350,357,no,8,1250
2025-05-20T14:02:41.727302,KXBTCD-25MAY2018-T106749.99,DELTA,72,1000,74,350,358,no,8,2000
2025-05-20T14:02:41.767282,KXBTCD-25MAY2018-T106749.99,DELTA,72,1000,74,350,359,yes,68,100
2025-05-20T14:02:42.207072,KXBTCD-25MAY2018-T106749.99,DELTA,72,1000,74,350,360,yes,69,-1250
2025-05-20T14:02:42.271021,KXBTCD-25MAY2018-T106749.99,DELTA,72,1000,74,350,361,yes,70,1250
2025-05-20T14:02:44.786589,KXBTCD-25MAY2018-T106749.99,DELTA,72,1000,74,350,362,no,7,-4628
2025-05-20T14:02:44.787716,KXBTCD-25MAY2018-T106749.99,DELTA,72,1000,74,350,363,no,5,6480
2025-05-20T14:02:44.846929,KXBTCD-25MAY2018-T106749.99,DELTA,72,1000,74,350,364,no,8,-20000
2025-05-20T14:02:44.847982,KXBTCD-25MAY2018-T106749.99,DELTA,72,1000,74,350,365,no,8,-2000
2025-05-20T14:02:44.906949,KXBTCD-25MAY2018-T106749.99,DELTA,72,1000,74,350,366,no,8,-1250
2025-05-20T14:02:44.985827,KXBTCD-25MAY2018-T106749.99,DELTA,72,1000,74,350,367,no,6,2000
2025-05-20T14:02:44.986256,KXBTCD-25MAY2018-T106749.99,DELTA,72,1000,74,350,368,no,6,20000
2025-05-20T14:02:44.986456,KXBTCD-25MAY2018-T106749.99,DELTA,72,1000,74,350,369,no,6,1250
2025-05-20T14:02:46.006078,KXBTCD-25MAY2018-T106749.99,DELTA,72,1000,74,350,370,no,5,-6480
2025-05-20T14:02:46.007501,KXBTCD-25MAY2018-T106749.99,DELTA,72,1000,74,350,371,no,7,4628
2025-05-20T14:02:46.065662,KXBTCD-25MAY2018-T106749.99,DELTA,72,1000,74,350,372,no,6,-20000
2025-05-20T14:02:46.087407,KXBTCD-25MAY2018-T106749.99,DELTA,72,1000,74,350,373,no,6,-2000
2025-05-20T14:02:46.087565,KXBTCD-25MAY2018-T106749.99,DELTA,72,1000,74,350,374,no,6,-1250
2025-05-20T14:02:46.146166,KXBTCD-25MAY2018-T106749.99,DELTA,72,1000,74,350,375,no,8,20000
2025-05-20T14:02:46.146358,KXBTCD-25MAY2018-T106749.99,DELTA,72,1000,74,350,376,no,8,1250
2025-05-20T14:02:46.166576,KXBTCD-25MAY2018-T106749.99,DELTA,72,1000,74,350,377,no,8,2000
2025-05-20T14:02:47.166788,KXBTCD-25MAY2018-T106749.99,DELTA,72,1000,74,350,378,no,7,-4628
2025-05-20T14:02:47.167581,KXBTCD-25MAY2018-T106749.99,DELTA,72,1000,74,350,379,no,5,6480
2025-05-20T14:02:47.227043,KXBTCD-25MAY2018-T106749.99,DELTA,72,1000,74,350,380,no,8,-20000
2025-05-20T14:02:47.248014,KXBTCD-25MAY2018-T106749.99,DELTA,72,1000,74,350,381,no,8,-2000
2025-05-20T14:02:47.248836,KXBTCD-25MAY2018-T106749.99,DELTA,72,1000,74,350,382,no,8,-1250
2025-05-20T14:02:47.307333,KXBTCD-25MAY2018-T106749.99,DELTA,72,1000,74,350,383,no,6,20000
2025-05-20T14:02:47.324937,KXBTCD-25MAY2018-T106749.99,DELTA,72,1000,74,350,384,no,6,2000
2025-05-20T14:02:47.325145,KXBTCD-25MAY2018-T106749.99,DELTA,72,1000,74,350,385,no,6,1250
2025-05-20T14:02:47.365875,KXBTCD-25MAY2018-T106749.99,DELTA,72,1000,74,350,386,yes,71,-30
2025-05-20T14:02:47.366068,KXBTCD-25MAY2018-T106749.99,DELTA,72,1030,74,350,387,yes,72,30
2025-05-20T14:02:47.445875,KXBTCD-25MAY2018-T106749.99,DELTA,72,30,74,350,388,yes,72,-1000
2025-05-20T14:02:47.446347,KXBTCD-25MAY2018-T106749.99,DELTA,72,30,74,350,389,no,18,-30
2025-05-20T14:02:47.446559,KXBTCD-25MAY2018-T106749.99,DELTA,72,30,74,350,390,no,16,30
2025-05-20T14:02:47.465122,KXBTCD-25MAY2018-T106749.99,DELTA,72,30,75,100,391,no,26,-350
2025-05-20T14:02:47.506260,KXBTCD-25MAY2018-T106749.99,DELTA,73,1000,75,100,392,yes,73,1000
2025-05-20T14:02:47.507556,KXBTCD-25MAY2018-T106749.99,DELTA,73,1000,75,100,393,no,19,-1000
2025-05-20T14:02:47.525906,KXBTCD-25MAY2018-T106749.99,DELTA,73,1000,75,400,394,no,25,300
2025-05-20T14:02:47.607397,KXBTCD-25MAY2018-T106749.99,DELTA,73,1000,75,400,395,no,17,1000
2025-05-20T14:02:47.646796,KXBTCD-25MAY2018-T106749.99,DELTA,73,1000,75,400,396,yes,18,-8000
2025-05-20T14:02:47.667761,KXBTCD-25MAY2018-T106749.99,DELTA,73,1000,75,400,397,yes,69,-250
2025-05-20T14:02:47.687460,KXBTCD-25MAY2018-T106749.99,DELTA,73,1000,75,400,398,yes,23,8000
2025-05-20T14:02:47.727593,KXBTCD-25MAY2018-T106749.99,DELTA,73,1000,75,400,399,yes,70,-2000
2025-05-20T14:02:47.746592,KXBTCD-25MAY2018-T106749.99,DELTA,73,1000,75,400,400,yes,70,-1250
2025-05-20T14:02:47.747145,KXBTCD-25MAY2018-T106749.99,DELTA,73,1000,75,400,401,yes,70,300
2025-05-20T14:02:47.787055,KXBTCD-25MAY2018-T106749.99,DELTA,73,1000,75,400,402,yes,41,2000
2025-05-20T14:02:47.805900,KXBTCD-25MAY2018-T106749.99,DELTA,73,1000,75,400,403,yes,71,1250
2025-05-20T14:02:47.867331,KXBTCD-25MAY2018-T106749.99,DELTA,73,1000,75,400,404,yes,41,-2000
2025-05-20T14:02:47.906182,KXBTCD-25MAY2018-T106749.99,DELTA,73,1000,75,400,405,yes,71,2000
2025-05-20T14:02:48.287353,KXBTCD-25MAY2018-T106749.99,DELTA,73,1000,75,400,406,yes,19,-1705
2025-05-20T14:02:48.288357,KXBTCD-25MAY2018-T106749.99,DELTA,73,1000,75,400,407,yes,24,1350
2025-05-20T14:02:48.347508,KXBTCD-25MAY2018-T106749.99,DELTA,73,1000,75,400,408,no,5,-6480
2025-05-20T14:02:48.348504,KXBTCD-25MAY2018-T106749.99,DELTA,73,1000,75,400,409,no,7,4628
2025-05-20T14:02:48.426807,KXBTCD-25MAY2018-T106749.99,DELTA,73,1000,75,400,410,no,6,-20000
2025-05-20T14:02:48.427584,KXBTCD-25MAY2018-T106749.99,DELTA,73,1000,75,400,411,no,6,-2000
2025-05-20T14:02:48.446989,KXBTCD-25MAY2018-T106749.99,DELTA,73,1000,75,400,412,no,6,-1250
2025-05-20T14:02:48.486411,KXBTCD-25MAY2018-T106749.99,DELTA,73,1000,75,400,413,no,8,1250
2025-05-20T14:02:48.486630,KXBTCD-25MAY2018-T106749.99,DELTA,73,1000,75,400,414,no,8,2000
2025-05-20T14:02:48.486716,KXBTCD-25MAY2018-T106749.99,DELTA,73,1000,75,400,415,no,8,20000
2025-05-20T14:02:49.526500,KXBTCD-25MAY2018-T106749.99,DELTA,73,1000,75,400,416,no,7,-4628
2025-05-20T14:02:49.526715,KXBTCD-25MAY2018-T106749.99,DELTA,73,1000,75,400,417,no,5,6480
2025-05-20T14:02:49.585283,KXBTCD-25MAY2018-T106749.99,DELTA,73,1000,75,400,418,no,8,-20000
2025-05-20T14:02:49.606148,KXBTCD-25MAY2018-T106749.99,DELTA,73,1000,75,400,419,no,8,-2000
2025-05-20T14:02:49.606331,KXBTCD-25MAY2018-T106749.99,DELTA,73,1000,75,400,420,no,8,-1250
2025-05-20T14:02:49.626160,KXBTCD-25MAY2018-T106749.99,DELTA,73,1000,75,400,421,no,20,-9
2025-05-20T14:02:49.646692,KXBTCD-25MAY2018-T106749.99,DELTA,73,1000,75,400,422,no,18,9
2025-05-20T14:02:49.666997,KXBTCD-25MAY2018-T106749.99,DELTA,73,1000,75,400,423,no,6,1250
2025-05-20T14:02:49.667553,KXBTCD-25MAY2018-T106749.99,DELTA,73,1000,75,400,424,no,6,20000
2025-05-20T14:02:49.667963,KXBTCD-25MAY2018-T106749.99,DELTA,73,1000,75,400,425,no,6,2000
2025-05-20T14:02:51.187867,KXBTCD-25MAY2018-T106749.99,DELTA,73,1000,75,400,426,yes,71,14
2025-05-20T14:02:51.188141,KXBTCD-25MAY2018-T106749.99,DELTA,73,1000,75,400,427,yes,70,-14
2025-05-20T14:02:51.188298,KXBTCD-25MAY2018-T106749.99,DELTA,73,1000,75,400,428,no,21,-14
2025-05-20T14:02:51.188427,KXBTCD-25MAY2018-T106749.99,DELTA,73,1000,75,400,429,no,20,14
2025-05-20T14:02:51.587090,KXBTCD-25MAY2018-T106749.99,DELTA,73,1000,75,400,430,yes,68,-100
2025-05-20T14:02:51.588258,KXBTCD-25MAY2018-T106749.99,DELTA,73,1000,75,300,431,no,25,-100
2025-05-20T14:02:52.428714,KXBTCD-25MAY2018-T106749.99,DELTA,73,1000,75,300,432,yes,69,100
2025-05-20T14:02:52.429219,KXBTCD-25MAY2018-T106749.99,DELTA,73,1000,75,300,433,no,23,100
2025-05-20T14:02:52.716174,KXBTCD-25MAY2018-T106749.99,DELTA,74,30,75,300,434,yes,74,30
2025-05-20T14:02:52.717277,KXBTCD-25MAY2018-T106749.99,DELTA,74,30,75,300,435,yes,72,-30
2025-05-20T14:02:52.718058,KXBTCD-25MAY2018-T106749.99,DELTA,74,30,75,300,436,no,14,30
2025-05-20T14:02:52.718544,KXBTCD-25MAY2018-T106749.99,DELTA,74,30,75,300,437,no,16,-30
2025-05-20T14:02:52.749377,KXBTCD-25MAY2018-T106749.99,DELTA,74,30,77,100,438,no,25,-300
2025-05-20T14:02:52.749749,KXBTCD-25MAY2018-T106749.99,DELTA,74,30,77,100,439,yes,73,-1000
2025-05-20T14:02:52.766586,KXBTCD-25MAY2018-T106749.99,DELTA,74,30,77,100,440,no,17,-1000
2025-05-20T14:02:52.787499,KXBTCD-25MAY2018-T106749.99,DELTA,74,30,76,350,441,no,24,350
2025-05-20T14:02:52.828031,KXBTCD-25MAY2018-T106749.99,DELTA,74,1030,76,350,442,yes,74,1000
2025-05-20T14:02:52.846286,KXBTCD-25MAY2018-T106749.99,DELTA,74,1030,76,350,443,yes,70,-300
2025-05-20T14:02:52.907917,KXBTCD-25MAY2018-T106749.99,DELTA,74,1030,76,350,444,no,15,1000
2025-05-20T14:02:52.927075,KXBTCD-25MAY2018-T106749.99,DELTA,74,1030,76,350,445,yes,71,-2000
2025-05-20T14:02:52.927760,KXBTCD-25MAY2018-T106749.99,DELTA,74,30,76,350,446,yes,74,-1000
2025-05-20T14:02:52.928346,KXBTCD-25MAY2018-T106749.99,DELTA,74,30,76,350,447,yes,72,50
2025-05-20T14:02:52.947397,KXBTCD-25MAY2018-T106749.99,DELTA,74,30,76,350,448,yes,71,-1250
2025-05-20T14:02:53.027256,KXBTCD-25MAY2018-T106749.99,DELTA,74,30,76,350,449,yes,41,2000
2025-05-20T14:02:53.028073,KXBTCD-25MAY2018-T106749.99,DELTA,75,1000,76,350,450,yes,75,1000
2025-05-20T14:02:54.166560,KXBTCD-25MAY2018-T106749.99,DELTA,75,1000,76,350,451,yes,69,-100
2025-05-20T14:02:54.268818,KXBTCD-25MAY2018-T106749.99,DELTA,75,1000,76,350,452,no,18,-9
2025-05-20T14:02:54.269615,KXBTCD-25MAY2018-T106749.99,DELTA,75,1000,76,350,453,no,16,9
2025-05-20T14:02:54.928011,KXBTCD-25MAY2018-T106749.99,DELTA,75,1000,76,350,454,yes,69,100
2025-05-20T14:02:55.089984,KXBTCD-25MAY2018-T106749.99,DELTA,75,1000,76,350,455,yes,69,-100
2025-05-20T14:02:55.480276,KXBTCD-25MAY2018-T106749.99,DELTA,75,1000,76,350,456,yes,72,-50
2025-05-20T14:02:55.480670,KXBTCD-25MAY2018-T106749.99,DELTA,75,1000,76,350,457,yes,71,250
2025-05-20T14:02:55.527266,KXBTCD-25MAY2018-T106749.99,DELTA,75,1000,76,350,458,yes,41,-2000
2025-05-20T14:02:55.527578,KXBTCD-25MAY2018-T106749.99,DELTA,75,1000,76,350,459,yes,72,1250
2025-05-20T14:02:55.627140,KXBTCD-25MAY2018-T106749.99,DELTA,75,1000,76,350,460,yes,72,2000
2025-05-20T14:02:55.806612,KXBTCD-25MAY2018-T106749.99,DELTA,75,1000,76,350,461,no,5,-6480
2025-05-20T14:02:55.807572,KXBTCD-25MAY2018-T106749.99,DELTA,75,1000,76,350,462,no,6,5400
2025-05-20T14:02:55.866209,KXBTCD-25MAY2018-T106749.99,DELTA,75,1000,76,350,463,no,6,-20000
2025-05-20T14:02:55.886576,KXBTCD-25MAY2018-T106749.99,DELTA,75,1000,76,350,464,no,6,-2000
2025-05-20T14:02:55.887375,KXBTCD-25MAY2018-T106749.99,DELTA,75,1000,76,350,465,no,6,-1250
2025-05-20T14:02:55.947581,KXBTCD-25MAY2018-T106749.99,DELTA,75,1000,76,350,466,yes,70,100
2025-05-20T14:02:55.967384,KXBTCD-25MAY2018-T106749.99,DELTA,75,1000,76,350,467,no,7,2000
2025-05-20T14:02:55.968347,KXBTCD-25MAY2018-T106749.99,DELTA,75,1000,76,350,468,no,7,1250
2025-05-20T14:02:55.968940,KXBTCD-25MAY2018-T106749.99,DELTA,75,1000,76,350,469,no,7,20000
2025-05-20T14:02:58.885767,KXBTCD-25MAY2018-T106749.99,DELTA,75,1000,76,350,470,no,6,-5400
2025-05-20T14:02:58.886349,KXBTCD-25MAY2018-T106749.99,DELTA,75,1000,76,350,471,no,5,6480
2025-05-20T14:02:58.947249,KXBTCD-25MAY2018-T106749.99,DELTA,75,1000,76,350,472,no,7,-20000
2025-05-20T14:02:58.966593,KXBTCD-25MAY2018-T106749.99,DELTA,75,1000,76,350,473,no,7,-2000
2025-05-20T14:02:58.967427,KXBTCD-25MAY2018-T106749.99,DELTA,75,1000,76,350,474,no,7,-1250
2025-05-20T14:02:59.027073,KXBTCD-25MAY2018-T106749.99,DELTA,75,1000,76,350,475,no,6,20000
2025-05-20T14:02:59.028116,KXBTCD-25MAY2018-T106749.99,DELTA,75,1000,76,350,476,no,6,1250
2025-05-20T14:02:59.028576,KXBTCD-25MAY2018-T106749.99,DELTA,75,1000,76,350,477,no,6,2000
2025-05-20T14:03:03.088820,KXBTCD-25MAY2018-T106749.99,DELTA,75,1000,77,100,478,no,24,-350
2025-05-20T14:03:03.129584,KXBTCD-25MAY2018-T106749.99,DELTA,75,1000,77,450,479,no,23,350
2025-05-20T14:03:08.585495,KXBTCD-25MAY2018-T106749.99,DELTA,75,1000,77,450,480,yes,71,-250
2025-05-20T14:03:08.586134,KXBTCD-25MAY2018-T106749.99,DELTA,75,1000,77,450,481,yes,73,50
2025-05-20T14:03:08.648104,KXBTCD-25MAY2018-T106749.99,DELTA,75,1000,77,450,482,yes,72,-2000
2025-05-20T14:03:08.649269,KXBTCD-25MAY2018-T106749.99,DELTA,75,1000,77,450,483,yes,72,-1250
2025-05-20T14:03:08.666869,KXBTCD-25MAY2018-T106749.99,DELTA,75,1000,77,450,484,yes,73,-50
2025-05-20T14:03:08.686592,KXBTCD-25MAY2018-T106749.99,DELTA,75,1000,77,450,485,yes,72,350
2025-05-20T14:03:08.726672,KXBTCD-25MAY2018-T106749.99,DELTA,75,1000,77,450,486,yes,41,2000
2025-05-20T14:03:08.746656,KXBTCD-25MAY2018-T106749.99,DELTA,75,1000,77,450,487,yes,73,1250
2025-05-20T14:03:08.807275,KXBTCD-25MAY2018-T106749.99,DELTA,75,1000,77,450,488,yes,41,-2000
2025-05-20T14:03:08.845858,KXBTCD-25MAY2018-T106749.99,DELTA,75,1000,77,450,489,yes,73,2000
2025-05-20T14:03:10.067649,KXBTCD-25MAY2018-T106749.99,DELTA,75,1000,77,450,490,yes,24,-1350
2025-05-20T14:03:11.105055,KXBTCD-25MAY2018-T106749.99,DELTA,75,1000,77,450,491,no,5,-6480
2025-05-20T14:03:11.207694,KXBTCD-25MAY2018-T106749.99,DELTA,75,1000,77,450,492,no,6,-20000
2025-05-20T14:03:11.209958,KXBTCD-25MAY2018-T106749.99,DELTA,75,1000,77,450,493,no,6,-2000
2025-05-20T14:03:11.226495,KXBTCD-25MAY2018-T106749.99,DELTA,75,1000,77,450,494,no,6,-1250
2025-05-20T14:03:12.666471,KXBTCD-25MAY2018-T106749.99,DELTA,75,1000,77,450,495,yes,24,1350
2025-05-20T14:03:12.726604,KXBTCD-25MAY2018-T106749.99,DELTA,75,1000,77,450,496,no,4,8100
2025-05-20T14:03:12.807910,KXBTCD-25MAY2018-T106749.99,DELTA,75,1000,77,450,497,no,5,2000
2025-05-20T14:03:12.808962,KXBTCD-25MAY2018-T106749.99,DELTA,75,1000,77,450,498,no,5,20000
2025-05-20T14:03:12.809722,KXBTCD-25MAY2018-T106749.99,DELTA,75,1000,77,450,499,no,5,1250
2025-05-20T14:03:13.745933,KXBTCD-25MAY2018-T106749.99,DELTA,75,1000,77,450,500,yes,73,-2000
2025-05-20T14:03:13.746335,KXBTCD-25MAY2018-T106749.99,DELTA,75,1000,77,450,501,yes,73,-1250
2025-05-20T14:03:13.806714,KXBTCD-25MAY2018-T106749.99,DELTA,75,1000,77,450,502,yes,72,-350
2025-05-20T14:03:13.826000,KXBTCD-25MAY2018-T106749.99,DELTA,75,1000,77,450,503,yes,73,2000
2025-05-20T14:03:13.826128,KXBTCD-25MAY2018-T106749.99,DELTA,75,1000,77,450,504,yes,72,1250
2025-05-20T14:03:13.886528,KXBTCD-25MAY2018-T106749.99,DELTA,75,1000,77,450,505,yes,73,-2000
2025-05-20T14:03:13.886736,KXBTCD-25MAY2018-T106749.99,DELTA,75,1000,77,450,506,yes,71,300
2025-05-20T14:03:13.886874,KXBTCD-25MAY2018-T106749.99,DELTA,75,1000,77,450,507,yes,72,-1250
2025-05-20T14:03:13.947524,KXBTCD-25MAY2018-T106749.99,DELTA,75,1000,77,450,508,yes,41,2000
2025-05-20T14:03:13.986355,KXBTCD-25MAY2018-T106749.99,DELTA,75,1000,77,450,509,yes,72,1250
2025-05-20T14:03:14.047257,KXBTCD-25MAY2018-T106749.99,DELTA,75,1000,77,450,510,yes,41,-2000
2025-05-20T14:03:14.126437,KXBTCD-25MAY2018-T106749.99,DELTA,75,1000,77,450,511,yes,72,2000
2025-05-20T14:03:16.785954,KXBTCD-25MAY2018-T106749.99,DELTA,75,1000,77,450,512,yes,71,-300
2025-05-20T14:03:16.806281,KXBTCD-25MAY2018-T106749.99,DELTA,75,1000,77,450,513,yes,73,14
2025-05-20T14:03:16.806625,KXBTCD-25MAY2018-T106749.99,DELTA,75,1000,77,450,514,yes,71,-14
2025-05-20T14:03:16.827102,KXBTCD-25MAY2018-T106749.99,DELTA,75,1000,77,450,515,no,18,14
2025-05-20T14:03:16.827464,KXBTCD-25MAY2018-T106749.99,DELTA,75,1000,77,450,516,no,20,-14
2025-05-20T14:03:16.827636,KXBTCD-25MAY2018-T106749.99,DELTA,75,1000,77,450,517,yes,73,150
2025-05-20T14:03:16.886263,KXBTCD-25MAY2018-T106749.99,DELTA,75,1000,77,450,518,yes,72,-2000
2025-05-20T14:03:16.886527,KXBTCD-25MAY2018-T106749.99,DELTA,75,1000,77,450,519,yes,72,-1250
2025-05-20T14:03:16.946665,KXBTCD-25MAY2018-T106749.99,DELTA,75,1000,77,450,520,yes,74,2000
2025-05-20T14:03:17.227265,KXBTCD-25MAY2018-T106749.99,DELTA,75,1030,77,450,521,yes,75,30
2025-05-20T14:03:17.227418,KXBTCD-25MAY2018-T106749.99,DELTA,75,1030,77,450,522,yes,74,-30
2025-05-20T14:03:17.227494,KXBTCD-25MAY2018-T106749.99,DELTA,75,1030,77,450,523,no,13,30
2025-05-20T14:03:17.246531,KXBTCD-25MAY2018-T106749.99,DELTA,75,1030,77,450,524,no,14,-30
2025-05-20T14:03:17.246727,KXBTCD-25MAY2018-T106749.99,DELTA,75,1030,77,100,525,no,23,-350
2025-05-20T14:03:17.326198,KXBTCD-25MAY2018-T106749.99,DELTA,75,30,77,100,526,yes,75,-1000
2025-05-20T14:03:17.326411,KXBTCD-25MAY2018-T106749.99,DELTA,75,30,77,100,527,no,22,250
2025-05-20T14:03:17.346018,KXBTCD-25MAY2018-T106749.99,DELTA,75,30,77,100,528,no,15,-1000
2025-05-20T14:03:17.385421,KXBTCD-25MAY2018-T106749.99,DELTA,76,1000,77,100,529,yes,76,1000
2025-05-20T14:03:17.406332,KXBTCD-25MAY2018-T106749.99,DELTA,76,1000,77,100,530,no,14,1000
2025-05-20T14:03:17.625777,KXBTCD-25MAY2018-T106749.99,DELTA,76,1000,78,250,531,no,23,-100
2025-05-20T14:03:17.626129,KXBTCD-25MAY2018-T106749.99,DELTA,76,1000,78,250,532,yes,70,-100
2025-05-20T14:03:18.505423,KXBTCD-25MAY2018-T106749.99,DELTA,76,1000,78,350,533,no,22,100
2025-05-20T14:03:18.525252,KXBTCD-25MAY2018-T106749.99,DELTA,76,1000,78,350,534,yes,70,100
2025-05-20T14:03:18.726451,KXBTCD-25MAY2018-T106749.99,DELTA,76,1000,78,350,535,yes,70,-100
2025-05-20T14:03:19.967919,KXBTCD-25MAY2018-T106749.99,DELTA,76,1000,78,350,536,yes,71,100
2025-05-20T14:03:20.069295,KXBTCD-25MAY2018-T106749.99,DELTA,76,1000,78,350,537,no,16,-9
2025-05-20T14:03:20.087094,KXBTCD-25MAY2018-T106749.99,DELTA,76,1000,78,350,538,no,15,9
2025-05-20T14:03:23.409282,KXBTCD-25MAY2018-T106749.99,DELTA,76,1000,78,250,539,no,22,-100
2025-05-20T14:03:23.485738,KXBTCD-25MAY2018-T106749.99,DELTA,76,1000,78,250,540,yes,71,-100
2025-05-20T14:03:23.505989,KXBTCD-25MAY2018-T106749.99,DELTA,76,1000,78,250,541,yes,73,-150
2025-05-20T14:03:23.605624,KXBTCD-25MAY2018-T106749.99,DELTA,76,1000,82,14,542,no,22,-250
2025-05-20T14:03:23.686906,KXBTCD-25MAY2018-T106749.99,DELTA,76,1000,82,14,543,yes,74,-2000
2025-05-20T14:03:23.788341,KXBTCD-25MAY2018-T106749.99,DELTA,76,1000,82,14,544,yes,74,14
2025-05-20T14:03:23.789068,KXBTCD-25MAY2018-T106749.99,DELTA,76,1000,82,14,545,yes,73,-14
2025-05-20T14:03:23.808942,KXBTCD-25MAY2018-T106749.99,DELTA,76,1000,82,14,546,yes,41,2000
2025-05-20T14:03:23.809597,KXBTCD-25MAY2018-T106749.99,DELTA,76,1000,85,9,547,no,18,-14
2025-05-20T14:03:23.810540,KXBTCD-25MAY2018-T106749.99,DELTA,76,1000,83,14,548,no,17,14
2025-05-20T14:03:23.907903,KXBTCD-25MAY2018-T106749.99,DELTA,76,1000,83,14,549,yes,75,50
2025-05-20T14:03:23.986740,KXBTCD-25MAY2018-T106749.99,DELTA,76,1000,79,300,550,no,21,300
2025-05-20T14:03:24.286192,KXBTCD-25MAY2018-T106749.99,DELTA,76,1000,79,300,551,no,4,-8100
2025-05-20T14:03:24.286370,KXBTCD-25MAY2018-T106749.99,DELTA,76,1000,79,300,552,no,5,6480
2025-05-20T14:03:24.387041,KXBTCD-25MAY2018-T106749.99,DELTA,76,1000,79,300,553,yes,72,100
2025-05-20T14:03:24.387544,KXBTCD-25MAY2018-T106749.99,DELTA,76,1000,79,300,554,no,5,-20000
2025-05-20T14:03:24.506922,KXBTCD-25MAY2018-T106749.99,DELTA,76,1000,79,300,555,no,20,100
2025-05-20T14:03:24.507180,KXBTCD-25MAY2018-T106749.99,DELTA,76,1000,79,300,556,no,5,-2000
2025-05-20T14:03:24.588161,KXBTCD-25MAY2018-T106749.99,DELTA,76,1000,79,300,557,no,5,-1250
2025-05-20T14:03:24.707649,KXBTCD-25MAY2018-T106749.99,DELTA,76,1000,79,300,558,no,6,1250
2025-05-20T14:03:24.707987,KXBTCD-25MAY2018-T106749.99,DELTA,76,1000,79,300,559,no,6,20000
2025-05-20T14:03:24.708328,KXBTCD-25MAY2018-T106749.99,DELTA,76,1000,79,300,560,no,6,2000
2025-05-20T14:03:25.507396,KXBTCD-25MAY2018-T106749.99,DELTA,76,1000,79,300,561,no,20,-100
2025-05-20T14:03:26.366358,KXBTCD-25MAY2018-T106749.99,DELTA,76,1000,79,400,562,no,21,100
2025-05-20T14:03:27.267465,KXBTCD-25MAY2018-T106749.99,DELTA,76,1000,79,300,563,no,21,-100
2025-05-20T14:03:27.986434,KXBTCD-25MAY2018-T106749.99,DELTA,76,1000,79,300,564,no,5,-6480
2025-05-20T14:03:27.987680,KXBTCD-25MAY2018-T106749.99,DELTA,76,1000,79,300,565,no,4,8100
2025-05-20T14:03:28.048043,KXBTCD-25MAY2018-T106749.99,DELTA,76,1000,79,300,566,no,6,-20000
2025-05-20T14:03:28.066562,KXBTCD-25MAY2018-T106749.99,DELTA,76,1000,79,300,567,no,6,-2000
2025-05-20T14:03:28.067244,KXBTCD-25MAY2018-T106749.99,DELTA,76,1000,79,300,568,no,6,-1250
2025-05-20T14:03:28.126883,KXBTCD-25MAY2018-T106749.99,DELTA,76,1000,79,300,569,no,5,1250
2025-05-20T14:03:28.127644,KXBTCD-25MAY2018-T106749.99,DELTA,76,1000,79,300,570,no,5,20000
2025-05-20T14:03:28.128191,KXBTCD-25MAY2018-T106749.99,DELTA,76,1000,79,300,571,no,5,2000
2025-05-20T14:03:28.386114,KXBTCD-25MAY2018-T106749.99,DELTA,76,1000,79,300,572,no,20,100
2025-05-20T14:03:30.968205,KXBTCD-25MAY2018-T106749.99,DELTA,76,1000,79,300,573,yes,75,-50
2025-05-20T14:03:30.968626,KXBTCD-25MAY2018-T106749.99,DELTA,76,1000,79,300,574,yes,75,150
2025-05-20T14:03:30.968789,KXBTCD-25MAY2018-T106749.99,DELTA,76,1000,79,300,575,yes,41,-2000
2025-05-20T14:03:30.968881,KXBTCD-25MAY2018-T106749.99,DELTA,76,1000,79,300,576,yes,75,2000
2025-05-20T14:03:32.405427,KXBTCD-25MAY2018-T106749.99,DELTA,76,1000,79,300,577,yes,75,-2000
2025-05-20T14:03:32.465357,KXBTCD-25MAY2018-T106749.99,DELTA,76,3000,79,300,578,yes,76,2000
2025-05-20T14:03:32.827594,KXBTCD-25MAY2018-T106749.99,DELTA,77,30,79,300,579,yes,77,30
2025-05-20T14:03:32.828568,KXBTCD-25MAY2018-T106749.99,DELTA,77,30,79,300,580,yes,75,-30
2025-05-20T14:03:32.829217,KXBTCD-25MAY2018-T106749.99,DELTA,77,30,79,300,581,yes,49,-3000
2025-05-20T14:03:32.829889,KXBTCD-25MAY2018-T106749.99,DELTA,77,30,79,300,582,no,13,-30
2025-05-20T14:03:32.830287,KXBTCD-25MAY2018-T106749.99,DELTA,77,30,79,300,583,no,11,30
2025-05-20T14:03:32.846610,KXBTCD-25MAY2018-T106749.99,DELTA,77,30,79,300,584,no,4,-3000
2025-05-20T14:03:32.908013,KXBTCD-25MAY2018-T106749.99,DELTA,77,30,79,300,585,no,1,3000
2025-05-20T14:03:32.908263,KXBTCD-25MAY2018-T106749.99,DELTA,77,30,79,300,586,yes,67,3000
2025-05-20T14:03:32.908652,KXBTCD-25MAY2018-T106749.99,DELTA,77,30,79,300,587,yes,76,-1000
2025-05-20T14:03:32.908901,KXBTCD-25MAY2018-T106749.99,DELTA,77,30,80,100,588,no,21,-300
2025-05-20T14:03:32.927613,KXBTCD-25MAY2018-T106749.99,DELTA,77,30,80,100,589,no,14,-1000
2025-05-20T14:03:32.989318,KXBTCD-25MAY2018-T106749.99,DELTA,77,44,80,100,590,yes,77,14
2025-05-20T14:03:32.989796,KXBTCD-25MAY2018-T106749.99,DELTA,77,44,80,100,591,yes,74,-14
2025-05-20T14:03:32.990044,KXBTCD-25MAY2018-T106749.99,DELTA,77,44,80,100,592,yes,23,-8000
2025-05-20T14:03:32.990371,KXBTCD-25MAY2018-T106749.99,DELTA,77,14,80,100,593,yes,77,-30
2025-05-20T14:03:32.990627,KXBTCD-25MAY2018-T106749.99,DELTA,78,30,80,100,594,yes,78,30
2025-05-20T14:03:32.990865,KXBTCD-25MAY2018-T106749.99,DELTA,78,30,80,100,595,no,12,1000
2025-05-20T14:03:32.991096,KXBTCD-25MAY2018-T106749.99,DELTA,78,1030,80,100,596,yes,78,1000
2025-05-20T14:03:33.006609,KXBTCD-25MAY2018-T106749.99,DELTA,78,1030,80,100,597,no,10,30
2025-05-20T14:03:33.007932,KXBTCD-25MAY2018-T106749.99,DELTA,78,1030,80,100,598,no,15,14
2025-05-20T14:03:33.008114,KXBTCD-25MAY2018-T106749.99,DELTA,78,1030,80,100,599,no,17,-14
2025-05-20T14:03:33.008255,KXBTCD-25MAY2018-T106749.99,DELTA,78,1030,80,100,600,no,11,-30
2025-05-20T14:03:33.047449,KXBTCD-25MAY2018-T106749.99,DELTA,78,1030,80,100,601,yes,36,8000
2025-05-20T14:03:33.068950,KXBTCD-25MAY2018-T106749.99,DELTA,78,1030,80,250,602,no,20,150
2025-05-20T14:03:33.087435,KXBTCD-25MAY2018-T106749.99,DELTA,78,1030,80,250,603,no,12,-1000
2025-05-20T14:03:33.087667,KXBTCD-25MAY2018-T106749.99,DELTA,78,30,80,250,604,yes,78,-1000
2025-05-20T14:03:33.128114,KXBTCD-25MAY2018-T106749.99,DELTA,78,30,80,250,605,yes,75,-150
2025-05-20T14:03:33.148922,KXBTCD-25MAY2018-T106749.99,DELTA,78,30,80,100,606,no,20,-150
2025-05-20T14:03:33.168080,KXBTCD-25MAY2018-T106749.99,DELTA,79,1000,80,100,607,yes,79,1000
2025-05-20T14:03:33.187964,KXBTCD-25MAY2018-T106749.99,DELTA,79,1000,80,100,608,no,11,1000
2025-05-20T14:03:33.188445,KXBTCD-25MAY2018-T106749.99,DELTA,79,1000,80,100,609,yes,72,-100
2025-05-20T14:03:33.229819,KXBTCD-25MAY2018-T106749.99,DELTA,79,1000,80,100,610,yes,76,-2000
2025-05-20T14:03:33.267521,KXBTCD-25MAY2018-T106749.99,DELTA,79,1000,80,100,611,yes,77,150
2025-05-20T14:03:33.268188,KXBTCD-25MAY2018-T106749.99,DELTA,79,1000,80,100,612,no,19,150
2025-05-20T14:03:33.293994,KXBTCD-25MAY2018-T106749.99,DELTA,79,1000,80,100,613,yes,41,2000
2025-05-20T14:03:33.347835,KXBTCD-25MAY2018-T106749.99,DELTA,79,1000,80,100,614,yes,41,-2000
2025-05-20T14:03:33.386305,KXBTCD-25MAY2018-T106749.99,DELTA,79,1000,80,100,615,yes,78,2000
2025-05-20T14:03:33.447759,KXBTCD-25MAY2018-T106749.99,DELTA,79,1000,81,150,616,no,20,-100
2025-05-20T14:03:33.565922,KXBTCD-25MAY2018-T106749.99,DELTA,79,1000,81,150,617,no,1,-3000
2025-05-20T14:03:33.645716,KXBTCD-25MAY2018-T106749.99,DELTA,79,1000,85,23,618,no,19,-150
2025-05-20T14:03:33.707339,KXBTCD-25MAY2018-T106749.99,DELTA,79,1000,82,200,619,no,18,200
2025-05-20T14:03:33.809322,KXBTCD-25MAY2018-T106749.99,DELTA,79,1000,82,200,620,yes,77,-150
2025-05-20T14:03:33.810142,KXBTCD-25MAY2018-T106749.99,DELTA,79,1000,85,23,621,no,18,-200
2025-05-20T14:03:33.905902,KXBTCD-25MAY2018-T106749.99,DELTA,79,1050,85,23,622,yes,79,50
2025-05-20T14:03:33.906542,KXBTCD-25MAY2018-T106749.99,DELTA,79,1050,83,300,623,no,17,300
2025-05-20T14:03:33.926124,KXBTCD-25MAY2018-T106749.99,DELTA,79,1050,83,300,624,yes,78,-2000
2025-05-20T14:03:33.966843,KXBTCD-25MAY2018-T106749.99,DELTA,79,1050,83,300,625,yes,41,2000
2025-05-20T14:03:33.967514,KXBTCD-25MAY2018-T106749.99,DELTA,79,50,83,300,626,yes,79,-1000
2025-05-20T14:03:33.987122,KXBTCD-25MAY2018-T106749.99,DELTA,78,30,83,300,627,yes,79,-50
2025-05-20T14:03:34.008250,KXBTCD-25MAY2018-T106749.99,DELTA,80,1000,83,300,628,yes,80,1000
2025-05-20T14:03:34.026574,KXBTCD-25MAY2018-T106749.99,DELTA,80,1000,83,300,629,yes,78,350
2025-05-20T14:03:34.047126,KXBTCD-25MAY2018-T106749.99,DELTA,78,380,83,300,630,yes,80,-1000
2025-05-20T14:03:34.087587,KXBTCD-25MAY2018-T106749.99,DELTA,79,1250,83,300,631,yes,79,1250
2025-05-20T14:03:34.088310,KXBTCD-25MAY2018-T106749.99,DELTA,79,2250,83,300,632,yes,79,1000
2025-05-20T14:03:34.127996,KXBTCD-25MAY2018-T106749.99,DELTA,79,2250,83,300,633,yes,41,-2000
2025-05-20T14:03:34.167208,KXBTCD-25MAY2018-T106749.99,DELTA,79,4250,83,300,634,yes,79,2000
2025-05-20T14:03:34.685610,KXBTCD-25MAY2018-T106749.99,DELTA,79,4250,83,300,635,yes,75,100
2025-05-20T14:03:34.685800,KXBTCD-25MAY2018-T106749.99,DELTA,79,4250,83,400,636,no,17,100
2025-05-20T14:03:35.106957,KXBTCD-25MAY2018-T106749.99,DELTA,79,4250,83,400,637,yes,75,-100
2025-05-20T14:03:35.230511,KXBTCD-25MAY2018-T106749.99,DELTA,79,4250,83,400,638,no,15,-9
2025-05-20T14:03:35.246688,KXBTCD-25MAY2018-T106749.99,DELTA,79,4250,83,400,639,no,12,9
2025-05-20T14:03:35.346492,KXBTCD-25MAY2018-T106749.99,DELTA,79,4250,83,300,640,no,17,-100
2025-05-20T14:03:35.907346,KXBTCD-25MAY2018-T106749.99,DELTA,79,4250,83,300,641,yes,75,100
2025-05-20T14:03:36.407553,KXBTCD-25MAY2018-T106749.99,DELTA,79,4250,83,300,642,yes,78,-30
2025-05-20T14:03:36.408478,KXBTCD-25MAY2018-T106749.99,DELTA,80,30,83,300,643,yes,80,30
2025-05-20T14:03:36.409070,KXBTCD-25MAY2018-T106749.99,DELTA,80,30,83,300,644,no,8,30
2025-05-20T14:03:36.409492,KXBTCD-25MAY2018-T106749.99,DELTA,80,30,83,300,645,no,10,-30
2025-05-20T14:03:36.466514,KXBTCD-25MAY2018-T106749.99,DELTA,80,30,83,300,646,yes,79,-1000
2025-05-20T14:03:36.467538,KXBTCD-25MAY2018-T106749.99,DELTA,80,30,83,300,647,no,11,-1000
2025-05-20T14:03:36.527115,KXBTCD-25MAY2018-T106749.99,DELTA,80,30,83,300,648,no,9,1000
2025-05-20T14:03:36.527946,KXBTCD-25MAY2018-T106749.99,DELTA,81,1000,83,300,649,yes,81,1000
2025-05-20T14:03:36.947458,KXBTCD-25MAY2018-T106749.99,DELTA,81,1000,83,400,650,no,17,100
2025-05-20T14:03:37.464044,KXBTCD-25MAY2018-T106749.99,DELTA,81,1000,83,300,651,no,17,-100
2025-05-20T14:03:37.486159,KXBTCD-25MAY2018-T106749.99,DELTA,81,1000,83,300,652,no,12,-9
2025-05-20T14:03:37.506305,KXBTCD-25MAY2018-T106749.99,DELTA,81,1000,83,300,653,no,10,9
2025-05-20T14:03:38.446294,KXBTCD-25MAY2018-T106749.99,DELTA,81,1000,82,100,654,no,18,100
2025-05-20T14:03:38.647199,KXBTCD-25MAY2018-T106749.99,DELTA,81,1000,82,100,655,yes,24,-1350
2025-05-20T14:03:38.647496,KXBTCD-25MAY2018-T106749.99,DELTA,81,1000,82,100,656,yes,4,8100
2025-05-20T14:03:38.706893,KXBTCD-25MAY2018-T106749.99,DELTA,81,1000,82,100,657,no,4,-8100
2025-05-20T14:03:38.707548,KXBTCD-25MAY2018-T106749.99,DELTA,81,1000,82,100,658,no,1,32400
2025-05-20T14:03:38.786624,KXBTCD-25MAY2018-T106749.99,DELTA,81,1000,82,100,659,no,5,-20000
2025-05-20T14:03:38.787396,KXBTCD-25MAY2018-T106749.99,DELTA,81,1000,82,100,660,no,5,-2000
2025-05-20T14:03:38.816347,KXBTCD-25MAY2018-T106749.99,DELTA,81,1000,82,100,661,no,5,-1250
2025-05-20T14:03:38.865649,KXBTCD-25MAY2018-T106749.99,DELTA,81,1000,82,100,662,no,2,2000
2025-05-20T14:03:38.865888,KXBTCD-25MAY2018-T106749.99,DELTA,81,1000,82,100,663,no,2,20000
2025-05-20T14:03:38.865985,KXBTCD-25MAY2018-T106749.99,DELTA,81,1000,82,100,664,no,2,1250
2025-05-20T14:03:38.925671,KXBTCD-25MAY2018-T106749.99,DELTA,81,1000,82,100,665,yes,5,20000
2025-05-20T14:03:41.147584,KXBTCD-25MAY2018-T106749.99,DELTA,81,1000,82,100,666,yes,4,-8100
2025-05-20T14:03:41.147758,KXBTCD-25MAY2018-T106749.99,DELTA,81,1000,82,100,667,yes,6,5400
2025-05-20T14:03:41.186676,KXBTCD-25MAY2018-T106749.99,DELTA,81,1000,82,100,668,no,1,-32400
2025-05-20T14:03:41.249551,KXBTCD-25MAY2018-T106749.99,DELTA,81,1000,82,100,669,no,2,-20000
2025-05-20T14:03:41.250427,KXBTCD-25MAY2018-T106749.99,DELTA,81,1000,82,100,670,no,2,-2000
2025-05-20T14:03:41.270216,KXBTCD-25MAY2018-T106749.99,DELTA,81,1000,82,100,671,no,2,-1250
2025-05-20T14:03:41.346484,KXBTCD-25MAY2018-T106749.99,DELTA,81,1000,82,100,672,yes,77,-14
2025-05-20T14:03:41.347115,KXBTCD-25MAY2018-T106749.99,DELTA,81,1000,82,100,673,yes,78,14
2025-05-20T14:03:41.366586,KXBTCD-25MAY2018-T106749.99,DELTA,81,1000,82,100,674,no,13,14
2025-05-20T14:03:41.366901,KXBTCD-25MAY2018-T106749.99,DELTA,81,1000,82,100,675,no,15,-14
2025-05-20T14:03:41.487022,KXBTCD-25MAY2018-T106749.99,DELTA,81,1000,82,100,676,yes,5,-20000
2025-05-20T14:03:41.547169,KXBTCD-25MAY2018-T106749.99,DELTA,81,1000,82,100,677,yes,7,20000
2025-05-20T14:03:42.487113,KXBTCD-25MAY2018-T106749.99,DELTA,81,1000,82,100,678,yes,6,-5400
2025-05-20T14:03:42.487526,KXBTCD-25MAY2018-T106749.99,DELTA,81,1000,82,100,679,yes,8,4050
2025-05-20T14:03:42.546252,KXBTCD-25MAY2018-T106749.99,DELTA,81,1000,82,100,680,yes,7,-20000
2025-05-20T14:03:42.625642,KXBTCD-25MAY2018-T106749.99,DELTA,81,1000,82,100,681,yes,9,20000
2025-05-20T14:03:43.706294,KXBTCD-25MAY2018-T106749.99,DELTA,81,1000,82,100,682,yes,8,-4050
2025-05-20T14:03:43.707116,KXBTCD-25MAY2018-T106749.99,DELTA,81,1000,82,100,683,yes,10,3240
2025-05-20T14:03:43.786463,KXBTCD-25MAY2018-T106749.99,DELTA,81,1000,82,100,684,yes,9,-20000
2025-05-20T14:03:43.825464,KXBTCD-25MAY2018-T106749.99,DELTA,81,1000,82,100,685,yes,11,20000
2025-05-20T14:03:44.467380,KXBTCD-25MAY2018-T106749.99,DELTA,81,1000,82,100,686,yes,75,-100
2025-05-20T14:03:44.888715,KXBTCD-25MAY2018-T106749.99,DELTA,81,1000,82,100,687,yes,10,-3240
2025-05-20T14:03:44.889590,KXBTCD-25MAY2018-T106749.99,DELTA,81,1000,82,100,688,yes,12,2700
2025-05-20T14:03:44.968256,KXBTCD-25MAY2018-T106749.99,DELTA,81,1000,82,100,689,yes,11,-20000
2025-05-20T14:03:45.656870,KXBTCD-25MAY2018-T106749.99,DELTA,81,1000,82,100,690,yes,75,100
2025-05-20T14:03:46.147030,KXBTCD-25MAY2018-T106749.99,DELTA,81,1000,82,100,691,yes,12,-2700
2025-05-20T14:03:46.147270,KXBTCD-25MAY2018-T106749.99,DELTA,81,1000,82,100,692,yes,4,8100
2025-05-20T14:03:46.226032,KXBTCD-25MAY2018-T106749.99,DELTA,81,1000,82,100,693,yes,5,20000
2025-05-20T14:03:48.687119,KXBTCD-25MAY2018-T106749.99,DELTA,81,1000,82,100,694,no,17,-300
2025-05-20T14:03:48.707165,KXBTCD-25MAY2018-T106749.99,DELTA,81,1000,82,100,695,no,16,400
2025-05-20T14:03:48.787966,KXBTCD-25MAY2018-T106749.99,DELTA,81,1000,82,100,696,no,10,-9
2025-05-20T14:03:48.788909,KXBTCD-25MAY2018-T106749.99,DELTA,81,1000,82,100,697,no,14,9
2025-05-20T14:03:49.227667,KXBTCD-25MAY2018-T106749.99,DELTA,81,1000,82,100,698,yes,75,-100
2025-05-20T14:03:49.245965,KXBTCD-25MAY2018-T106749.99,DELTA,81,1000,84,400,699,no,18,-100
2025-05-20T14:03:50.327894,KXBTCD-25MAY2018-T106749.99,DELTA,81,1000,84,400,700,yes,76,100
2025-05-20T14:03:50.328372,KXBTCD-25MAY2018-T106749.99,DELTA,81,1000,84,500,701,no,16,100
2025-05-20T14:03:50.587173,KXBTCD-25MAY2018-T106749.99,DELTA,81,1000,84,400,702,no,16,-100
2025-05-20T14:03:50.666913,KXBTCD-25MAY2018-T106749.99,DELTA,81,1000,84,400,703,yes,78,-350
2025-05-20T14:03:50.727980,KXBTCD-25MAY2018-T106749.99,DELTA,81,1000,86,9,704,no,16,-400
2025-05-20T14:03:50.746998,KXBTCD-25MAY2018-T106749.99,DELTA,81,1000,86,9,705,yes,79,-2000
2025-05-20T14:03:50.747300,KXBTCD-25MAY2018-T106749.99,DELTA,81,1000,86,9,706,yes,79,-1250
2025-05-20T14:03:50.827597,KXBTCD-25MAY2018-T106749.99,DELTA,81,1000,86,9,707,yes,41,2000
2025-05-20T14:03:50.828290,KXBTCD-25MAY2018-T106749.99,DELTA,81,1000,87,24,708,no,14,-9
2025-05-20T14:03:50.926549,KXBTCD-25MAY2018-T106749.99,DELTA,81,1100,87,24,709,yes,81,100
2025-05-20T14:03:50.927212,KXBTCD-25MAY2018-T106749.99,DELTA,81,1100,85,250,710,no,15,250
2025-05-20T14:03:50.988599,KXBTCD-25MAY2018-T106749.99,DELTA,81,100,85,250,711,yes,81,-1000
2025-05-20T14:03:51.106651,KXBTCD-25MAY2018-T106749.99,DELTA,80,30,85,250,712,yes,81,-100
2025-05-20T14:03:51.108461,KXBTCD-25MAY2018-T106749.99,DELTA,82,1000,85,250,713,yes,82,1000
2025-05-20T14:03:51.108568,KXBTCD-25MAY2018-T106749.99,DELTA,82,1000,85,250,714,yes,40,-200
2025-05-20T14:03:51.108651,KXBTCD-25MAY2018-T106749.99,DELTA,82,1000,85,250,715,yes,50,200
2025-05-20T14:03:51.108981,KXBTCD-25MAY2018-T106749.99,DELTA,80,30,85,250,716,yes,82,-1000
2025-05-20T14:03:51.109094,KXBTCD-25MAY2018-T106749.99,DELTA,81,300,85,250,717,yes,81,300
2025-05-20T14:03:51.146681,KXBTCD-25MAY2018-T106749.99,DELTA,81,1300,85,250,718,yes,81,1000
2025-05-20T14:03:51.146869,KXBTCD-25MAY2018-T106749.99,DELTA,81,1300,85,250,719,yes,41,-2000
2025-05-20T14:03:51.166745,KXBTCD-25MAY2018-T106749.99,DELTA,82,1250,85,250,720,yes,82,1250
2025-05-20T14:03:51.245503,KXBTCD-25MAY2018-T106749.99,DELTA,82,3250,85,250,721,yes,82,2000
2025-05-20T14:03:51.245954,KXBTCD-25MAY2018-T106749.99,DELTA,82,3250,87,24,722,no,15,-250
2025-05-20T14:03:51.267200,KXBTCD-25MAY2018-T106749.99,DELTA,82,3250,86,500,723,no,14,500
2025-05-20T14:03:51.326786,KXBTCD-25MAY2018-T106749.99,DELTA,82,3250,86,500,724,yes,81,-1000
2025-05-20T14:03:51.346962,KXBTCD-25MAY2018-T106749.99,DELTA,82,3250,86,500,725,yes,4,-8100
2025-05-20T14:03:51.347561,KXBTCD-25MAY2018-T106749.99,DELTA,82,3250,86,500,726,yes,6,5400
2025-05-20T14:03:51.447026,KXBTCD-25MAY2018-T106749.99,DELTA,82,4250,86,500,727,yes,82,1000
2025-05-20T14:03:51.507414,KXBTCD-25MAY2018-T106749.99,DELTA,82,4250,86,500,728,yes,5,-20000
2025-05-20T14:03:51.508134,KXBTCD-25MAY2018-T106749.99,DELTA,82,2250,86,500,729,yes,82,-2000
2025-05-20T14:03:51.547233,KXBTCD-25MAY2018-T106749.99,DELTA,82,2250,84,100,730,no,16,100
2025-05-20T14:03:51.567851,KXBTCD-25MAY2018-T106749.99,DELTA,82,2250,84,100,731,yes,7,20000
2025-05-20T14:03:51.587213,KXBTCD-25MAY2018-T106749.99,DELTA,82,2250,84,100,732,yes,81,2000
2025-05-20T14:03:52.306317,KXBTCD-25MAY2018-T106749.99,DELTA,82,2250,84,100,733,yes,81,30
2025-05-20T14:03:52.306586,KXBTCD-25MAY2018-T106749.99,DELTA,82,2250,84,100,734,yes,80,-30
2025-05-20T14:03:52.326387,KXBTCD-25MAY2018-T106749.99,DELTA,82,2250,84,100,735,no,8,-30
2025-05-20T14:03:52.326518,KXBTCD-25MAY2018-T106749.99,DELTA,82,2250,84,100,736,no,7,30
2025-05-20T14:03:52.386207,KXBTCD-25MAY2018-T106749.99,DELTA,82,2250,84,100,737,no,9,-1000
2025-05-20T14:03:52.445919,KXBTCD-25MAY2018-T106749.99,DELTA,82,2250,84,100,738,no,8,1000
2025-05-20T14:03:52.666783,KXBTCD-25MAY2018-T106749.99,DELTA,82,2250,84,100,739,yes,76,-100
2025-05-20T14:03:53.586748,KXBTCD-25MAY2018-T106749.99,DELTA,82,2250,84,100,740,yes,77,100
2025-05-20T14:03:54.646337,KXBTCD-25MAY2018-T106749.99,DELTA,82,2250,84,100,741,yes,6,-5400
2025-05-20T14:03:54.646577,KXBTCD-25MAY2018-T106749.99,DELTA,82,2250,84,100,742,yes,8,4050
2025-05-20T14:03:54.706043,KXBTCD-25MAY2018-T106749.99,DELTA,82,2250,84,100,743,yes,7,-20000
2025-05-20T14:03:54.865759,KXBTCD-25MAY2018-T106749.99,DELTA,82,2250,84,100,744,yes,9,20000
2025-05-20T14:03:55.206760,KXBTCD-25MAY2018-T106749.99,DELTA,82,2250,84,100,745,yes,81,-2000
2025-05-20T14:03:55.266778,KXBTCD-25MAY2018-T106749.99,DELTA,82,4250,84,100,746,yes,82,2000
2025-05-20T14:03:55.907727,KXBTCD-25MAY2018-T106749.99,DELTA,82,4250,84,100,747,yes,8,-4050
2025-05-20T14:03:55.908510,KXBTCD-25MAY2018-T106749.99,DELTA,82,4250,84,100,748,yes,10,3240
2025-05-20T14:03:55.967474,KXBTCD-25MAY2018-T106749.99,DELTA,82,4250,84,100,749,yes,9,-20000
2025-05-20T14:03:56.047412,KXBTCD-25MAY2018-T106749.99,DELTA,82,4250,84,100,750,yes,11,20000
2025-05-20T14:03:57.266637,KXBTCD-25MAY2018-T106749.99,DELTA,82,4250,84,100,751,yes,10,-3240
2025-05-20T14:03:57.267425,KXBTCD-25MAY2018-T106749.99,DELTA,82,4250,84,100,752,yes,12,2700
2025-05-20T14:03:57.365484,KXBTCD-25MAY2018-T106749.99,DELTA,82,4250,84,100,753,yes,11,-20000
2025-05-20T14:03:58.367120,KXBTCD-25MAY2018-T106749.99,DELTA,82,4250,84,100,754,yes,80,14
2025-05-20T14:03:58.367947,KXBTCD-25MAY2018-T106749.99,DELTA,82,4250,84,100,755,yes,78,-14
2025-05-20T14:03:58.368378,KXBTCD-25MAY2018-T106749.99,DELTA,82,4250,84,100,756,no,13,-14
2025-05-20T14:03:58.368759,KXBTCD-25MAY2018-T106749.99,DELTA,82,4250,84,100,757,no,11,14
2025-05-20T14:03:58.506428,KXBTCD-25MAY2018-T106749.99,DELTA,82,4250,84,100,758,yes,12,-2700
2025-05-20T14:03:58.506626,KXBTCD-25MAY2018-T106749.99,DELTA,82,4250,84,100,759,yes,4,8100
2025-05-20T14:03:58.566449,KXBTCD-25MAY2018-T106749.99,DELTA,82,4250,84,100,760,yes,5,20000
2025-05-20T14:03:59.166927,KXBTCD-25MAY2018-T106749.99,DELTA,82,4250,84,100,761,yes,77,-100
2025-05-20T14:03:59.167870,KXBTCD-25MAY2018-T106749.99,DELTA,82,4250,86,500,762,no,16,-100
2025-05-20T14:03:59.246562,KXBTCD-25MAY2018-T106749.99,DELTA,82,4250,87,10,763,no,14,-500
2025-05-20T14:03:59.286236,KXBTCD-25MAY2018-T106749.99,DELTA,82,4250,87,510,764,no,13,500
2025-05-20T14:03:59.286394,KXBTCD-25MAY2018-T106749.99,DELTA,83,30,87,510,765,yes,83,30
2025-05-20T14:03:59.306246,KXBTCD-25MAY2018-T106749.99,DELTA,83,30,87,510,766,no,5,30
2025-05-20T14:03:59.307118,KXBTCD-25MAY2018-T106749.99,DELTA,83,30,87,510,767,yes,81,-30
2025-05-20T14:03:59.326208,KXBTCD-25MAY2018-T106749.99,DELTA,83,30,87,510,768,no,7,-30
2025-05-20T14:03:59.365671,KXBTCD-25MAY2018-T106749.99,DELTA,83,30,87,510,769,yes,82,-1000
2025-05-20T14:03:59.427229,KXBTCD-25MAY2018-T106749.99,DELTA,83,30,87,510,770,no,8,-1000
2025-05-20T14:03:59.446251,KXBTCD-25MAY2018-T106749.99,DELTA,84,1000,87,510,771,yes,84,1000
2025-05-20T14:03:59.467013,KXBTCD-25MAY2018-T106749.99,DELTA,84,1000,87,510,772,yes,81,14
2025-05-20T14:03:59.467684,KXBTCD-25MAY2018-T106749.99,DELTA,84,1000,87,510,773,yes,80,-14
2025-05-20T14:03:59.486737,KXBTCD-25MAY2018-T106749.99,DELTA,84,1000,87,510,774,no,11,-14
2025-05-20T14:03:59.487391,KXBTCD-25MAY2018-T106749.99,DELTA,84,1000,87,510,775,no,10,14
2025-05-20T14:03:59.489513,KXBTCD-25MAY2018-T106749.99,DELTA,84,1000,87,510,776,no,6,1000
2025-05-20T14:03:59.606841,KXBTCD-25MAY2018-T106749.99,DELTA,84,1000,87,510,777,yes,81,-300
2025-05-20T14:03:59.666882,KXBTCD-25MAY2018-T106749.99,DELTA,84,1000,87,510,778,yes,82,-2000
2025-05-20T14:03:59.686485,KXBTCD-25MAY2018-T106749.99,DELTA,84,1000,87,510,779,yes,82,-1250
2025-05-20T14:03:59.745780,KXBTCD-25MAY2018-T106749.99,DELTA,84,1000,87,510,780,yes,83,300
2025-05-20T14:03:59.745930,KXBTCD-25MAY2018-T106749.99,DELTA,84,1000,87,510,781,yes,51,2000
2025-05-20T14:03:59.746019,KXBTCD-25MAY2018-T106749.99,DELTA,84,1000,87,510,782,yes,4,-8100
2025-05-20T14:03:59.746101,KXBTCD-25MAY2018-T106749.99,DELTA,84,1000,87,510,783,yes,6,5400
2025-05-20T14:03:59.785979,KXBTCD-25MAY2018-T106749.99,DELTA,84,1000,87,10,784,no,13,-500
2025-05-20T14:03:59.805391,KXBTCD-25MAY2018-T106749.99,DELTA,84,1000,87,10,785,yes,5,-20000
2025-05-20T14:03:59.825897,KXBTCD-25MAY2018-T106749.99,DELTA,84,2250,87,10,786,yes,84,1250
2025-05-20T14:03:59.826184,KXBTCD-25MAY2018-T106749.99,DELTA,84,2250,87,10,787,yes,51,-2000
2025-05-20T14:03:59.846490,KXBTCD-25MAY2018-T106749.99,DELTA,84,2250,87,10,788,no,12,450
2025-05-20T14:03:59.887012,KXBTCD-25MAY2018-T106749.99,DELTA,84,2250,87,10,789,yes,83,2000
2025-05-20T14:03:59.887186,KXBTCD-25MAY2018-T106749.99,DELTA,84,2250,87,10,790,yes,7,20000
2025-05-20T14:04:00.365893,KXBTCD-25MAY2018-T106749.99,DELTA,84,2250,87,10,791,yes,79,100
2025-05-20T14:04:00.385963,KXBTCD-25MAY2018-T106749.99,DELTA,84,2250,87,110,792,no,13,100
2025-05-20T14:04:00.706630,KXBTCD-25MAY2018-T106749.99,DELTA,84,2250,87,110,793,yes,83,-2000
2025-05-20T14:04:00.727384,KXBTCD-25MAY2018-T106749.99,DELTA,84,2250,87,110,794,no,12,-450
2025-05-20T14:04:00.746033,KXBTCD-25MAY2018-T106749.99,DELTA,84,4250,87,110,795,yes,84,2000
2025-05-20T14:04:00.786168,KXBTCD-25MAY2018-T106749.99,DELTA,84,4250,87,110,796,no,11,500
2025-05-20T14:04:00.846368,KXBTCD-25MAY2018-T106749.99,DELTA,84,4250,87,110,797,yes,83,-300
2025-05-20T14:04:00.905866,KXBTCD-25MAY2018-T106749.99,DELTA,84,4600,87,110,798,yes,84,350
2025-05-20T14:04:00.926512,KXBTCD-25MAY2018-T106749.99,DELTA,84,2600,87,110,799,yes,84,-2000
2025-05-20T14:04:00.927299,KXBTCD-25MAY2018-T106749.99,DELTA,84,1350,87,110,800,yes,84,-1250
2025-05-20T14:04:01.006667,KXBTCD-25MAY2018-T106749.99,DELTA,85,1250,87,110,801,yes,85,1250
2025-05-20T14:04:01.007064,KXBTCD-25MAY2018-T106749.99,DELTA,85,1250,87,110,802,yes,84,-1000
2025-05-20T14:04:01.007281,KXBTCD-25MAY2018-T106749.99,DELTA,85,1250,87,110,803,yes,84,2000
2025-05-20T14:04:01.066064,KXBTCD-25MAY2018-T106749.99,DELTA,85,2250,87,110,804,yes,85,1000
2025-05-20T14:04:01.165649,KXBTCD-25MAY2018-T106749.99,DELTA,85,2250,87,110,805,yes,79,-100
2025-05-20T14:04:01.445633,KXBTCD-25MAY2018-T106749.99,DELTA,85,2250,87,110,806,yes,84,-2000
2025-05-20T14:04:01.466256,KXBTCD-25MAY2018-T106749.99,DELTA,85,1000,87,110,807,yes,85,-1250
2025-05-20T14:04:01.526996,KXBTCD-25MAY2018-T106749.99,DELTA,85,1000,87,110,808,yes,84,1250
2025-05-20T14:04:01.578576,KXBTCD-25MAY2018-T106749.99,DELTA,85,1000,87,110,809,yes,51,2000
2025-05-20T14:04:01.809141,KXBTCD-25MAY2018-T106749.99,DELTA,85,1000,87,110,810,yes,84,-1250
2025-05-20T14:04:01.907486,KXBTCD-25MAY2018-T106749.99,DELTA,85,1000,87,110,811,yes,84,1250
2025-05-20T14:04:02.050222,KXBTCD-25MAY2018-T106749.99,DELTA,85,1000,87,110,812,yes,84,-1250
2025-05-20T14:04:02.392048,KXBTCD-25MAY2018-T106749.99,DELTA,85,1000,87,110,813,no,6,-1000
2025-05-20T14:04:02.392458,KXBTCD-25MAY2018-T106749.99,DELTA,84,350,87,110,814,yes,85,-1000
2025-05-20T14:04:02.392859,KXBTCD-25MAY2018-T106749.99,DELTA,84,350,87,110,815,yes,51,-2000
2025-05-20T14:04:02.393219,KXBTCD-25MAY2018-T106749.99,DELTA,84,350,87,110,816,yes,7,-20000
2025-05-20T14:04:02.470510,KXBTCD-25MAY2018-T106749.99,DELTA,84,350,87,110,817,yes,78,100
2025-05-20T14:04:02.470845,KXBTCD-25MAY2018-T106749.99,DELTA,84,350,87,10,818,no,13,-100
2025-05-20T14:04:02.487050,KXBTCD-25MAY2018-T106749.99,DELTA,83,30,87,10,819,yes,84,-350
2025-05-20T14:04:02.516136,KXBTCD-25MAY2018-T106749.99,DELTA,83,30,87,10,820,no,11,-500
2025-05-20T14:04:02.628832,KXBTCD-25MAY2018-T106749.99,DELTA,83,30,87,10,821,yes,82,150
2025-05-20T14:04:02.629465,KXBTCD-25MAY2018-T106749.99,DELTA,83,30,86,250,822,no,14,250
2025-05-20T14:04:02.725999,KXBTCD-25MAY2018-T106749.99,DELTA,83,30,86,250,823,yes,78,-100
2025-05-20T14:04:02.726286,KXBTCD-25MAY2018-T106749.99,DELTA,83,30,87,10,824,no,14,-250
2025-05-20T14:04:02.766573,KXBTCD-25MAY2018-T106749.99,DELTA,83,30,87,10,825,yes,82,-150
2025-05-20T14:04:02.870629,KXBTCD-25MAY2018-T106749.99,DELTA,83,230,87,10,826,yes,83,200
2025-05-20T14:04:02.886093,KXBTCD-25MAY2018-T106749.99,DELTA,83,230,87,210,827,no,13,200
2025-05-20T14:04:03.130603,KXBTCD-25MAY2018-T106749.99,DELTA,83,30,87,210,828,yes,83,-200
2025-05-20T14:04:03.150599,KXBTCD-25MAY2018-T106749.99,DELTA,83,30,87,10,829,no,13,-200
2025-05-20T14:04:03.188898,KXBTCD-25MAY2018-T106749.99,DELTA,84,2000,87,10,830,yes,84,2000
2025-05-20T14:04:03.208107,KXBTCD-25MAY2018-T106749.99,DELTA,84,2000,87,10,831,yes,83,250
2025-05-20T14:04:03.208662,KXBTCD-25MAY2018-T106749.99,DELTA,84,2000,87,210,832,no,13,200
2025-05-20T14:04:03.270160,KXBTCD-25MAY2018-T106749.99,DELTA,83,280,87,210,833,yes,84,-2000
2025-05-20T14:04:03.292357,KXBTCD-25MAY2018-T106749.99,DELTA,84,1000,87,210,834,yes,84,1000
2025-05-20T14:04:03.531038,KXBTCD-25MAY2018-T106749.99,DELTA,84,3000,87,210,835,yes,84,2000
2025-05-20T14:04:03.595553,KXBTCD-25MAY2018-T106749.99,DELTA,84,4250,87,210,836,yes,84,1250
2025-05-20T14:04:04.008612,KXBTCD-25MAY2018-T106749.99,DELTA,84,4250,87,210,837,yes,80,100
2025-05-20T14:04:04.029534,KXBTCD-25MAY2018-T106749.99,DELTA,84,4250,87,210,838,no,12,100
2025-05-20T14:04:04.249144,KXBTCD-25MAY2018-T106749.99,DELTA,84,2250,87,210,839,yes,84,-2000
2025-05-20T14:04:04.314189,KXBTCD-25MAY2018-T106749.99,DELTA,84,2250,87,210,840,yes,83,2000
2025-05-20T14:04:04.314326,KXBTCD-25MAY2018-T106749.99,DELTA,84,2250,87,210,841,yes,80,-100
2025-05-20T14:04:04.728352,KXBTCD-25MAY2018-T106749.99,DELTA,84,2250,87,210,842,yes,83,-2000
2025-05-20T14:04:04.815179,KXBTCD-25MAY2018-T106749.99,DELTA,84,4250,87,210,843,yes,84,2000
2025-05-20T14:04:04.849331,KXBTCD-25MAY2018-T106749.99,DELTA,84,4250,87,210,844,no,4,9
2025-05-20T14:04:05.299630,KXBTCD-25MAY2018-T106749.99,DELTA,84,4250,87,210,845,yes,80,100
2025-05-20T14:04:05.330035,KXBTCD-25MAY2018-T106749.99,DELTA,84,4250,87,10,846,no,13,-200
2025-05-20T14:04:05.412962,KXBTCD-25MAY2018-T106749.99,DELTA,84,4250,87,10,847,no,12,500
2025-05-20T14:04:05.689765,KXBTCD-25MAY2018-T106749.99,DELTA,84,4250,87,10,848,yes,6,-5400
2025-05-20T14:04:05.690168,KXBTCD-25MAY2018-T106749.99,DELTA,84,4250,87,10,849,yes,4,8100
2025-05-20T14:04:06.017315,KXBTCD-25MAY2018-T106749.99,DELTA,84,4250,87,10,850,yes,5,20000
2025-05-20T14:04:07.011816,KXBTCD-25MAY2018-T106749.99,DELTA,84,2250,87,10,851,yes,84,-2000
2025-05-20T14:04:07.050042,KXBTCD-25MAY2018-T106749.99,DELTA,84,2250,87,10,852,yes,83,2000
2025-05-20T14:04:07.129319,KXBTCD-25MAY2018-T106749.99,DELTA,84,2250,87,10,853,no,4,-9
2025-05-20T14:04:08.007203,KXBTCD-25MAY2018-T106749.99,DELTA,84,2250,87,10,854,yes,4,-8100
2025-05-20T14:04:08.007757,KXBTCD-25MAY2018-T106749.99,DELTA,84,2250,87,10,855,yes,6,5400
2025-05-20T14:04:08.070641,KXBTCD-25MAY2018-T106749.99,DELTA,84,2250,87,10,856,yes,5,-20000
2025-05-20T14:04:08.106996,KXBTCD-25MAY2018-T106749.99,DELTA,84,2250,87,10,857,yes,7,20000
2025-05-20T14:04:09.405471,KXBTCD-25MAY2018-T106749.99,DELTA,84,2250,87,10,858,yes,80,-100
2025-05-20T14:04:09.474529,KXBTCD-25MAY2018-T106749.99,DELTA,84,2250,87,10,859,yes,83,-2000
2025-05-20T14:04:09.474681,KXBTCD-25MAY2018-T106749.99,DELTA,84,1000,87,10,860,yes,84,-1250
2025-05-20T14:04:09.578281,KXBTCD-25MAY2018-T106749.99,DELTA,84,1000,87,10,861,yes,51,2000
2025-05-20T14:04:09.578410,KXBTCD-25MAY2018-T106749.99,DELTA,84,1000,87,10,862,yes,83,1250
2025-05-20T14:04:09.632337,KXBTCD-25MAY2018-T106749.99,DELTA,84,1000,87,10,863,yes,51,-2000
2025-05-20T14:04:09.651679,KXBTCD-25MAY2018-T106749.99,DELTA,84,1000,87,10,864,yes,83,-1250
2025-05-20T14:04:09.685689,KXBTCD-25MAY2018-T106749.99,DELTA,84,1000,87,10,865,yes,83,2000
2025-05-20T14:04:09.685774,KXBTCD-25MAY2018-T106749.99,DELTA,84,2250,87,10,866,yes,84,1250
2025-05-20T14:04:10.026910,KXBTCD-25MAY2018-T106749.99,DELTA,84,2250,87,10,867,yes,6,-5400
2025-05-20T14:04:10.027897,KXBTCD-25MAY2018-T106749.99,DELTA,84,2250,87,10,868,yes,8,4050
2025-05-20T14:04:10.028604,KXBTCD-25MAY2018-T106749.99,DELTA,84,2250,87,10,869,yes,83,-2000
2025-05-20T14:04:10.045692,KXBTCD-25MAY2018-T106749.99,DELTA,84,1000,87,10,870,yes,84,-1250
2025-05-20T14:04:10.107073,KXBTCD-25MAY2018-T106749.99,DELTA,84,1000,87,10,871,yes,7,-20000
2025-05-20T14:04:10.107500,KXBTCD-25MAY2018-T106749.99,DELTA,84,1000,87,10,872,yes,51,2000
2025-05-20T14:04:10.126431,KXBTCD-25MAY2018-T106749.99,DELTA,84,1000,87,10,873,yes,83,-250
2025-05-20T14:04:10.186912,KXBTCD-25MAY2018-T106749.99,DELTA,84,1000,87,10,874,yes,9,20000
2025-05-20T14:04:10.226350,KXBTCD-25MAY2018-T106749.99,DELTA,84,1000,87,10,875,yes,82,350
2025-05-20T14:04:10.347012,KXBTCD-25MAY2018-T106749.99,DELTA,84,1000,87,10,876,yes,80,100
2025-05-20T14:04:10.428187,KXBTCD-25MAY2018-T106749.99,DELTA,84,1000,87,10,877,yes,81,-14
2025-05-20T14:04:10.429542,KXBTCD-25MAY2018-T106749.99,DELTA,84,1000,87,10,878,no,10,-14
2025-05-20T14:04:10.446824,KXBTCD-25MAY2018-T106749.99,DELTA,84,1000,87,10,879,yes,80,14
2025-05-20T14:04:10.468081,KXBTCD-25MAY2018-T106749.99,DELTA,84,1000,87,10,880,yes,83,1250
2025-05-20T14:04:10.468847,KXBTCD-25MAY2018-T106749.99,DELTA,84,1000,87,10,881,no,12,14
2025-05-20T14:04:10.469500,KXBTCD-25MAY2018-T106749.99,DELTA,84,1000,87,10,882,yes,82,-350
2025-05-20T14:04:10.486649,KXBTCD-25MAY2018-T106749.99,DELTA,84,1000,87,10,883,no,12,-500
2025-05-20T14:04:10.487419,KXBTCD-25MAY2018-T106749.99,DELTA,84,1000,87,10,884,yes,83,-30
2025-05-20T14:04:10.488087,KXBTCD-25MAY2018-T106749.99,DELTA,84,1000,87,10,885,yes,81,30
2025-05-20T14:04:10.488705,KXBTCD-25MAY2018-T106749.99,DELTA,84,1000,87,10,886,no,5,-30
2025-05-20T14:04:10.507046,KXBTCD-25MAY2018-T106749.99,DELTA,84,1000,87,10,887,no,7,30
2025-05-20T14:04:10.606119,KXBTCD-25MAY2018-T106749.99,DELTA,84,1000,87,10,888,yes,81,150
2025-05-20T14:04:10.606399,KXBTCD-25MAY2018-T106749.99,DELTA,84,1000,85,250,889,no,15,250
2025-05-20T14:04:10.686481,KXBTCD-25MAY2018-T106749.99,DELTA,83,1250,85,250,890,yes,84,-1000
2025-05-20T14:04:10.687477,KXBTCD-25MAY2018-T106749.99,DELTA,83,1250,85,250,891,yes,81,-150
2025-05-20T14:04:10.747139,KXBTCD-25MAY2018-T106749.99,DELTA,83,1250,85,250,892,yes,80,300
2025-05-20T14:04:10.767672,KXBTCD-25MAY2018-T106749.99,DELTA,83,1250,85,250,893,yes,82,1000
2025-05-20T14:04:10.846919,KXBTCD-25MAY2018-T106749.99,DELTA,82,1000,85,250,894,yes,83,-1250
2025-05-20T14:04:10.927405,KXBTCD-25MAY2018-T106749.99,DELTA,82,1000,85,250,895,yes,81,1250
2025-05-20T14:04:10.928333,KXBTCD-25MAY2018-T106749.99,DELTA,82,1000,85,250,896,yes,51,-2000
2025-05-20T14:04:10.987561,KXBTCD-25MAY2018-T106749.99,DELTA,82,1000,85,250,897,yes,81,2000
2025-05-20T14:04:11.027062,KXBTCD-25MAY2018-T106749.99,DELTA,82,1000,85,250,898,no,8,1000
2025-05-20T14:04:11.087214,KXBTCD-25MAY2018-T106749.99,DELTA,82,1000,85,250,899,yes,8,-4050
2025-05-20T14:04:11.087530,KXBTCD-25MAY2018-T106749.99,DELTA,82,1000,85,250,900,yes,10,3240
2025-05-20T14:04:11.185139,KXBTCD-25MAY2018-T106749.99,DELTA,82,1000,85,250,901,yes,9,-20000
2025-05-20T14:04:11.247600,KXBTCD-25MAY2018-T106749.99,DELTA,82,1000,85,250,902,yes,11,20000
2025-05-20T14:04:11.305843,KXBTCD-25MAY2018-T106749.99,DELTA,82,1000,85,250,903,no,12,-100
2025-05-20T14:04:11.326752,KXBTCD-25MAY2018-T106749.99,DELTA,82,1000,85,250,904,yes,80,-100
2025-05-20T14:04:12.166488,KXBTCD-25MAY2018-T106749.99,DELTA,82,1000,85,250,905,yes,10,-3240
2025-05-20T14:04:12.167614,KXBTCD-25MAY2018-T106749.99,DELTA,82,1000,85,250,906,yes,12,2700
2025-05-20T14:04:12.307080,KXBTCD-25MAY2018-T106749.99,DELTA,82,1000,85,250,907,yes,11,-20000
2025-05-20T14:04:12.308048,KXBTCD-25MAY2018-T106749.99,DELTA,82,1000,85,250,908,no,9,9
2025-05-20T14:04:12.786866,KXBTCD-25MAY2018-T106749.99,DELTA,82,1000,85,250,909,yes,78,100
2025-05-20T14:04:12.805512,KXBTCD-25MAY2018-T106749.99,DELTA,82,1000,85,250,910,no,14,100
2025-05-20T14:04:13.786534,KXBTCD-25MAY2018-T106749.99,DELTA,82,1000,85,250,911,yes,78,-100
2025-05-20T14:04:15.266720,KXBTCD-25MAY2018-T106749.99,DELTA,82,1000,85,250,912,yes,79,100
2025-05-20T14:04:17.245947,KXBTCD-25MAY2018-T106749.99,DELTA,82,1000,85,250,913,yes,12,-2700
2025-05-20T14:04:17.246919,KXBTCD-25MAY2018-T106749.99,DELTA,82,1000,85,250,914,yes,4,8100
2025-05-20T14:04:17.325337,KXBTCD-25MAY2018-T106749.99,DELTA,82,1000,85,250,915,yes,5,20000
2025-05-20T14:04:19.486822,KXBTCD-25MAY2018-T106749.99,DELTA,82,1000,85,250,916,yes,4,-8100
2025-05-20T14:04:19.487710,KXBTCD-25MAY2018-T106749.99,DELTA,82,1000,85,250,917,yes,6,5400
2025-05-20T14:04:19.488577,KXBTCD-25MAY2018-T106749.99,DELTA,82,1000,85,250,918,yes,81,-2000
2025-05-20T14:04:19.526645,KXBTCD-25MAY2018-T106749.99,DELTA,82,1000,85,250,919,yes,51,2000
2025-05-20T14:04:19.546941,KXBTCD-25MAY2018-T106749.99,DELTA,82,1000,85,250,920,yes,81,-1250
2025-05-20T14:04:19.613576,KXBTCD-25MAY2018-T106749.99,DELTA,82,1000,85,250,921,yes,5,-20000
2025-05-20T14:04:19.614427,KXBTCD-25MAY2018-T106749.99,DELTA,82,1000,85,250,922,yes,80,1250
2025-05-20T14:04:19.707605,KXBTCD-25MAY2018-T106749.99,DELTA,82,1000,85,250,923,yes,7,20000
2025-05-20T14:04:20.566595,KXBTCD-25MAY2018-T106749.99,DELTA,82,1000,85,250,924,yes,6,-5400
2025-05-20T14:04:20.567631,KXBTCD-25MAY2018-T106749.99,DELTA,82,1000,85,250,925,yes,8,4050
2025-05-20T14:04:20.626268,KXBTCD-25MAY2018-T106749.99,DELTA,82,1000,85,250,926,yes,7,-20000
2025-05-20T14:04:20.666062,KXBTCD-25MAY2018-T106749.99,DELTA,82,1000,85,250,927,yes,9,20000
2025-05-20T14:04:21.287771,KXBTCD-25MAY2018-T106749.99,DELTA,82,1000,85,250,928,yes,80,-300
2025-05-20T14:04:21.288212,KXBTCD-25MAY2018-T106749.99,DELTA,82,1000,86,100,929,no,15,-250
2025-05-20T14:04:21.345945,KXBTCD-25MAY2018-T106749.99,DELTA,82,1000,86,100,930,yes,80,-1250
2025-05-20T14:04:21.346636,KXBTCD-25MAY2018-T106749.99,DELTA,82,1000,86,100,931,yes,79,250
2025-05-20T14:04:21.366956,KXBTCD-25MAY2018-T106749.99,DELTA,82,1000,83,50,932,no,17,50
2025-05-20T14:04:21.406923,KXBTCD-25MAY2018-T106749.99,DELTA,82,1000,83,50,933,yes,51,-2000
2025-05-20T14:04:21.407788,KXBTCD-25MAY2018-T106749.99,DELTA,82,1000,83,50,934,yes,80,1250
2025-05-20T14:04:21.427575,KXBTCD-25MAY2018-T106749.99,DELTA,82,1000,86,100,935,no,17,-50
2025-05-20T14:04:21.447296,KXBTCD-25MAY2018-T106749.99,DELTA,82,1000,84,400,936,no,16,400
2025-05-20T14:04:21.448229,KXBTCD-25MAY2018-T106749.99,DELTA,82,1000,84,400,937,yes,79,2000
2025-05-20T14:04:21.686566,KXBTCD-25MAY2018-T106749.99,DELTA,82,1000,84,400,938,yes,8,-4050
2025-05-20T14:04:21.687511,KXBTCD-25MAY2018-T106749.99,DELTA,82,1000,84,400,939,yes,10,3240
2025-05-20T14:04:21.747178,KXBTCD-25MAY2018-T106749.99,DELTA,82,1000,84,400,940,yes,9,-20000
2025-05-20T14:04:21.786687,KXBTCD-25MAY2018-T106749.99,DELTA,82,1000,84,400,941,yes,11,20000
2025-05-20T14:04:21.787667,KXBTCD-25MAY2018-T106749.99,DELTA,82,1000,84,400,942,no,9,-9
2025-05-20T14:04:22.127358,KXBTCD-25MAY2018-T106749.99,DELTA,82,1000,84,400,943,yes,81,-30
2025-05-20T14:04:22.128421,KXBTCD-25MAY2018-T106749.99,DELTA,82,1000,84,400,944,yes,80,30
2025-05-20T14:04:22.147090,KXBTCD-25MAY2018-T106749.99,DELTA,82,1000,84,400,945,no,7,-30
2025-05-20T14:04:22.147847,KXBTCD-25MAY2018-T106749.99,DELTA,82,1000,84,400,946,no,9,30
2025-05-20T14:04:22.206622,KXBTCD-25MAY2018-T106749.99,DELTA,82,1000,84,400,947,yes,80,-14
2025-05-20T14:04:22.226290,KXBTCD-25MAY2018-T106749.99,DELTA,82,1000,84,400,948,yes,78,14
2025-05-20T14:04:22.227344,KXBTCD-25MAY2018-T106749.99,DELTA,82,1000,84,400,949,no,12,-14
2025-05-20T14:04:22.227870,KXBTCD-25MAY2018-T106749.99,DELTA,82,1000,84,400,950,no,14,14
2025-05-20T14:04:22.229527,KXBTCD-25MAY2018-T106749.99,DELTA,80,1280,84,400,951,yes,82,-1000
2025-05-20T14:04:22.246108,KXBTCD-25MAY2018-T106749.99,DELTA,80,1280,84,400,952,no,8,-1000
2025-05-20T14:04:22.286699,KXBTCD-25MAY2018-T106749.99,DELTA,81,1000,84,400,953,yes,81,1000
2025-05-20T14:04:22.325677,KXBTCD-25MAY2018-T106749.99,DELTA,81,1000,84,400,954,no,10,1000
2025-05-20T14:04:22.767003,KXBTCD-25MAY2018-T106749.99,DELTA,81,1000,84,400,955,yes,10,-3240
2025-05-20T14:04:22.767749,KXBTCD-25MAY2018-T106749.99,DELTA,81,1000,84,400,956,yes,12,2700
2025-05-20T14:04:22.826633,KXBTCD-25MAY2018-T106749.99,DELTA,81,1000,84,400,957,yes,11,-20000
2025-05-20T14:04:22.946901,KXBTCD-25MAY2018-T106749.99,DELTA,81,1000,84,400,958,yes,79,-2000
2025-05-20T14:04:23.006876,KXBTCD-25MAY2018-T106749.99,DELTA,81,1000,84,400,959,yes,79,2000
2025-05-20T14:04:23.851409,KXBTCD-25MAY2018-T106749.99,DELTA,81,1000,84,400,960,yes,12,-2700
2025-05-20T14:04:23.852527,KXBTCD-25MAY2018-T106749.99,DELTA,81,1000,84,400,961,yes,4,8100
2025-05-20T14:04:23.885753,KXBTCD-25MAY2018-T106749.99,DELTA,81,1000,84,400,962,yes,5,20000
2025-05-20T14:04:24.486302,KXBTCD-25MAY2018-T106749.99,DELTA,81,1000,84,400,963,yes,79,-100
2025-05-20T14:04:24.506428,KXBTCD-25MAY2018-T106749.99,DELTA,81,1000,84,400,964,no,14,-100
2025-05-20T14:04:24.940645,KXBTCD-25MAY2018-T106749.99,DELTA,81,1000,84,400,965,yes,80,-1250
2025-05-20T14:04:24.990674,KXBTCD-25MAY2018-T106749.99,DELTA,81,1000,84,400,966,no,1,3000
2025-05-20T14:04:24.991298,KXBTCD-25MAY2018-T106749.99,DELTA,81,1000,84,400,967,yes,79,1250
2025-05-20T14:04:24.991634,KXBTCD-25MAY2018-T106749.99,DELTA,81,1000,84,400,968,yes,79,-2000
2025-05-20T14:04:25.034428,KXBTCD-25MAY2018-T106749.99,DELTA,81,1000,84,400,969,yes,51,2000
2025-05-20T14:04:25.566812,KXBTCD-25MAY2018-T106749.99,DELTA,81,1000,84,400,970,yes,79,-1250
2025-05-20T14:04:25.632613,KXBTCD-25MAY2018-T106749.99,DELTA,80,30,84,400,971,yes,81,-1000
2025-05-20T14:04:25.687368,KXBTCD-25MAY2018-T106749.99,DELTA,80,1030,84,400,972,yes,80,1000
2025-05-20T14:04:25.688484,KXBTCD-25MAY2018-T106749.99,DELTA,80,1030,84,400,973,yes,79,-250
2025-05-20T14:04:25.767194,KXBTCD-25MAY2018-T106749.99,DELTA,80,1030,84,400,974,yes,77,100
2025-05-20T14:04:25.786663,KXBTCD-25MAY2018-T106749.99,DELTA,80,1030,84,400,975,no,15,100
2025-05-20T14:04:25.806767,KXBTCD-25MAY2018-T106749.99,DELTA,80,1030,85,100,976,no,16,-400
2025-05-20T14:04:25.887172,KXBTCD-25MAY2018-T106749.99,DELTA,80,1030,85,100,977,no,10,-1000
2025-05-20T14:04:25.906972,KXBTCD-25MAY2018-T106749.99,DELTA,80,1030,85,100,978,yes,78,200
2025-05-20T14:04:25.927633,KXBTCD-25MAY2018-T106749.99,DELTA,80,1030,85,1100,979,no,15,1000
2025-05-20T14:04:25.928489,KXBTCD-25MAY2018-T106749.99,DELTA,80,1030,82,150,980,no,18,150
2025-05-20T14:04:25.967405,KXBTCD-25MAY2018-T106749.99,DELTA,80,1030,82,150,981,no,15,-100
2025-05-20T14:04:25.990183,KXBTCD-25MAY2018-T106749.99,DELTA,80,1030,82,150,982,no,10,9
2025-05-20T14:04:26.047664,KXBTCD-25MAY2018-T106749.99,DELTA,80,1030,82,150,983,no,15,-1000
2025-05-20T14:04:26.106898,KXBTCD-25MAY2018-T106749.99,DELTA,80,1030,82,150,984,no,10,1000
2025-05-20T14:04:26.126627,KXBTCD-25MAY2018-T106749.99,DELTA,80,1030,82,150,985,yes,51,-2000
2025-05-20T14:04:26.145994,KXBTCD-25MAY2018-T106749.99,DELTA,80,30,82,150,986,yes,80,-1000
2025-05-20T14:04:26.266252,KXBTCD-25MAY2018-T106749.99,DELTA,81,1000,82,150,987,yes,81,1000
2025-05-20T14:04:26.266670,KXBTCD-25MAY2018-T106749.99,DELTA,81,1000,82,150,988,yes,78,2000
2025-05-20T14:04:26.926377,KXBTCD-25MAY2018-T106749.99,DELTA,81,1000,82,150,989,no,16,100
2025-05-20T14:04:27.127159,KXBTCD-25MAY2018-T106749.99,DELTA,81,1000,84,100,990,no,18,-150
2025-05-20T14:04:27.207709,KXBTCD-25MAY2018-T106749.99,DELTA,81,1000,84,100,991,yes,78,-2000
2025-05-20T14:04:27.226957,KXBTCD-25MAY2018-T106749.99,DELTA,81,1000,83,250,992,no,17,250
2025-05-20T14:04:27.385912,KXBTCD-25MAY2018-T106749.99,DELTA,81,1000,83,250,993,yes,79,2000
2025-05-20T14:04:28.326745,KXBTCD-25MAY2018-T106749.99,DELTA,81,1000,83,250,994,yes,4,-8100
2025-05-20T14:04:28.327584,KXBTCD-25MAY2018-T106749.99,DELTA,81,1000,83,250,995,yes,6,5400
2025-05-20T14:04:28.427532,KXBTCD-25MAY2018-T106749.99,DELTA,81,1000,83,250,996,yes,5,-20000
2025-05-20T14:04:28.451587,KXBTCD-25MAY2018-T106749.99,DELTA,81,1000,83,250,997,no,10,-9
2025-05-20T14:04:28.452274,KXBTCD-25MAY2018-T106749.99,DELTA,81,1000,83,250,998,no,11,9
2025-05-20T14:04:28.525587,KXBTCD-25MAY2018-T106749.99,DELTA,81,1000,83,250,999,yes,7,20000
2025-05-20T14:04:28.766809,KXBTCD-25MAY2018-T106749.99,DELTA,81,1000,83,250,1000,no,1,-3000
2025-05-20T14:04:29.027935,KXBTCD-25MAY2018-T106749.99,DELTA,81,1000,84,100,1001,no,17,-250
2025-05-20T14:04:29.065238,KXBTCD-25MAY2018-T106749.99,DELTA,81,1000,84,500,1002,no,16,400
2025-05-20T14:04:30.506247,KXBTCD-25MAY2018-T106749.99,DELTA,81,1000,84,400,1003,no,16,-100
2025-05-20T14:04:30.546087,KXBTCD-25MAY2018-T106749.99,DELTA,81,1000,84,400,1004,yes,6,-5400
2025-05-20T14:04:30.547027,KXBTCD-25MAY2018-T106749.99,DELTA,81,1000,84,400,1005,yes,8,4050
2025-05-20T14:04:30.646362,KXBTCD-25MAY2018-T106749.99,DELTA,81,1000,84,400,1006,yes,7,-20000
2025-05-20T14:04:30.765993,KXBTCD-25MAY2018-T106749.99,DELTA,81,1000,84,400,1007,yes,9,20000
2025-05-20T14:04:31.425743,KXBTCD-25MAY2018-T106749.99,DELTA,81,1000,84,400,1008,no,15,100
2025-05-20T14:04:31.567791,KXBTCD-25MAY2018-T106749.99,DELTA,81,1000,84,400,1009,yes,8,-4050
2025-05-20T14:04:31.568814,KXBTCD-25MAY2018-T106749.99,DELTA,81,1000,84,400,1010,yes,10,3240
2025-05-20T14:04:31.685217,KXBTCD-25MAY2018-T106749.99,DELTA,81,1000,84,400,1011,yes,9,-20000
2025-05-20T14:04:31.807023,KXBTCD-25MAY2018-T106749.99,DELTA,81,1000,84,400,1012,yes,11,20000
2025-05-20T14:04:31.807514,KXBTCD-25MAY2018-T106749.99,DELTA,81,1000,84,400,1013,yes,78,-200
2025-05-20T14:04:31.948735,KXBTCD-25MAY2018-T106749.99,DELTA,81,1000,84,400,1014,yes,80,200
2025-05-20T14:04:31.949102,KXBTCD-25MAY2018-T106749.99,DELTA,81,1000,84,400,1015,yes,79,-2000
2025-05-20T14:04:32.065798,KXBTCD-25MAY2018-T106749.99,DELTA,81,1000,84,400,1016,yes,80,2000
2025-05-20T14:04:32.208651,KXBTCD-25MAY2018-T106749.99,DELTA,81,1000,85,100,1017,no,16,-400
2025-05-20T14:04:32.208904,KXBTCD-25MAY2018-T106749.99,DELTA,81,1000,85,100,1018,yes,77,-100
2025-05-20T14:04:32.265527,KXBTCD-25MAY2018-T106749.99,DELTA,81,1000,84,150,1019,no,16,150
2025-05-20T14:04:32.406024,KXBTCD-25MAY2018-T106749.99,DELTA,81,1000,85,100,1020,no,16,-150
2025-05-20T14:04:32.466141,KXBTCD-25MAY2018-T106749.99,DELTA,81,1000,85,550,1021,no,15,450
2025-05-20T14:04:32.466439,KXBTCD-25MAY2018-T106749.99,DELTA,81,1000,85,550,1022,yes,80,-2000
2025-05-20T14:04:32.585731,KXBTCD-25MAY2018-T106749.99,DELTA,81,1000,85,550,1023,yes,80,2000
2025-05-20T14:04:32.687042,KXBTCD-25MAY2018-T106749.99,DELTA,81,1000,85,550,1024,yes,10,-3240
2025-05-20T14:04:32.687891,KXBTCD-25MAY2018-T106749.99,DELTA,81,1000,85,550,1025,yes,12,2700
2025-05-20T14:04:32.748319,KXBTCD-25MAY2018-T106749.99,DELTA,81,1000,85,550,1026,no,11,-9
2025-05-20T14:04:32.748991,KXBTCD-25MAY2018-T106749.99,DELTA,81,1000,85,550,1027,yes,80,-2000
2025-05-20T14:04:32.786814,KXBTCD-25MAY2018-T106749.99,DELTA,81,1000,85,550,1028,yes,11,-20000
2025-05-20T14:04:32.807783,KXBTCD-25MAY2018-T106749.99,DELTA,81,1000,85,450,1029,no,15,-100
2025-05-20T14:04:32.867196,KXBTCD-25MAY2018-T106749.99,DELTA,81,3000,85,450,1030,yes,81,2000
2025-05-20T14:04:32.967024,KXBTCD-25MAY2018-T106749.99,DELTA,81,1000,85,450,1031,yes,81,-2000
2025-05-20T14:04:33.086586,KXBTCD-25MAY2018-T106749.99,DELTA,81,1000,85,450,1032,yes,80,2000
2025-05-20T14:04:33.347380,KXBTCD-25MAY2018-T106749.99,DELTA,81,1000,85,450,1033,yes,80,-2000
2025-05-20T14:04:33.466339,KXBTCD-25MAY2018-T106749.99,DELTA,81,3000,85,450,1034,yes,81,2000
2025-05-20T14:04:33.526461,KXBTCD-25MAY2018-T106749.99,DELTA,81,3000,85,450,1035,yes,78,100
2025-05-20T14:04:33.827272,KXBTCD-25MAY2018-T106749.99,DELTA,81,3000,85,450,1036,yes,12,-2700
2025-05-20T14:04:33.828427,KXBTCD-25MAY2018-T106749.99,DELTA,81,3000,85,450,1037,yes,4,8100
2025-05-20T14:04:33.927358,KXBTCD-25MAY2018-T106749.99,DELTA,81,3000,85,450,1038,yes,5,20000
2025-05-20T14:04:34.147129,KXBTCD-25MAY2018-T106749.99,DELTA,81,3000,85,450,1039,no,14,100
2025-05-20T14:04:34.427101,KXBTCD-25MAY2018-T106749.99,DELTA,81,3000,85,450,1040,yes,78,-100
2025-05-20T14:04:35.102872,KXBTCD-25MAY2018-T106749.99,DELTA,81,3000,85,450,1041,yes,4,-8100
2025-05-20T14:04:35.103004,KXBTCD-25MAY2018-T106749.99,DELTA,81,3000,85,450,1042,yes,6,5400
2025-05-20T14:04:35.145727,KXBTCD-25MAY2018-T106749.99,DELTA,81,3000,85,450,1043,yes,79,100
2025-05-20T14:04:35.226551,KXBTCD-25MAY2018-T106749.99,DELTA,81,3000,85,450,1044,yes,5,-20000
2025-05-20T14:04:35.346372,KXBTCD-25MAY2018-T106749.99,DELTA,81,3000,85,450,1045,yes,7,20000
2025-05-20T14:04:36.525839,KXBTCD-25MAY2018-T106749.99,DELTA,81,3000,85,449,1046,no,15,-1
2025-05-20T14:04:36.806721,KXBTCD-25MAY2018-T106749.99,DELTA,81,3000,86,114,1047,no,15,-449
2025-05-20T14:04:36.886545,KXBTCD-25MAY2018-T106749.99,DELTA,81,3000,86,564,1048,no,14,450
2025-05-20T14:04:39.626836,KXBTCD-25MAY2018-T106749.99,DELTA,81,3000,86,564,1049,yes,6,-5400
2025-05-20T14:04:39.628834,KXBTCD-25MAY2018-T106749.99,DELTA,81,3000,86,564,1050,yes,8,4050
2025-05-20T14:04:39.726341,KXBTCD-25MAY2018-T106749.99,DELTA,81,3000,86,564,1051,yes,7,-20000
2025-05-20T14:04:39.827777,KXBTCD-25MAY2018-T106749.99,DELTA,81,3000,86,564,1052,yes,9,20000
2025-05-20T14:04:40.030239,KXBTCD-25MAY2018-T106749.99,DELTA,81,3030,86,564,1053,yes,81,30
2025-05-20T14:04:40.031151,KXBTCD-25MAY2018-T106749.99,DELTA,81,3030,86,564,1054,yes,80,-30
2025-05-20T14:04:40.032268,KXBTCD-25MAY2018-T106749.99,DELTA,81,3030,86,564,1055,no,9,-30
2025-05-20T14:04:40.032872,KXBTCD-25MAY2018-T106749.99,DELTA,81,3030,86,564,1056,no,7,30
2025-05-20T14:04:40.107815,KXBTCD-25MAY2018-T106749.99,DELTA,81,3030,86,564,1057,yes,78,-14
2025-05-20T14:04:40.108805,KXBTCD-25MAY2018-T106749.99,DELTA,81,3030,86,564,1058,yes,79,14
2025-05-20T14:04:40.109860,KXBTCD-25MAY2018-T106749.99,DELTA,81,3030,86,564,1059,no,12,14
2025-05-20T14:04:40.110493,KXBTCD-25MAY2018-T106749.99,DELTA,81,3030,86,550,1060,no,14,-14
2025-05-20T14:04:40.126875,KXBTCD-25MAY2018-T106749.99,DELTA,81,2030,86,550,1061,yes,81,-1000
2025-05-20T14:04:40.146849,KXBTCD-25MAY2018-T106749.99,DELTA,81,2030,86,550,1062,no,10,-1000
2025-05-20T14:04:40.287230,KXBTCD-25MAY2018-T106749.99,DELTA,82,1000,86,550,1063,yes,82,1000
2025-05-20T14:04:40.288565,KXBTCD-25MAY2018-T106749.99,DELTA,82,1000,86,550,1064,no,8,1000
2025-05-20T14:04:40.907290,KXBTCD-25MAY2018-T106749.99,DELTA,82,1000,86,550,1065,yes,80,-200
2025-05-20T14:04:40.945869,KXBTCD-25MAY2018-T106749.99,DELTA,82,1000,86,550,1066,yes,81,450
2025-05-20T14:04:41.027259,KXBTCD-25MAY2018-T106749.99,DELTA,82,1000,86,550,1067,yes,81,-2000
2025-05-20T14:04:41.045572,KXBTCD-25MAY2018-T106749.99,DELTA,82,2250,86,550,1068,yes,82,1250
2025-05-20T14:04:41.159006,KXBTCD-25MAY2018-T106749.99,DELTA,82,4250,86,550,1069,yes,82,2000
2025-05-20T14:04:41.886541,KXBTCD-25MAY2018-T106749.99,DELTA,82,4250,86,550,1070,yes,8,-4050
2025-05-20T14:04:41.887223,KXBTCD-25MAY2018-T106749.99,DELTA,82,4250,86,550,1071,yes,37,875
2025-05-20T14:04:42.006796,KXBTCD-25MAY2018-T106749.99,DELTA,82,4250,86,550,1072,yes,9,-20000
2025-05-20T14:04:46.073749,KXBTCD-25MAY2018-T106749.99,DELTA,82,2250,86,550,1073,yes,82,-2000
2025-05-20T14:04:46.147290,KXBTCD-25MAY2018-T106749.99,DELTA,82,2250,86,550,1074,yes,81,2000
2025-05-20T14:04:46.887640,KXBTCD-25MAY2018-T106749.99,DELTA,82,2250,86,550,1075,yes,81,-450
2025-05-20T14:04:47.007129,KXBTCD-25MAY2018-T106749.99,DELTA,82,2250,86,550,1076,yes,81,100
2025-05-20T14:04:47.026619,KXBTCD-25MAY2018-T106749.99,DELTA,82,2250,86,550,1077,yes,81,-2000
2025-05-20T14:04:47.027360,KXBTCD-25MAY2018-T106749.99,DELTA,82,1000,86,550,1078,yes,82,-1250
2025-05-20T14:04:47.126638,KXBTCD-25MAY2018-T106749.99,DELTA,82,1000,86,550,1079,yes,51,2000
2025-05-20T14:04:48.310763,KXBTCD-25MAY2018-T106749.99,DELTA,82,1000,86,550,1080,yes,81,-100
2025-05-20T14:04:48.346181,KXBTCD-25MAY2018-T106749.99,DELTA,82,1000,86,550,1081,yes,81,300
2025-05-20T14:04:48.445840,KXBTCD-25MAY2018-T106749.99,DELTA,82,1000,86,550,1082,yes,51,-2000
2025-05-20T14:04:48.467509,KXBTCD-25MAY2018-T106749.99,DELTA,82,2250,86,550,1083,yes,82,1250
2025-05-20T14:04:48.546060,KXBTCD-25MAY2018-T106749.99,DELTA,82,2250,86,550,1084,yes,81,2000
2025-05-20T14:04:49.408218,KXBTCD-25MAY2018-T106749.99,DELTA,82,2250,86,550,1085,yes,81,-2000
2025-05-20T14:04:49.546314,KXBTCD-25MAY2018-T106749.99,DELTA,82,4250,86,550,1086,yes,82,2000
2025-05-20T14:04:50.727421,KXBTCD-25MAY2018-T106749.99,DELTA,82,4250,86,550,1087,yes,79,-100
