timestamp,market_ticker,type,yes_bid_price_cents,yes_bid_qty,yes_ask_price_cents,yes_ask_qty_on_no_side,sequence_num,delta_side,delta_price_cents,delta_quantity
2025-05-21T19:00:47.143514,KXBTCD-25MAY2123-T110249.99,SNAPSHOT,27,100,35,100,1,,,
2025-05-21T19:00:48.341091,KXBTCD-25MAY2123-T110249.99,DELTA,27,100,35,100,2,no,3,80000
2025-05-21T19:00:48.341487,KXBTCD-25MAY2123-T110249.99,DELTA,27,100,59,9,3,no,65,-100
2025-05-21T19:00:48.378834,KXBTCD-25MAY2123-T110249.99,DELTA,27,100,59,9,4,yes,9,3000
2025-05-21T19:00:48.381593,KXBTCD-25MAY2123-T110249.99,DELTA,27,100,59,9,5,no,8,8000
2025-05-21T19:00:48.381886,KXBTCD-25MAY2123-T110249.99,DELTA,27,100,59,9,6,yes,3,80000
2025-05-21T19:00:48.382116,KXBTCD-25MAY2123-T110249.99,DELTA,27,100,56,3000,7,no,44,3000
2025-05-21T19:00:48.520281,KXBTCD-25MAY2123-T110249.99,DELTA,27,100,56,3000,8,no,41,-9
2025-05-21T19:00:48.537512,KXBTCD-25MAY2123-T110249.99,DELTA,27,100,56,3000,9,yes,2,9
2025-05-21T19:00:48.538307,KXBTCD-25MAY2123-T110249.99,DELTA,27,100,56,3000,10,no,41,9
2025-05-21T19:00:48.556887,KXBTCD-25MAY2123-T110249.99,DELTA,27,100,56,3000,11,no,4,9
2025-05-21T19:00:48.557149,KXBTCD-25MAY2123-T110249.99,DELTA,28,9,56,3000,12,yes,28,9
2025-05-21T19:00:49.377420,KXBTCD-25MAY2123-T110249.99,DELTA,28,9,56,3000,13,no,2,20000
2025-05-21T19:00:49.377796,KXBTCD-25MAY2123-T110249.99,DELTA,28,9,56,3000,14,yes,2,2000
2025-05-21T19:00:49.403991,KXBTCD-25MAY2123-T110249.99,DELTA,28,9,56,3000,15,no,41,2000
2025-05-21T19:00:49.404414,KXBTCD-25MAY2123-T110249.99,DELTA,28,9,56,3000,16,yes,2,20000
2025-05-21T19:00:49.404669,KXBTCD-25MAY2123-T110249.99,DELTA,28,9,56,3000,17,no,41,1000
2025-05-21T19:00:49.404826,KXBTCD-25MAY2123-T110249.99,DELTA,28,1009,56,3000,18,yes,28,1000
2025-05-21T19:00:49.598144,KXBTCD-25MAY2123-T110249.99,DELTA,28,1009,56,3000,19,yes,2,-9
2025-05-21T19:00:49.598427,KXBTCD-25MAY2123-T110249.99,DELTA,28,1009,56,3000,20,no,4,-9
2025-05-21T19:00:49.623235,KXBTCD-25MAY2123-T110249.99,DELTA,28,1009,56,3000,21,yes,10,9
2025-05-21T19:00:49.637394,KXBTCD-25MAY2123-T110249.99,DELTA,28,1009,56,3000,22,no,41,-9
2025-05-21T19:00:49.637565,KXBTCD-25MAY2123-T110249.99,DELTA,28,1009,55,9,23,no,45,9
2025-05-21T19:00:49.677298,KXBTCD-25MAY2123-T110249.99,DELTA,28,1009,55,9,24,no,8,-8000
2025-05-21T19:00:49.716974,KXBTCD-25MAY2123-T110249.99,DELTA,28,1009,55,9,25,yes,27,-100
2025-05-21T19:00:49.777929,KXBTCD-25MAY2123-T110249.99,DELTA,28,9,55,9,26,yes,28,-1000
2025-05-21T19:00:49.896958,KXBTCD-25MAY2123-T110249.99,DELTA,10,9,55,9,27,yes,28,-9
2025-05-21T19:00:49.897311,KXBTCD-25MAY2123-T110249.99,DELTA,10,18,55,9,28,yes,10,9
2025-05-21T19:00:50.057966,KXBTCD-25MAY2123-T110249.99,DELTA,10,18,33,100,29,no,67,100
2025-05-21T19:00:50.218633,KXBTCD-25MAY2123-T110249.99,DELTA,10,18,33,100,30,yes,2,1000
2025-05-21T19:00:50.219306,KXBTCD-25MAY2123-T110249.99,DELTA,10,18,33,100,31,no,9,8000
2025-05-21T19:00:50.358457,KXBTCD-25MAY2123-T110249.99,DELTA,10,18,33,100,32,no,45,9
2025-05-21T19:00:50.359367,KXBTCD-25MAY2123-T110249.99,DELTA,10,9,33,100,33,yes,10,-9
2025-05-21T19:00:50.379066,KXBTCD-25MAY2123-T110249.99,DELTA,10,9,33,100,34,no,45,-9
2025-05-21T19:00:50.379641,KXBTCD-25MAY2123-T110249.99,DELTA,10,9,32,9,35,no,68,9
2025-05-21T19:00:50.670336,KXBTCD-25MAY2123-T110249.99,DELTA,25,100,32,9,36,yes,25,100
2025-05-21T19:00:50.742036,KXBTCD-25MAY2123-T110249.99,DELTA,25,100,32,9,37,yes,2,-1000
2025-05-21T19:00:50.810823,KXBTCD-25MAY2123-T110249.99,DELTA,26,1000,32,9,38,yes,26,1000
2025-05-21T19:00:50.811615,KXBTCD-25MAY2123-T110249.99,DELTA,26,1000,33,100,39,no,68,-9
2025-05-21T19:00:50.812000,KXBTCD-25MAY2123-T110249.99,DELTA,26,1000,33,100,40,yes,10,-9
2025-05-21T19:00:51.918410,KXBTCD-25MAY2123-T110249.99,DELTA,26,1000,33,100,41,yes,20,24
2025-05-21T19:00:51.918738,KXBTCD-25MAY2123-T110249.99,DELTA,26,1000,33,100,42,no,63,24
2025-05-21T19:00:52.957691,KXBTCD-25MAY2123-T110249.99,DELTA,26,1000,33,100,43,yes,1,-32400
2025-05-21T19:00:52.959110,KXBTCD-25MAY2123-T110249.99,DELTA,26,1000,33,100,44,yes,4,8100
2025-05-21T19:00:53.017608,KXBTCD-25MAY2123-T110249.99,DELTA,26,1000,33,100,45,no,1,-32400
2025-05-21T19:00:53.018641,KXBTCD-25MAY2123-T110249.99,DELTA,26,1000,33,100,46,no,10,3240
2025-05-21T19:00:53.019295,KXBTCD-25MAY2123-T110249.99,DELTA,26,1000,33,100,47,yes,2,-20000
2025-05-21T19:00:53.039037,KXBTCD-25MAY2123-T110249.99,DELTA,26,1000,33,100,48,yes,2,-2000
2025-05-21T19:00:53.079472,KXBTCD-25MAY2123-T110249.99,DELTA,26,1000,33,100,49,yes,5,20000
2025-05-21T19:00:53.080348,KXBTCD-25MAY2123-T110249.99,DELTA,26,1000,33,100,50,yes,5,2000
2025-05-21T19:00:53.081012,KXBTCD-25MAY2123-T110249.99,DELTA,26,1000,33,100,51,no,2,-20000
2025-05-21T19:00:53.138976,KXBTCD-25MAY2123-T110249.99,DELTA,26,1000,33,100,52,no,11,20000
2025-05-21T19:00:55.458141,KXBTCD-25MAY2123-T110249.99,DELTA,26,1000,37,24,53,no,67,-100
2025-05-21T19:00:55.579791,KXBTCD-25MAY2123-T110249.99,DELTA,27,9,37,24,54,yes,27,9
2025-05-21T19:00:55.580429,KXBTCD-25MAY2123-T110249.99,DELTA,27,9,37,24,55,no,45,9
2025-05-21T19:00:55.871854,KXBTCD-25MAY2123-T110249.99,DELTA,27,9,37,24,56,yes,4,-8100
2025-05-21T19:00:55.872081,KXBTCD-25MAY2123-T110249.99,DELTA,27,9,37,24,57,yes,6,5400
2025-05-21T19:00:55.930936,KXBTCD-25MAY2123-T110249.99,DELTA,27,9,37,24,58,no,10,-3240
2025-05-21T19:00:55.931229,KXBTCD-25MAY2123-T110249.99,DELTA,27,9,37,24,59,no,12,2700
2025-05-21T19:00:55.931673,KXBTCD-25MAY2123-T110249.99,DELTA,27,9,37,24,60,yes,5,-20000
2025-05-21T19:00:55.937419,KXBTCD-25MAY2123-T110249.99,DELTA,27,9,37,24,61,yes,5,-2000
2025-05-21T19:00:55.980071,KXBTCD-25MAY2123-T110249.99,DELTA,27,9,37,24,62,yes,7,20000
2025-05-21T19:00:55.998126,KXBTCD-25MAY2123-T110249.99,DELTA,27,9,37,24,63,no,11,-20000
2025-05-21T19:00:55.998373,KXBTCD-25MAY2123-T110249.99,DELTA,27,9,37,24,64,yes,7,2000
2025-05-21T19:00:56.257056,KXBTCD-25MAY2123-T110249.99,DELTA,27,9,32,100,65,no,68,100
2025-05-21T19:00:56.378728,KXBTCD-25MAY2123-T110249.99,DELTA,27,9,32,100,66,no,64,9
2025-05-21T19:00:56.379019,KXBTCD-25MAY2123-T110249.99,DELTA,27,9,32,100,67,no,45,-9
2025-05-21T19:00:56.478198,KXBTCD-25MAY2123-T110249.99,DELTA,26,1000,32,100,68,yes,27,-9
2025-05-21T19:00:56.478594,KXBTCD-25MAY2123-T110249.99,DELTA,26,1000,32,100,69,no,45,-9
2025-05-21T19:00:57.176740,KXBTCD-25MAY2123-T110249.99,DELTA,26,1000,32,100,70,yes,6,-5400
2025-05-21T19:00:57.177161,KXBTCD-25MAY2123-T110249.99,DELTA,26,1000,32,100,71,yes,7,4628
2025-05-21T19:00:57.238016,KXBTCD-25MAY2123-T110249.99,DELTA,26,1000,32,100,72,yes,7,-20000
2025-05-21T19:00:57.238531,KXBTCD-25MAY2123-T110249.99,DELTA,26,1000,32,100,73,no,12,-2700
2025-05-21T19:00:57.238697,KXBTCD-25MAY2123-T110249.99,DELTA,26,1000,32,100,74,no,10,3240
2025-05-21T19:00:57.238809,KXBTCD-25MAY2123-T110249.99,DELTA,26,1000,32,100,75,yes,7,-2000
2025-05-21T19:00:57.298276,KXBTCD-25MAY2123-T110249.99,DELTA,26,1000,32,100,76,yes,8,20000
2025-05-21T19:00:57.298624,KXBTCD-25MAY2123-T110249.99,DELTA,26,1000,32,100,77,yes,8,2000
2025-05-21T19:00:57.299068,KXBTCD-25MAY2123-T110249.99,DELTA,26,1000,32,100,78,no,11,20000
2025-05-21T19:00:58.437660,KXBTCD-25MAY2123-T110249.99,DELTA,26,1000,32,100,79,yes,7,-4628
2025-05-21T19:00:58.438096,KXBTCD-25MAY2123-T110249.99,DELTA,26,1000,32,100,80,yes,4,8100
2025-05-21T19:00:58.499219,KXBTCD-25MAY2123-T110249.99,DELTA,26,1000,32,100,81,no,10,-3240
2025-05-21T19:00:58.499601,KXBTCD-25MAY2123-T110249.99,DELTA,26,1000,32,100,82,no,12,2700
2025-05-21T19:00:58.517494,KXBTCD-25MAY2123-T110249.99,DELTA,26,1000,32,100,83,yes,8,-20000
2025-05-21T19:00:58.536783,KXBTCD-25MAY2123-T110249.99,DELTA,26,1000,32,100,84,yes,8,-2000
2025-05-21T19:00:58.577076,KXBTCD-25MAY2123-T110249.99,DELTA,26,1000,32,100,85,yes,5,20000
2025-05-21T19:00:58.577237,KXBTCD-25MAY2123-T110249.99,DELTA,26,1000,32,100,86,no,11,-20000
2025-05-21T19:00:58.577364,KXBTCD-25MAY2123-T110249.99,DELTA,26,1000,32,100,87,yes,5,2000
2025-05-21T19:00:59.758750,KXBTCD-25MAY2123-T110249.99,DELTA,26,1000,32,100,88,yes,4,-8100
2025-05-21T19:00:59.759238,KXBTCD-25MAY2123-T110249.99,DELTA,26,1000,32,100,89,yes,6,5400
2025-05-21T19:00:59.818158,KXBTCD-25MAY2123-T110249.99,DELTA,26,1000,32,100,90,no,12,-2700
2025-05-21T19:00:59.818998,KXBTCD-25MAY2123-T110249.99,DELTA,26,1000,32,100,91,no,10,3240
2025-05-21T19:00:59.861002,KXBTCD-25MAY2123-T110249.99,DELTA,26,1000,32,100,92,yes,5,-20000
2025-05-21T19:00:59.864142,KXBTCD-25MAY2123-T110249.99,DELTA,26,1000,32,100,93,yes,5,-2000
2025-05-21T19:00:59.898430,KXBTCD-25MAY2123-T110249.99,DELTA,26,1000,32,100,94,no,11,20000
2025-05-21T19:00:59.918262,KXBTCD-25MAY2123-T110249.99,DELTA,26,1000,32,100,95,yes,7,2000
2025-05-21T19:00:59.918660,KXBTCD-25MAY2123-T110249.99,DELTA,26,1000,32,100,96,yes,7,20000
2025-05-21T19:01:01.038679,KXBTCD-25MAY2123-T110249.99,DELTA,26,1000,32,100,97,yes,6,-5400
2025-05-21T19:01:01.039543,KXBTCD-25MAY2123-T110249.99,DELTA,26,1000,32,100,98,yes,7,4628
2025-05-21T19:01:01.097848,KXBTCD-25MAY2123-T110249.99,DELTA,26,1000,32,100,99,no,10,-3240
2025-05-21T19:01:01.098234,KXBTCD-25MAY2123-T110249.99,DELTA,26,1000,32,100,100,no,12,2700
2025-05-21T19:01:01.137727,KXBTCD-25MAY2123-T110249.99,DELTA,26,1000,32,100,101,yes,7,-20000
2025-05-21T19:01:01.138049,KXBTCD-25MAY2123-T110249.99,DELTA,26,1000,32,100,102,yes,7,-2000
2025-05-21T19:01:01.178461,KXBTCD-25MAY2123-T110249.99,DELTA,26,1000,32,100,103,no,11,-20000
2025-05-21T19:01:01.198778,KXBTCD-25MAY2123-T110249.99,DELTA,26,1000,32,100,104,yes,8,20000
2025-05-21T19:01:01.198975,KXBTCD-25MAY2123-T110249.99,DELTA,26,1000,32,100,105,yes,8,2000
2025-05-21T19:01:07.854886,KXBTCD-25MAY2123-T110249.99,DELTA,26,1000,32,100,106,yes,7,-4628
2025-05-21T19:01:07.855138,KXBTCD-25MAY2123-T110249.99,DELTA,26,1000,32,100,107,yes,4,8100
2025-05-21T19:01:07.915867,KXBTCD-25MAY2123-T110249.99,DELTA,26,1000,32,100,108,no,12,-2700
2025-05-21T19:01:07.916138,KXBTCD-25MAY2123-T110249.99,DELTA,26,1000,32,100,109,no,10,3240
2025-05-21T19:01:07.916694,KXBTCD-25MAY2123-T110249.99,DELTA,26,1000,32,100,110,yes,8,-20000
2025-05-21T19:01:07.916857,KXBTCD-25MAY2123-T110249.99,DELTA,26,1000,32,100,111,yes,8,-2000
2025-05-21T19:01:07.957219,KXBTCD-25MAY2123-T110249.99,DELTA,26,1000,32,100,112,yes,5,20000
2025-05-21T19:01:07.977268,KXBTCD-25MAY2123-T110249.99,DELTA,26,1000,32,100,113,no,11,20000
2025-05-21T19:01:08.038663,KXBTCD-25MAY2123-T110249.99,DELTA,26,1000,32,100,114,yes,5,2000
2025-05-21T19:01:08.397957,KXBTCD-25MAY2123-T110249.99,DELTA,26,1000,32,100,115,yes,18,24
2025-05-21T19:01:08.398217,KXBTCD-25MAY2123-T110249.99,DELTA,26,1000,32,100,116,yes,20,-24
2025-05-21T19:01:08.417437,KXBTCD-25MAY2123-T110249.99,DELTA,26,1000,32,100,117,no,63,-24
2025-05-21T19:01:08.417622,KXBTCD-25MAY2123-T110249.99,DELTA,26,1000,32,100,118,no,65,24
2025-05-21T19:01:08.518244,KXBTCD-25MAY2123-T110249.99,DELTA,26,1000,32,100,119,no,9,-8000
2025-05-21T19:01:08.577600,KXBTCD-25MAY2123-T110249.99,DELTA,26,1000,32,100,120,no,11,8000
2025-05-21T19:01:09.017791,KXBTCD-25MAY2123-T110249.99,DELTA,26,1000,35,24,121,no,68,-100
2025-05-21T19:01:09.037935,KXBTCD-25MAY2123-T110249.99,DELTA,26,1000,35,24,122,yes,25,-100
2025-05-21T19:01:09.097912,KXBTCD-25MAY2123-T110249.99,DELTA,18,24,35,24,123,yes,26,-1000
2025-05-21T19:01:09.137373,KXBTCD-25MAY2123-T110249.99,DELTA,18,24,35,24,124,yes,5,1000
2025-05-21T19:01:09.138296,KXBTCD-25MAY2123-T110249.99,DELTA,18,24,35,24,125,no,64,-9
2025-05-21T19:01:09.139102,KXBTCD-25MAY2123-T110249.99,DELTA,18,24,35,24,126,no,45,9
2025-05-21T19:01:10.244653,KXBTCD-25MAY2123-T110249.99,DELTA,23,100,35,24,127,yes,23,100
2025-05-21T19:01:10.245774,KXBTCD-25MAY2123-T110249.99,DELTA,23,100,31,100,128,no,69,100
2025-05-21T19:01:10.317981,KXBTCD-25MAY2123-T110249.99,DELTA,23,100,31,100,129,yes,5,-1000
2025-05-21T19:01:10.382509,KXBTCD-25MAY2123-T110249.99,DELTA,23,100,31,100,130,yes,19,9
2025-05-21T19:01:10.398291,KXBTCD-25MAY2123-T110249.99,DELTA,24,1000,31,100,131,yes,24,1000
2025-05-21T19:01:10.578163,KXBTCD-25MAY2123-T110249.99,DELTA,24,1000,31,100,132,yes,4,-8100
2025-05-21T19:01:10.578847,KXBTCD-25MAY2123-T110249.99,DELTA,24,1000,31,100,133,yes,5,6480
2025-05-21T19:01:10.617459,KXBTCD-25MAY2123-T110249.99,DELTA,24,1000,31,100,134,no,10,-3240
2025-05-21T19:01:10.619718,KXBTCD-25MAY2123-T110249.99,DELTA,24,1000,31,100,135,no,12,2700
2025-05-21T19:01:10.637826,KXBTCD-25MAY2123-T110249.99,DELTA,24,1000,31,100,136,yes,5,-20000
2025-05-21T19:01:10.638683,KXBTCD-25MAY2123-T110249.99,DELTA,24,1000,31,100,137,yes,5,-2000
2025-05-21T19:01:10.678201,KXBTCD-25MAY2123-T110249.99,DELTA,24,1000,31,100,138,no,11,-20000
2025-05-21T19:01:10.678670,KXBTCD-25MAY2123-T110249.99,DELTA,24,1000,31,100,139,yes,6,20000
2025-05-21T19:01:10.697715,KXBTCD-25MAY2123-T110249.99,DELTA,24,1000,31,100,140,yes,6,2000
2025-05-21T19:01:11.181733,KXBTCD-25MAY2123-T110249.99,DELTA,24,1000,31,100,141,yes,18,-24
2025-05-21T19:01:11.182167,KXBTCD-25MAY2123-T110249.99,DELTA,24,1000,31,100,142,yes,16,24
2025-05-21T19:01:11.200628,KXBTCD-25MAY2123-T110249.99,DELTA,24,1000,31,100,143,no,65,-24
2025-05-21T19:01:11.201004,KXBTCD-25MAY2123-T110249.99,DELTA,24,1000,31,100,144,no,66,24
2025-05-21T19:01:11.339757,KXBTCD-25MAY2123-T110249.99,DELTA,24,1000,31,100,145,yes,19,-9
2025-05-21T19:01:11.340316,KXBTCD-25MAY2123-T110249.99,DELTA,24,1000,31,100,146,no,41,-1000
2025-05-21T19:01:11.368747,KXBTCD-25MAY2123-T110249.99,DELTA,24,1000,31,100,147,no,11,-8000
2025-05-21T19:01:11.419627,KXBTCD-25MAY2123-T110249.99,DELTA,24,1000,31,100,148,no,12,8000
2025-05-21T19:01:11.420828,KXBTCD-25MAY2123-T110249.99,DELTA,24,1000,31,1100,149,no,69,1000
2025-05-21T19:01:11.479898,KXBTCD-25MAY2123-T110249.99,DELTA,24,1000,31,1100,150,yes,16,-24
2025-05-21T19:01:11.499323,KXBTCD-25MAY2123-T110249.99,DELTA,24,1000,31,1100,151,no,66,-24
2025-05-21T19:01:11.499813,KXBTCD-25MAY2123-T110249.99,DELTA,24,1000,31,1100,152,yes,15,24
2025-05-21T19:01:11.517315,KXBTCD-25MAY2123-T110249.99,DELTA,24,1000,31,1100,153,no,68,24
2025-05-21T19:01:11.898593,KXBTCD-25MAY2123-T110249.99,DELTA,24,1000,31,1000,154,no,69,-100
2025-05-21T19:01:11.959248,KXBTCD-25MAY2123-T110249.99,DELTA,24,1000,32,24,155,no,69,-1000
2025-05-21T19:01:12.037722,KXBTCD-25MAY2123-T110249.99,DELTA,24,1000,32,24,156,no,41,1000
2025-05-21T19:01:12.118924,KXBTCD-25MAY2123-T110249.99,DELTA,24,1000,32,24,157,no,12,-8000
2025-05-21T19:01:12.120534,KXBTCD-25MAY2123-T110249.99,DELTA,24,1000,32,24,158,yes,23,-100
2025-05-21T19:01:12.159743,KXBTCD-25MAY2123-T110249.99,DELTA,24,1000,32,24,159,no,13,8000
2025-05-21T19:01:12.176983,KXBTCD-25MAY2123-T110249.99,DELTA,15,24,32,24,160,yes,24,-1000
2025-05-21T19:01:12.218842,KXBTCD-25MAY2123-T110249.99,DELTA,15,24,32,24,161,yes,6,1000
2025-05-21T19:01:12.837685,KXBTCD-25MAY2123-T110249.99,DELTA,15,24,29,100,162,no,71,100
2025-05-21T19:01:12.980272,KXBTCD-25MAY2123-T110249.99,DELTA,15,24,29,100,163,yes,10,9
2025-05-21T19:01:13.078549,KXBTCD-25MAY2123-T110249.99,DELTA,15,24,32,24,164,no,71,-100
2025-05-21T19:01:13.178624,KXBTCD-25MAY2123-T110249.99,DELTA,15,24,32,24,165,yes,5,-6480
2025-05-21T19:01:13.179418,KXBTCD-25MAY2123-T110249.99,DELTA,15,24,32,24,166,yes,3,10800
2025-05-21T19:01:13.239784,KXBTCD-25MAY2123-T110249.99,DELTA,15,24,32,24,167,no,12,-2700
2025-05-21T19:01:13.240917,KXBTCD-25MAY2123-T110249.99,DELTA,15,24,32,24,168,no,14,2314
2025-05-21T19:01:13.241550,KXBTCD-25MAY2123-T110249.99,DELTA,15,24,32,24,169,yes,6,-20000
2025-05-21T19:01:13.257760,KXBTCD-25MAY2123-T110249.99,DELTA,15,24,32,24,170,yes,6,-2000
2025-05-21T19:01:13.259375,KXBTCD-25MAY2123-T110249.99,DELTA,15,24,32,24,171,yes,6,-1000
2025-05-21T19:01:13.298713,KXBTCD-25MAY2123-T110249.99,DELTA,15,24,32,24,172,yes,4,1000
2025-05-21T19:01:13.299658,KXBTCD-25MAY2123-T110249.99,DELTA,15,24,32,24,173,yes,4,2000
2025-05-21T19:01:13.300828,KXBTCD-25MAY2123-T110249.99,DELTA,15,24,32,24,174,yes,4,20000
2025-05-21T19:01:13.357996,KXBTCD-25MAY2123-T110249.99,DELTA,15,24,32,24,175,yes,10,9
2025-05-21T19:01:13.358685,KXBTCD-25MAY2123-T110249.99,DELTA,15,24,32,24,176,no,45,9
2025-05-21T19:01:13.628016,KXBTCD-25MAY2123-T110249.99,DELTA,21,100,32,24,177,yes,21,100
2025-05-21T19:01:13.676643,KXBTCD-25MAY2123-T110249.99,DELTA,21,100,32,24,178,yes,4,-1000
2025-05-21T19:01:13.730849,KXBTCD-25MAY2123-T110249.99,DELTA,22,1000,32,24,179,yes,22,1000
2025-05-21T19:01:13.757302,KXBTCD-25MAY2123-T110249.99,DELTA,22,1000,32,24,180,yes,16,9
2025-05-21T19:01:13.758238,KXBTCD-25MAY2123-T110249.99,DELTA,22,1000,32,24,181,yes,10,-9
2025-05-21T19:01:13.758617,KXBTCD-25MAY2123-T110249.99,DELTA,22,1009,32,24,182,yes,22,9
2025-05-21T19:01:13.758920,KXBTCD-25MAY2123-T110249.99,DELTA,22,1009,32,24,183,yes,10,-9
2025-05-21T19:01:14.257316,KXBTCD-25MAY2123-T110249.99,DELTA,22,1009,28,100,184,no,72,100
2025-05-21T19:01:14.378350,KXBTCD-25MAY2123-T110249.99,DELTA,22,1009,28,100,185,no,45,-9
2025-05-21T19:01:14.379971,KXBTCD-25MAY2123-T110249.99,DELTA,22,1000,28,100,186,yes,22,-9
2025-05-21T19:01:14.419738,KXBTCD-25MAY2123-T110249.99,DELTA,22,1000,28,100,187,yes,3,-10800
2025-05-21T19:01:14.420398,KXBTCD-25MAY2123-T110249.99,DELTA,22,1000,28,100,188,yes,1,32400
2025-05-21T19:01:14.478386,KXBTCD-25MAY2123-T110249.99,DELTA,22,1000,28,100,189,yes,4,-20000
2025-05-21T19:01:14.498535,KXBTCD-25MAY2123-T110249.99,DELTA,22,1000,28,100,190,yes,4,-2000
2025-05-21T19:01:14.536390,KXBTCD-25MAY2123-T110249.99,DELTA,22,1000,28,100,191,yes,16,-9
2025-05-21T19:01:14.536568,KXBTCD-25MAY2123-T110249.99,DELTA,22,1000,28,100,192,yes,2,20000
2025-05-21T19:01:14.536771,KXBTCD-25MAY2123-T110249.99,DELTA,22,1000,28,100,193,yes,21,-100
2025-05-21T19:01:14.556265,KXBTCD-25MAY2123-T110249.99,DELTA,22,1000,28,100,194,yes,2,2000
2025-05-21T19:01:14.558019,KXBTCD-25MAY2123-T110249.99,DELTA,22,1000,32,24,195,no,72,-100
2025-05-21T19:01:14.598483,KXBTCD-25MAY2123-T110249.99,DELTA,15,24,32,24,196,yes,22,-1000
2025-05-21T19:01:14.618715,KXBTCD-25MAY2123-T110249.99,DELTA,15,24,32,24,197,yes,2,1000
2025-05-21T19:01:15.618300,KXBTCD-25MAY2123-T110249.99,DELTA,22,100,32,24,198,yes,22,100
2025-05-21T19:01:15.619119,KXBTCD-25MAY2123-T110249.99,DELTA,22,100,32,24,199,yes,1,-32400
2025-05-21T19:01:15.619660,KXBTCD-25MAY2123-T110249.99,DELTA,22,100,32,24,200,yes,2,16200
2025-05-21T19:01:15.619947,KXBTCD-25MAY2123-T110249.99,DELTA,22,100,30,100,201,no,70,100
2025-05-21T19:01:15.678323,KXBTCD-25MAY2123-T110249.99,DELTA,22,100,30,100,202,yes,2,-20000
2025-05-21T19:01:15.679165,KXBTCD-25MAY2123-T110249.99,DELTA,22,100,30,100,203,yes,2,-2000
2025-05-21T19:01:15.697735,KXBTCD-25MAY2123-T110249.99,DELTA,22,100,30,100,204,yes,2,-1000
2025-05-21T19:01:15.780573,KXBTCD-25MAY2123-T110249.99,DELTA,22,100,30,100,205,no,41,-1000
2025-05-21T19:01:15.781491,KXBTCD-25MAY2123-T110249.99,DELTA,22,100,30,100,206,yes,16,9
2025-05-21T19:01:15.818667,KXBTCD-25MAY2123-T110249.99,DELTA,22,100,30,100,207,yes,3,20000
2025-05-21T19:01:15.819350,KXBTCD-25MAY2123-T110249.99,DELTA,23,1000,30,100,208,yes,23,1000
2025-05-21T19:01:15.819967,KXBTCD-25MAY2123-T110249.99,DELTA,23,1000,30,1100,209,no,70,1000
2025-05-21T19:01:15.837629,KXBTCD-25MAY2123-T110249.99,DELTA,23,1000,30,1100,210,yes,3,2000
2025-05-21T19:01:16.520168,KXBTCD-25MAY2123-T110249.99,DELTA,23,1000,30,100,211,no,70,-1000
2025-05-21T19:01:16.580283,KXBTCD-25MAY2123-T110249.99,DELTA,23,1000,30,100,212,no,41,1000
2025-05-21T19:01:16.639784,KXBTCD-25MAY2123-T110249.99,DELTA,23,1000,30,100,213,yes,16,-9
2025-05-21T19:01:16.957744,KXBTCD-25MAY2123-T110249.99,DELTA,23,1000,30,100,214,yes,22,-100
2025-05-21T19:01:17.022261,KXBTCD-25MAY2123-T110249.99,DELTA,15,24,30,100,215,yes,23,-1000
2025-05-21T19:01:17.063080,KXBTCD-25MAY2123-T110249.99,DELTA,15,24,30,100,216,yes,3,1000
2025-05-21T19:01:18.497300,KXBTCD-25MAY2123-T110249.99,DELTA,23,100,30,100,217,yes,23,100
2025-05-21T19:01:18.585230,KXBTCD-25MAY2123-T110249.99,DELTA,23,100,30,100,218,yes,3,-1000
2025-05-21T19:01:18.644095,KXBTCD-25MAY2123-T110249.99,DELTA,24,1000,30,100,219,yes,24,1000
2025-05-21T19:01:18.663398,KXBTCD-25MAY2123-T110249.99,DELTA,24,1000,30,100,220,yes,16,9
2025-05-21T19:01:19.600056,KXBTCD-25MAY2123-T110249.99,DELTA,24,1000,30,100,221,yes,16,24
2025-05-21T19:01:19.600475,KXBTCD-25MAY2123-T110249.99,DELTA,24,1000,30,100,222,no,66,24
2025-05-21T19:01:19.618275,KXBTCD-25MAY2123-T110249.99,DELTA,24,1000,30,100,223,yes,15,-24
2025-05-21T19:01:19.618544,KXBTCD-25MAY2123-T110249.99,DELTA,24,1000,30,100,224,no,68,-24
2025-05-21T19:01:19.738507,KXBTCD-25MAY2123-T110249.99,DELTA,24,1000,30,100,225,yes,16,-9
2025-05-21T19:01:20.043094,KXBTCD-25MAY2123-T110249.99,DELTA,24,1000,30,100,226,yes,19,24
2025-05-21T19:01:20.043752,KXBTCD-25MAY2123-T110249.99,DELTA,24,1000,30,100,227,yes,16,-24
2025-05-21T19:01:20.062400,KXBTCD-25MAY2123-T110249.99,DELTA,24,1000,30,100,228,no,66,-24
2025-05-21T19:01:20.062791,KXBTCD-25MAY2123-T110249.99,DELTA,24,1000,30,100,229,no,64,24
2025-05-21T19:01:20.258923,KXBTCD-25MAY2123-T110249.99,DELTA,24,1000,30,100,230,yes,2,-16200
2025-05-21T19:01:20.259797,KXBTCD-25MAY2123-T110249.99,DELTA,24,1000,30,100,231,yes,1,32400
2025-05-21T19:01:20.320603,KXBTCD-25MAY2123-T110249.99,DELTA,24,1000,30,100,232,yes,3,-20000
2025-05-21T19:01:20.338566,KXBTCD-25MAY2123-T110249.99,DELTA,24,1000,30,100,233,yes,3,-2000
2025-05-21T19:01:20.398786,KXBTCD-25MAY2123-T110249.99,DELTA,24,1000,30,100,234,yes,2,2000
2025-05-21T19:01:20.399916,KXBTCD-25MAY2123-T110249.99,DELTA,24,1000,30,100,235,yes,2,20000
2025-05-21T19:01:20.498607,KXBTCD-25MAY2123-T110249.99,DELTA,24,1000,30,100,236,no,65,9
2025-05-21T19:01:20.517874,KXBTCD-25MAY2123-T110249.99,DELTA,24,1000,30,100,237,no,45,-9
2025-05-21T19:01:20.718147,KXBTCD-25MAY2123-T110249.99,DELTA,24,1000,35,9,238,no,70,-100
2025-05-21T19:01:20.719221,KXBTCD-25MAY2123-T110249.99,DELTA,24,1000,35,9,239,yes,23,-100
2025-05-21T19:01:20.777394,KXBTCD-25MAY2123-T110249.99,DELTA,19,24,35,9,240,yes,24,-1000
2025-05-21T19:01:20.817664,KXBTCD-25MAY2123-T110249.99,DELTA,19,24,35,9,241,yes,2,1000
2025-05-21T19:01:21.718335,KXBTCD-25MAY2123-T110249.99,DELTA,25,100,35,9,242,yes,25,100
2025-05-21T19:01:21.719253,KXBTCD-25MAY2123-T110249.99,DELTA,25,100,34,100,243,no,66,100
2025-05-21T19:01:21.818645,KXBTCD-25MAY2123-T110249.99,DELTA,25,100,34,100,244,yes,2,-1000
2025-05-21T19:01:21.858217,KXBTCD-25MAY2123-T110249.99,DELTA,25,100,34,100,245,no,65,-9
2025-05-21T19:01:21.859242,KXBTCD-25MAY2123-T110249.99,DELTA,25,100,34,100,246,no,45,9
2025-05-21T19:01:21.859984,KXBTCD-25MAY2123-T110249.99,DELTA,25,100,34,100,247,yes,20,9
2025-05-21T19:01:21.860464,KXBTCD-25MAY2123-T110249.99,DELTA,25,100,34,100,248,no,45,9
2025-05-21T19:01:21.860974,KXBTCD-25MAY2123-T110249.99,DELTA,26,9,34,100,249,yes,26,9
2025-05-21T19:01:21.878881,KXBTCD-25MAY2123-T110249.99,DELTA,26,1009,34,100,250,yes,26,1000
2025-05-21T19:01:22.102206,KXBTCD-25MAY2123-T110249.99,DELTA,26,1009,34,100,251,yes,25,-100
2025-05-21T19:01:22.167924,KXBTCD-25MAY2123-T110249.99,DELTA,26,9,34,100,252,yes,26,-1000
2025-05-21T19:01:22.171935,KXBTCD-25MAY2123-T110249.99,DELTA,26,9,34,100,253,yes,2,1000
2025-05-21T19:01:22.281702,KXBTCD-25MAY2123-T110249.99,DELTA,26,9,34,100,254,no,45,-9
2025-05-21T19:01:22.282832,KXBTCD-25MAY2123-T110249.99,DELTA,26,9,33,9,255,no,67,9
2025-05-21T19:01:22.283388,KXBTCD-25MAY2123-T110249.99,DELTA,20,9,33,9,256,yes,26,-9
2025-05-21T19:01:22.283690,KXBTCD-25MAY2123-T110249.99,DELTA,20,9,33,9,257,yes,10,9
2025-05-21T19:01:22.458534,KXBTCD-25MAY2123-T110249.99,DELTA,20,9,33,9,258,no,66,-100
2025-05-21T19:01:22.877375,KXBTCD-25MAY2123-T110249.99,DELTA,20,9,33,9,259,yes,1,-32400
2025-05-21T19:01:22.877675,KXBTCD-25MAY2123-T110249.99,DELTA,20,9,33,9,260,yes,2,16200
2025-05-21T19:01:22.937506,KXBTCD-25MAY2123-T110249.99,DELTA,20,9,33,9,261,yes,2,-20000
2025-05-21T19:01:22.938092,KXBTCD-25MAY2123-T110249.99,DELTA,20,9,33,9,262,yes,2,-2000
2025-05-21T19:01:22.957947,KXBTCD-25MAY2123-T110249.99,DELTA,20,9,33,9,263,yes,2,-1000
2025-05-21T19:01:22.999471,KXBTCD-25MAY2123-T110249.99,DELTA,19,24,33,9,264,yes,20,-9
2025-05-21T19:01:23.000493,KXBTCD-25MAY2123-T110249.99,DELTA,19,24,36,24,265,no,67,-9
2025-05-21T19:01:23.001089,KXBTCD-25MAY2123-T110249.99,DELTA,19,24,36,24,266,no,45,9
2025-05-21T19:01:23.001522,KXBTCD-25MAY2123-T110249.99,DELTA,19,24,36,24,267,yes,10,9
2025-05-21T19:01:23.001929,KXBTCD-25MAY2123-T110249.99,DELTA,19,24,36,24,268,yes,3,20000
2025-05-21T19:01:23.018647,KXBTCD-25MAY2123-T110249.99,DELTA,19,24,36,24,269,yes,3,1000
2025-05-21T19:01:23.019527,KXBTCD-25MAY2123-T110249.99,DELTA,19,24,36,24,270,yes,3,2000
2025-05-21T19:01:23.496460,KXBTCD-25MAY2123-T110249.99,DELTA,25,100,36,24,271,yes,25,100
2025-05-21T19:01:23.517202,KXBTCD-25MAY2123-T110249.99,DELTA,25,100,34,100,272,no,66,100
2025-05-21T19:01:23.559286,KXBTCD-25MAY2123-T110249.99,DELTA,25,100,34,100,273,yes,3,-1000
2025-05-21T19:01:23.578802,KXBTCD-25MAY2123-T110249.99,DELTA,25,100,34,100,274,no,41,-1000
2025-05-21T19:01:23.619065,KXBTCD-25MAY2123-T110249.99,DELTA,25,100,34,100,275,yes,10,-9
2025-05-21T19:01:23.620092,KXBTCD-25MAY2123-T110249.99,DELTA,26,9,34,100,276,yes,26,9
2025-05-21T19:01:23.620768,KXBTCD-25MAY2123-T110249.99,DELTA,26,1009,34,100,277,yes,26,1000
2025-05-21T19:01:23.677726,KXBTCD-25MAY2123-T110249.99,DELTA,26,1009,33,1000,278,no,67,1000
2025-05-21T19:01:23.798658,KXBTCD-25MAY2123-T110249.99,DELTA,26,1009,33,1000,279,yes,25,-100
2025-05-21T19:01:23.799418,KXBTCD-25MAY2123-T110249.99,DELTA,26,1009,33,1000,280,no,45,-9
2025-05-21T19:01:23.800400,KXBTCD-25MAY2123-T110249.99,DELTA,26,1009,33,1000,281,yes,10,-9
2025-05-21T19:01:23.858149,KXBTCD-25MAY2123-T110249.99,DELTA,26,9,33,1000,282,yes,26,-1000
2025-05-21T19:01:23.898745,KXBTCD-25MAY2123-T110249.99,DELTA,26,9,33,1000,283,yes,3,1000
2025-05-21T19:01:24.037518,KXBTCD-25MAY2123-T110249.99,DELTA,26,9,33,1000,284,yes,17,24
2025-05-21T19:01:24.058051,KXBTCD-25MAY2123-T110249.99,DELTA,26,9,33,1000,285,yes,19,-24
2025-05-21T19:01:24.059270,KXBTCD-25MAY2123-T110249.99,DELTA,26,9,33,1000,286,no,65,24
2025-05-21T19:01:24.059957,KXBTCD-25MAY2123-T110249.99,DELTA,26,9,33,1000,287,no,64,-24
2025-05-21T19:01:24.098941,KXBTCD-25MAY2123-T110249.99,DELTA,26,9,33,1000,288,yes,2,-16200
2025-05-21T19:01:24.099620,KXBTCD-25MAY2123-T110249.99,DELTA,26,9,33,1000,289,yes,1,32400
2025-05-21T19:01:24.159397,KXBTCD-25MAY2123-T110249.99,DELTA,26,9,33,1000,290,yes,3,-20000
2025-05-21T19:01:24.160229,KXBTCD-25MAY2123-T110249.99,DELTA,26,9,33,1000,291,no,45,-9
2025-05-21T19:01:24.160927,KXBTCD-25MAY2123-T110249.99,DELTA,17,24,33,1000,292,yes,26,-9
2025-05-21T19:01:24.161356,KXBTCD-25MAY2123-T110249.99,DELTA,17,24,33,1000,293,yes,3,-2000
2025-05-21T19:01:24.177623,KXBTCD-25MAY2123-T110249.99,DELTA,17,24,33,1000,294,yes,3,-1000
2025-05-21T19:01:24.219094,KXBTCD-25MAY2123-T110249.99,DELTA,17,24,33,1000,295,yes,2,2000
2025-05-21T19:01:24.220278,KXBTCD-25MAY2123-T110249.99,DELTA,17,24,33,1000,296,yes,2,1000
2025-05-21T19:01:24.357933,KXBTCD-25MAY2123-T110249.99,DELTA,17,24,33,1000,297,no,66,-100
2025-05-21T19:01:24.398652,KXBTCD-25MAY2123-T110249.99,DELTA,17,24,33,1000,298,yes,2,20000
2025-05-21T19:01:24.417947,KXBTCD-25MAY2123-T110249.99,DELTA,17,24,35,24,299,no,67,-1000
2025-05-21T19:01:24.457988,KXBTCD-25MAY2123-T110249.99,DELTA,17,24,35,24,300,no,41,1000
2025-05-21T19:01:24.577842,KXBTCD-25MAY2123-T110249.99,DELTA,17,24,35,24,301,no,45,9
2025-05-21T19:01:24.578049,KXBTCD-25MAY2123-T110249.99,DELTA,17,24,35,24,302,yes,10,9
2025-05-21T19:01:24.578186,KXBTCD-25MAY2123-T110249.99,DELTA,17,24,35,24,303,no,45,9
2025-05-21T19:01:24.578302,KXBTCD-25MAY2123-T110249.99,DELTA,17,24,35,24,304,yes,10,9
2025-05-21T19:01:24.938369,KXBTCD-25MAY2123-T110249.99,DELTA,17,24,35,24,305,yes,15,24
2025-05-21T19:01:24.939584,KXBTCD-25MAY2123-T110249.99,DELTA,15,24,35,24,306,yes,17,-24
2025-05-21T19:01:24.940274,KXBTCD-25MAY2123-T110249.99,DELTA,15,24,55,18,307,no,65,-24
2025-05-21T19:01:24.940919,KXBTCD-25MAY2123-T110249.99,DELTA,15,24,33,24,308,no,67,24
2025-05-21T19:01:25.037662,KXBTCD-25MAY2123-T110249.99,DELTA,22,100,33,24,309,yes,22,100
2025-05-21T19:01:25.042078,KXBTCD-25MAY2123-T110249.99,DELTA,22,100,30,100,310,no,70,100
2025-05-21T19:01:25.098029,KXBTCD-25MAY2123-T110249.99,DELTA,22,100,30,100,311,yes,2,-1000
2025-05-21T19:01:25.098191,KXBTCD-25MAY2123-T110249.99,DELTA,22,100,30,100,312,no,41,-1000
2025-05-21T19:01:25.158289,KXBTCD-25MAY2123-T110249.99,DELTA,23,1000,30,100,313,yes,23,1000
2025-05-21T19:01:25.158421,KXBTCD-25MAY2123-T110249.99,DELTA,23,1000,30,1100,314,no,70,1000
2025-05-21T19:01:25.298477,KXBTCD-25MAY2123-T110249.99,DELTA,23,1000,30,1100,315,yes,1,-32400
2025-05-21T19:01:25.299308,KXBTCD-25MAY2123-T110249.99,DELTA,23,1000,30,1100,316,yes,2,16200
2025-05-21T19:01:25.358103,KXBTCD-25MAY2123-T110249.99,DELTA,23,1000,30,1100,317,yes,2,-20000
2025-05-21T19:01:25.358742,KXBTCD-25MAY2123-T110249.99,DELTA,23,1000,30,1100,318,yes,2,-2000
2025-05-21T19:01:25.398857,KXBTCD-25MAY2123-T110249.99,DELTA,23,1000,30,1100,319,no,45,-9
2025-05-21T19:01:25.399712,KXBTCD-25MAY2123-T110249.99,DELTA,23,1000,30,1100,320,yes,3,20000
2025-05-21T19:01:25.418328,KXBTCD-25MAY2123-T110249.99,DELTA,23,1000,30,1100,321,yes,10,-9
2025-05-21T19:01:25.477536,KXBTCD-25MAY2123-T110249.99,DELTA,23,1000,30,1100,322,yes,3,2000
2025-05-21T19:01:25.498038,KXBTCD-25MAY2123-T110249.99,DELTA,23,1000,30,1100,323,no,45,-9
2025-05-21T19:01:25.518015,KXBTCD-25MAY2123-T110249.99,DELTA,23,1000,30,1100,324,yes,10,-9
2025-05-21T19:01:26.098488,KXBTCD-25MAY2123-T110249.99,DELTA,23,1000,30,1000,325,no,70,-100
2025-05-21T19:01:26.158411,KXBTCD-25MAY2123-T110249.99,DELTA,23,1000,33,24,326,no,70,-1000
2025-05-21T19:01:26.221590,KXBTCD-25MAY2123-T110249.99,DELTA,23,1000,33,24,327,no,41,1000
2025-05-21T19:01:26.537778,KXBTCD-25MAY2123-T110249.99,DELTA,23,1000,33,24,328,yes,2,-16200
2025-05-21T19:01:26.538482,KXBTCD-25MAY2123-T110249.99,DELTA,23,1000,33,24,329,yes,1,32400
2025-05-21T19:01:26.599218,KXBTCD-25MAY2123-T110249.99,DELTA,23,1000,33,24,330,yes,3,-20000
2025-05-21T19:01:26.600288,KXBTCD-25MAY2123-T110249.99,DELTA,23,1000,33,24,331,yes,3,-2000
2025-05-21T19:01:26.637897,KXBTCD-25MAY2123-T110249.99,DELTA,23,1000,33,24,332,yes,2,2000
2025-05-21T19:01:26.638631,KXBTCD-25MAY2123-T110249.99,DELTA,23,1000,33,24,333,yes,2,20000
2025-05-21T19:01:26.657742,KXBTCD-25MAY2123-T110249.99,DELTA,24,9,33,24,334,yes,24,9
2025-05-21T19:01:26.658758,KXBTCD-25MAY2123-T110249.99,DELTA,24,9,33,24,335,no,45,9
2025-05-21T19:01:26.718009,KXBTCD-25MAY2123-T110249.99,DELTA,24,9,26,20,336,no,74,20
2025-05-21T19:01:26.958070,KXBTCD-25MAY2123-T110249.99,DELTA,24,9,26,20,337,no,70,100
2025-05-21T19:01:27.017602,KXBTCD-25MAY2123-T110249.99,DELTA,24,9,26,20,338,no,41,-1000
2025-05-21T19:01:27.116483,KXBTCD-25MAY2123-T110249.99,DELTA,24,9,26,20,339,no,45,-9
2025-05-21T19:01:27.116751,KXBTCD-25MAY2123-T110249.99,DELTA,24,9,26,20,340,no,45,9
2025-05-21T19:01:27.151116,KXBTCD-25MAY2123-T110249.99,DELTA,24,9,26,20,341,no,70,-100
2025-05-21T19:01:27.151336,KXBTCD-25MAY2123-T110249.99,DELTA,23,1000,26,20,342,yes,24,-9
2025-05-21T19:01:27.185861,KXBTCD-25MAY2123-T110249.99,DELTA,23,1000,26,20,343,no,70,1000
2025-05-21T19:01:27.201627,KXBTCD-25MAY2123-T110249.99,DELTA,23,1000,26,20,344,no,70,-1000
2025-05-21T19:01:27.217901,KXBTCD-25MAY2123-T110249.99,DELTA,23,1000,26,20,345,no,41,1000
2025-05-21T19:01:27.778081,KXBTCD-25MAY2123-T110249.99,DELTA,23,1000,26,20,346,yes,1,-32400
2025-05-21T19:01:27.778347,KXBTCD-25MAY2123-T110249.99,DELTA,23,1000,26,20,347,yes,2,16200
2025-05-21T19:01:27.836814,KXBTCD-25MAY2123-T110249.99,DELTA,23,1000,26,20,348,yes,2,-20000
2025-05-21T19:01:27.837076,KXBTCD-25MAY2123-T110249.99,DELTA,23,1000,26,20,349,yes,2,-2000
2025-05-21T19:01:27.877969,KXBTCD-25MAY2123-T110249.99,DELTA,23,1000,26,20,350,yes,3,20000
2025-05-21T19:01:27.878273,KXBTCD-25MAY2123-T110249.99,DELTA,23,1000,26,20,351,yes,3,2000
2025-05-21T19:01:27.897914,KXBTCD-25MAY2123-T110249.99,DELTA,23,1000,26,20,352,no,45,-9
2025-05-21T19:01:27.898333,KXBTCD-25MAY2123-T110249.99,DELTA,23,1000,26,20,353,no,45,1
2025-05-21T19:01:27.898478,KXBTCD-25MAY2123-T110249.99,DELTA,23,1000,26,20,354,no,68,8
2025-05-21T19:01:27.957371,KXBTCD-25MAY2123-T110249.99,DELTA,23,1000,26,20,355,no,71,100
2025-05-21T19:01:32.479609,KXBTCD-25MAY2123-T110249.99,DELTA,23,1000,26,20,356,yes,15,-24
2025-05-21T19:01:32.480581,KXBTCD-25MAY2123-T110249.99,DELTA,23,1000,26,20,357,yes,17,24
2025-05-21T19:01:32.497792,KXBTCD-25MAY2123-T110249.99,DELTA,23,1000,26,20,358,no,67,-24
2025-05-21T19:01:32.498739,KXBTCD-25MAY2123-T110249.99,DELTA,23,1000,26,20,359,no,66,24
2025-05-21T19:01:32.578170,KXBTCD-25MAY2123-T110249.99,DELTA,23,1000,26,20,360,yes,2,-16200
2025-05-21T19:01:32.579179,KXBTCD-25MAY2123-T110249.99,DELTA,23,1000,26,20,361,yes,1,32400
2025-05-21T19:01:32.598474,KXBTCD-25MAY2123-T110249.99,DELTA,23,1000,26,20,362,no,45,-1
2025-05-21T19:01:32.599401,KXBTCD-25MAY2123-T110249.99,DELTA,23,1000,26,20,363,no,68,-8
2025-05-21T19:01:32.617966,KXBTCD-25MAY2123-T110249.99,DELTA,23,1000,26,20,364,no,68,9
2025-05-21T19:01:32.658950,KXBTCD-25MAY2123-T110249.99,DELTA,23,1000,26,20,365,no,71,-100
2025-05-21T19:01:32.659912,KXBTCD-25MAY2123-T110249.99,DELTA,23,1000,26,20,366,yes,3,-20000
2025-05-21T19:01:32.660534,KXBTCD-25MAY2123-T110249.99,DELTA,23,1000,26,20,367,yes,22,-100
2025-05-21T19:01:32.679798,KXBTCD-25MAY2123-T110249.99,DELTA,23,1000,26,20,368,yes,3,-2000
2025-05-21T19:01:32.717555,KXBTCD-25MAY2123-T110249.99,DELTA,23,1000,26,20,369,yes,2,2000
2025-05-21T19:01:32.719258,KXBTCD-25MAY2123-T110249.99,DELTA,17,24,26,20,370,yes,23,-1000
2025-05-21T19:01:32.738597,KXBTCD-25MAY2123-T110249.99,DELTA,17,24,26,20,371,yes,2,20000
2025-05-21T19:01:32.758696,KXBTCD-25MAY2123-T110249.99,DELTA,17,24,26,20,372,yes,2,1000
2025-05-21T19:01:33.780366,KXBTCD-25MAY2123-T110249.99,DELTA,17,24,26,20,373,no,69,100
2025-05-21T19:01:33.798125,KXBTCD-25MAY2123-T110249.99,DELTA,23,100,26,20,374,yes,23,100
2025-05-21T19:01:33.857955,KXBTCD-25MAY2123-T110249.99,DELTA,23,100,26,20,375,no,41,-1000
2025-05-21T19:01:33.858735,KXBTCD-25MAY2123-T110249.99,DELTA,23,100,26,20,376,yes,2,-1000
2025-05-21T19:01:33.945228,KXBTCD-25MAY2123-T110249.99,DELTA,24,1000,26,20,377,yes,24,1000
2025-05-21T19:01:33.945464,KXBTCD-25MAY2123-T110249.99,DELTA,24,1000,26,20,378,no,69,1000
2025-05-21T19:01:33.945574,KXBTCD-25MAY2123-T110249.99,DELTA,24,1000,26,20,379,no,45,1
2025-05-21T19:01:33.945664,KXBTCD-25MAY2123-T110249.99,DELTA,24,1000,26,20,380,no,70,8
2025-05-21T19:01:33.945748,KXBTCD-25MAY2123-T110249.99,DELTA,24,1000,26,20,381,yes,10,9
2025-05-21T19:01:33.945829,KXBTCD-25MAY2123-T110249.99,DELTA,24,1000,26,20,382,no,68,-9
2025-05-21T19:01:35.217679,KXBTCD-25MAY2123-T110249.99,DELTA,24,1000,26,20,383,yes,1,-32400
2025-05-21T19:01:35.217885,KXBTCD-25MAY2123-T110249.99,DELTA,24,1000,26,20,384,yes,2,16200
2025-05-21T19:01:35.297633,KXBTCD-25MAY2123-T110249.99,DELTA,24,1000,26,20,385,yes,2,-20000
2025-05-21T19:01:35.298880,KXBTCD-25MAY2123-T110249.99,DELTA,24,1000,26,20,386,yes,2,-2000
2025-05-21T19:01:35.338605,KXBTCD-25MAY2123-T110249.99,DELTA,24,1000,26,20,387,no,45,-1
2025-05-21T19:01:35.339384,KXBTCD-25MAY2123-T110249.99,DELTA,24,1000,26,20,388,yes,10,-9
2025-05-21T19:01:35.339927,KXBTCD-25MAY2123-T110249.99,DELTA,24,1000,26,20,389,yes,3,20000
2025-05-21T19:01:35.357284,KXBTCD-25MAY2123-T110249.99,DELTA,24,1000,26,20,390,yes,3,2000
2025-05-21T19:01:36.419896,KXBTCD-25MAY2123-T110249.99,DELTA,24,1000,26,20,391,yes,2,-16200
2025-05-21T19:01:36.420550,KXBTCD-25MAY2123-T110249.99,DELTA,24,1000,26,20,392,yes,1,32400
2025-05-21T19:01:36.480181,KXBTCD-25MAY2123-T110249.99,DELTA,24,1000,26,20,393,yes,3,-20000
2025-05-21T19:01:36.481377,KXBTCD-25MAY2123-T110249.99,DELTA,24,1000,26,20,394,yes,3,-2000
2025-05-21T19:01:36.520312,KXBTCD-25MAY2123-T110249.99,DELTA,24,1000,26,20,395,yes,2,2000
2025-05-21T19:01:36.521367,KXBTCD-25MAY2123-T110249.99,DELTA,24,1000,26,20,396,yes,2,20000
2025-05-21T19:01:37.562828,KXBTCD-25MAY2123-T110249.99,DELTA,24,1000,26,20,397,no,69,-1000
2025-05-21T19:01:37.563966,KXBTCD-25MAY2123-T110249.99,DELTA,24,1000,26,20,398,no,70,1000
2025-05-21T19:01:37.565012,KXBTCD-25MAY2123-T110249.99,DELTA,24,1000,26,20,399,yes,1,-32400
2025-05-21T19:01:37.565745,KXBTCD-25MAY2123-T110249.99,DELTA,24,1000,26,20,400,yes,3,10800
2025-05-21T19:01:37.618606,KXBTCD-25MAY2123-T110249.99,DELTA,24,1000,26,20,401,yes,2,-20000
2025-05-21T19:01:37.619391,KXBTCD-25MAY2123-T110249.99,DELTA,24,1000,26,20,402,yes,2,-2000
2025-05-21T19:01:37.639049,KXBTCD-25MAY2123-T110249.99,DELTA,24,1000,26,20,403,no,45,1
2025-05-21T19:01:37.658556,KXBTCD-25MAY2123-T110249.99,DELTA,24,1000,26,20,404,yes,4,20000
2025-05-21T19:01:37.659295,KXBTCD-25MAY2123-T110249.99,DELTA,24,1000,26,20,405,yes,4,2000
2025-05-21T19:01:38.177141,KXBTCD-25MAY2123-T110249.99,DELTA,24,1000,26,20,406,no,69,-100
2025-05-21T19:01:38.278270,KXBTCD-25MAY2123-T110249.99,DELTA,24,1000,26,20,407,no,70,-1000
2025-05-21T19:01:38.317449,KXBTCD-25MAY2123-T110249.99,DELTA,24,1000,26,20,408,no,41,1000
2025-05-21T19:01:38.458387,KXBTCD-25MAY2123-T110249.99,DELTA,24,1000,26,20,409,no,70,-8
2025-05-21T19:01:38.459232,KXBTCD-25MAY2123-T110249.99,DELTA,24,1000,26,20,410,no,67,8
2025-05-21T19:01:38.997972,KXBTCD-25MAY2123-T110249.99,DELTA,24,1000,26,20,411,yes,23,-100
2025-05-21T19:01:39.077641,KXBTCD-25MAY2123-T110249.99,DELTA,17,24,26,20,412,yes,24,-1000
2025-05-21T19:01:39.118574,KXBTCD-25MAY2123-T110249.99,DELTA,17,24,26,20,413,yes,4,1000
2025-05-21T19:01:39.179125,KXBTCD-25MAY2123-T110249.99,DELTA,17,24,26,20,414,yes,10,9
2025-05-21T19:01:39.653110,KXBTCD-25MAY2123-T110249.99,DELTA,17,24,26,20,415,no,69,100
2025-05-21T19:01:39.719335,KXBTCD-25MAY2123-T110249.99,DELTA,17,24,26,20,416,no,41,-1000
2025-05-21T19:01:39.771749,KXBTCD-25MAY2123-T110249.99,DELTA,17,24,26,20,417,no,70,1000
2025-05-21T19:01:39.854422,KXBTCD-25MAY2123-T110249.99,DELTA,17,24,26,20,418,no,69,-100
2025-05-21T19:01:39.917256,KXBTCD-25MAY2123-T110249.99,DELTA,17,24,26,20,419,no,70,-1000
2025-05-21T19:01:39.974635,KXBTCD-25MAY2123-T110249.99,DELTA,17,24,26,20,420,no,41,1000
2025-05-21T19:01:39.975144,KXBTCD-25MAY2123-T110249.99,DELTA,17,24,26,20,421,no,67,-8
2025-05-21T19:01:39.975363,KXBTCD-25MAY2123-T110249.99,DELTA,17,24,26,20,422,no,45,-1
2025-05-21T19:01:40.417336,KXBTCD-25MAY2123-T110249.99,DELTA,23,100,26,20,423,yes,23,100
2025-05-21T19:01:40.498072,KXBTCD-25MAY2123-T110249.99,DELTA,23,100,26,20,424,yes,4,-1000
2025-05-21T19:01:40.537594,KXBTCD-25MAY2123-T110249.99,DELTA,24,1000,26,20,425,yes,24,1000
2025-05-21T19:01:41.041337,KXBTCD-25MAY2123-T110249.99,DELTA,24,1000,26,20,426,no,69,100
2025-05-21T19:01:41.099113,KXBTCD-25MAY2123-T110249.99,DELTA,24,1000,26,20,427,no,41,-1000
2025-05-21T19:01:41.157635,KXBTCD-25MAY2123-T110249.99,DELTA,24,1000,26,20,428,no,70,8
2025-05-21T19:01:41.158453,KXBTCD-25MAY2123-T110249.99,DELTA,24,1000,26,20,429,no,45,1
2025-05-21T19:01:41.159212,KXBTCD-25MAY2123-T110249.99,DELTA,24,1000,26,20,430,yes,10,-9
2025-05-21T19:01:41.176305,KXBTCD-25MAY2123-T110249.99,DELTA,24,1000,26,20,431,no,69,1000
2025-05-21T19:01:44.679665,KXBTCD-25MAY2123-T110249.99,DELTA,24,1000,26,20,432,no,69,-100
2025-05-21T19:01:44.901976,KXBTCD-25MAY2123-T110249.99,DELTA,24,1000,26,20,433,no,69,-1000
2025-05-21T19:01:44.996882,KXBTCD-25MAY2123-T110249.99,DELTA,24,1000,26,20,434,no,45,-1
2025-05-21T19:01:45.077885,KXBTCD-25MAY2123-T110249.99,DELTA,24,1000,26,20,435,no,41,1000
2025-05-21T19:01:46.198959,KXBTCD-25MAY2123-T110249.99,DELTA,24,1000,26,20,436,no,70,100
2025-05-21T19:01:46.377618,KXBTCD-25MAY2123-T110249.99,DELTA,24,1000,26,20,437,no,70,-8
2025-05-21T19:01:46.378647,KXBTCD-25MAY2123-T110249.99,DELTA,24,1000,26,20,438,no,67,9
2025-05-21T19:01:51.539482,KXBTCD-25MAY2123-T110249.99,DELTA,24,1000,26,20,439,no,70,-100
2025-05-21T19:01:51.540278,KXBTCD-25MAY2123-T110249.99,DELTA,24,1000,26,20,440,yes,23,-100
2025-05-21T19:01:51.620556,KXBTCD-25MAY2123-T110249.99,DELTA,17,24,26,20,441,yes,24,-1000
2025-05-21T19:01:51.657404,KXBTCD-25MAY2123-T110249.99,DELTA,17,24,26,20,442,yes,4,1000
2025-05-21T19:01:51.677981,KXBTCD-25MAY2123-T110249.99,DELTA,17,24,26,20,443,no,67,-9
2025-05-21T19:01:51.681442,KXBTCD-25MAY2123-T110249.99,DELTA,17,24,26,20,444,no,45,1
2025-05-21T19:01:51.697136,KXBTCD-25MAY2123-T110249.99,DELTA,17,24,26,20,445,no,67,8
2025-05-21T19:01:53.042492,KXBTCD-25MAY2123-T110249.99,DELTA,23,100,26,20,446,yes,23,100
2025-05-21T19:01:53.058005,KXBTCD-25MAY2123-T110249.99,DELTA,23,100,26,20,447,no,69,100
2025-05-21T19:01:53.139057,KXBTCD-25MAY2123-T110249.99,DELTA,23,100,26,20,448,yes,4,-1000
2025-05-21T19:01:53.162808,KXBTCD-25MAY2123-T110249.99,DELTA,24,1000,26,20,449,yes,24,1000
2025-05-21T19:01:53.197767,KXBTCD-25MAY2123-T110249.99,DELTA,24,1000,26,20,450,yes,18,9
2025-05-21T19:01:56.577493,KXBTCD-25MAY2123-T110249.99,DELTA,24,1000,26,20,451,no,41,-1000
2025-05-21T19:01:56.618322,KXBTCD-25MAY2123-T110249.99,DELTA,24,1000,26,20,452,no,69,1000
2025-05-21T19:01:56.700521,KXBTCD-25MAY2123-T110249.99,DELTA,24,1000,26,20,453,no,67,-8
2025-05-21T19:01:56.701454,KXBTCD-25MAY2123-T110249.99,DELTA,24,1000,26,20,454,no,70,8
2025-05-21T19:01:56.721470,KXBTCD-25MAY2123-T110249.99,DELTA,24,1000,26,20,455,yes,18,-9
2025-05-21T19:02:00.584138,KXBTCD-25MAY2123-T110249.99,DELTA,24,980,26,20,456,yes,24,-20
2025-05-21T19:02:00.585368,KXBTCD-25MAY2123-T110249.99,DELTA,24,980,30,8,457,no,74,-20
2025-05-21T19:02:00.618662,KXBTCD-25MAY2123-T110249.99,DELTA,24,980,31,1100,458,no,70,-8
2025-05-21T19:02:00.619702,KXBTCD-25MAY2123-T110249.99,DELTA,24,980,31,1100,459,no,45,-1
2025-05-21T19:02:01.557879,KXBTCD-25MAY2123-T110249.99,DELTA,24,980,31,1000,460,no,69,-100
2025-05-21T19:02:01.618114,KXBTCD-25MAY2123-T110249.99,DELTA,24,980,34,24,461,no,69,-1000
2025-05-21T19:02:01.657786,KXBTCD-25MAY2123-T110249.99,DELTA,24,980,34,24,462,no,41,1000
2025-05-21T19:02:02.498365,KXBTCD-25MAY2123-T110249.99,DELTA,24,980,30,100,463,no,70,100
2025-05-21T19:02:02.619774,KXBTCD-25MAY2123-T110249.99,DELTA,24,980,30,100,464,no,45,9
2025-05-21T19:02:13.041801,KXBTCD-25MAY2123-T110249.99,DELTA,24,980,30,100,465,no,41,-1000
2025-05-21T19:02:13.097874,KXBTCD-25MAY2123-T110249.99,DELTA,24,980,30,1100,466,no,70,1000
2025-05-21T19:02:13.098386,KXBTCD-25MAY2123-T110249.99,DELTA,24,980,30,1100,467,yes,15,24
2025-05-21T19:02:13.119412,KXBTCD-25MAY2123-T110249.99,DELTA,24,980,30,1100,468,no,67,24
2025-05-21T19:02:13.165383,KXBTCD-25MAY2123-T110249.99,DELTA,24,980,30,1100,469,yes,17,-24
2025-05-21T19:02:13.165970,KXBTCD-25MAY2123-T110249.99,DELTA,24,980,30,1100,470,no,66,-24
2025-05-21T19:02:13.397641,KXBTCD-25MAY2123-T110249.99,DELTA,24,980,30,1000,471,no,70,-100
2025-05-21T19:02:13.400146,KXBTCD-25MAY2123-T110249.99,DELTA,24,980,30,1000,472,yes,23,-100
2025-05-21T19:02:13.458159,KXBTCD-25MAY2123-T110249.99,DELTA,15,24,30,1000,473,yes,24,-980
2025-05-21T19:02:13.477690,KXBTCD-25MAY2123-T110249.99,DELTA,15,24,33,24,474,no,70,-1000
2025-05-21T19:02:13.538834,KXBTCD-25MAY2123-T110249.99,DELTA,15,24,33,24,475,no,41,1000
2025-05-21T19:02:13.539913,KXBTCD-25MAY2123-T110249.99,DELTA,15,24,33,24,476,yes,4,1000
2025-05-21T19:02:13.957700,KXBTCD-25MAY2123-T110249.99,DELTA,15,24,33,24,477,yes,3,-10800
2025-05-21T19:02:13.958704,KXBTCD-25MAY2123-T110249.99,DELTA,15,24,33,24,478,yes,4,8100
2025-05-21T19:02:14.018371,KXBTCD-25MAY2123-T110249.99,DELTA,15,24,33,24,479,yes,4,-20000
2025-05-21T19:02:14.019155,KXBTCD-25MAY2123-T110249.99,DELTA,15,24,33,24,480,yes,4,-2000
2025-05-21T19:02:14.039260,KXBTCD-25MAY2123-T110249.99,DELTA,15,24,33,24,481,yes,4,-1000
2025-05-21T19:02:14.100372,KXBTCD-25MAY2123-T110249.99,DELTA,15,24,33,24,482,yes,5,20000
2025-05-21T19:02:14.100502,KXBTCD-25MAY2123-T110249.99,DELTA,15,24,33,24,483,yes,5,2000
2025-05-21T19:02:14.100576,KXBTCD-25MAY2123-T110249.99,DELTA,15,24,33,24,484,yes,5,1000
2025-05-21T19:02:14.100642,KXBTCD-25MAY2123-T110249.99,DELTA,15,24,33,24,485,no,45,9
2025-05-21T19:02:14.100706,KXBTCD-25MAY2123-T110249.99,DELTA,15,24,33,24,486,yes,10,9
2025-05-21T19:02:14.159930,KXBTCD-25MAY2123-T110249.99,DELTA,15,24,33,24,487,yes,10,9
2025-05-21T19:02:14.358288,KXBTCD-25MAY2123-T110249.99,DELTA,15,24,33,24,488,no,13,-8000
2025-05-21T19:02:14.418511,KXBTCD-25MAY2123-T110249.99,DELTA,15,24,33,24,489,no,14,8000
2025-05-21T19:02:14.439363,KXBTCD-25MAY2123-T110249.99,DELTA,15,24,33,24,490,yes,14,24
2025-05-21T19:02:14.440630,KXBTCD-25MAY2123-T110249.99,DELTA,15,24,31,24,491,no,69,24
2025-05-21T19:02:14.461865,KXBTCD-25MAY2123-T110249.99,DELTA,14,24,31,24,492,yes,15,-24
2025-05-21T19:02:14.480218,KXBTCD-25MAY2123-T110249.99,DELTA,14,24,31,24,493,no,67,-24
2025-05-21T19:02:14.559148,KXBTCD-25MAY2123-T110249.99,DELTA,21,100,31,24,494,yes,21,100
2025-05-21T19:02:14.560255,KXBTCD-25MAY2123-T110249.99,DELTA,21,100,29,100,495,no,71,100
2025-05-21T19:02:14.598262,KXBTCD-25MAY2123-T110249.99,DELTA,21,100,29,100,496,yes,5,-1000
2025-05-21T19:02:14.598418,KXBTCD-25MAY2123-T110249.99,DELTA,21,100,29,100,497,no,41,-1000
2025-05-21T19:02:14.660600,KXBTCD-25MAY2123-T110249.99,DELTA,21,100,28,1000,498,no,72,1000
2025-05-21T19:02:14.661206,KXBTCD-25MAY2123-T110249.99,DELTA,22,1000,28,1000,499,yes,22,1000
2025-05-21T19:02:14.879928,KXBTCD-25MAY2123-T110249.99,DELTA,22,1000,28,1000,500,no,14,-8000
2025-05-21T19:02:14.978458,KXBTCD-25MAY2123-T110249.99,DELTA,22,1000,28,1000,501,no,15,8000
2025-05-21T19:02:14.979081,KXBTCD-25MAY2123-T110249.99,DELTA,22,1000,28,1000,502,yes,21,-100
2025-05-21T19:02:14.979794,KXBTCD-25MAY2123-T110249.99,DELTA,22,1000,28,1000,503,no,71,-100
2025-05-21T19:02:15.018943,KXBTCD-25MAY2123-T110249.99,DELTA,22,1000,28,1000,504,yes,10,-9
2025-05-21T19:02:15.019608,KXBTCD-25MAY2123-T110249.99,DELTA,22,1000,28,1000,505,no,45,-9
2025-05-21T19:02:15.020060,KXBTCD-25MAY2123-T110249.99,DELTA,22,1000,28,1000,506,yes,10,-9
2025-05-21T19:02:15.020395,KXBTCD-25MAY2123-T110249.99,DELTA,22,1000,28,1000,507,no,45,-9
2025-05-21T19:02:15.039721,KXBTCD-25MAY2123-T110249.99,DELTA,14,24,28,1000,508,yes,22,-1000
2025-05-21T19:02:15.040376,KXBTCD-25MAY2123-T110249.99,DELTA,14,24,31,24,509,no,72,-1000
2025-05-21T19:02:15.099567,KXBTCD-25MAY2123-T110249.99,DELTA,14,24,31,24,510,no,41,1000
2025-05-21T19:02:15.100386,KXBTCD-25MAY2123-T110249.99,DELTA,14,24,31,24,511,yes,5,1000
2025-05-21T19:02:15.299635,KXBTCD-25MAY2123-T110249.99,DELTA,14,24,31,24,512,no,14,-2314
2025-05-21T19:02:15.300765,KXBTCD-25MAY2123-T110249.99,DELTA,14,24,31,24,513,no,16,2025
2025-05-21T19:02:15.417665,KXBTCD-25MAY2123-T110249.99,DELTA,14,24,31,24,514,no,45,9
2025-05-21T19:02:15.418428,KXBTCD-25MAY2123-T110249.99,DELTA,14,24,31,24,515,yes,10,9
2025-05-21T19:02:16.038179,KXBTCD-25MAY2123-T110249.99,DELTA,19,100,31,24,516,yes,19,100
2025-05-21T19:02:16.039514,KXBTCD-25MAY2123-T110249.99,DELTA,19,100,27,100,517,no,73,100
2025-05-21T19:02:16.118093,KXBTCD-25MAY2123-T110249.99,DELTA,19,100,27,100,518,yes,5,-1000
2025-05-21T19:02:16.158573,KXBTCD-25MAY2123-T110249.99,DELTA,20,1000,27,100,519,yes,20,1000
2025-05-21T19:02:16.159915,KXBTCD-25MAY2123-T110249.99,DELTA,20,1000,27,100,520,no,41,-1000
2025-05-21T19:02:16.178604,KXBTCD-25MAY2123-T110249.99,DELTA,20,1000,27,100,521,yes,12,24
2025-05-21T19:02:16.179426,KXBTCD-25MAY2123-T110249.99,DELTA,20,1000,27,100,522,yes,14,-24
2025-05-21T19:02:16.180229,KXBTCD-25MAY2123-T110249.99,DELTA,20,1000,27,100,523,no,45,9
2025-05-21T19:02:16.181591,KXBTCD-25MAY2123-T110249.99,DELTA,20,1000,27,100,524,yes,15,9
2025-05-21T19:02:16.182777,KXBTCD-25MAY2123-T110249.99,DELTA,20,1000,27,100,525,no,69,-24
2025-05-21T19:02:16.183888,KXBTCD-25MAY2123-T110249.99,DELTA,20,1000,27,100,526,no,45,-9
2025-05-21T19:02:16.185120,KXBTCD-25MAY2123-T110249.99,DELTA,20,1000,27,100,527,no,70,24
2025-05-21T19:02:16.197283,KXBTCD-25MAY2123-T110249.99,DELTA,20,1000,27,100,528,yes,10,-9
2025-05-21T19:02:16.198007,KXBTCD-25MAY2123-T110249.99,DELTA,20,1000,27,1100,529,no,73,1000
2025-05-21T19:02:16.339825,KXBTCD-25MAY2123-T110249.99,DELTA,20,1000,27,1100,530,yes,5,1250
2025-05-21T19:02:16.358149,KXBTCD-25MAY2123-T110249.99,DELTA,20,1000,27,1100,531,no,15,-8000
2025-05-21T19:02:16.398806,KXBTCD-25MAY2123-T110249.99,DELTA,20,1000,27,1100,532,no,16,8000
2025-05-21T19:02:16.517475,KXBTCD-25MAY2123-T110249.99,DELTA,20,1000,27,1100,533,yes,5,-1250
2025-05-21T19:02:16.519374,KXBTCD-25MAY2123-T110249.99,DELTA,20,1000,27,100,534,no,73,-1000
2025-05-21T19:02:16.558066,KXBTCD-25MAY2123-T110249.99,DELTA,20,1000,27,100,535,no,41,1000
2025-05-21T19:02:16.658773,KXBTCD-25MAY2123-T110249.99,DELTA,20,1000,27,100,536,yes,4,-8100
2025-05-21T19:02:16.659901,KXBTCD-25MAY2123-T110249.99,DELTA,20,1000,27,100,537,yes,1,32400
2025-05-21T19:02:16.660604,KXBTCD-25MAY2123-T110249.99,DELTA,20,1000,27,100,538,yes,5,1250
2025-05-21T19:02:16.677517,KXBTCD-25MAY2123-T110249.99,DELTA,20,1000,27,100,539,no,41,-1000
2025-05-21T19:02:16.718112,KXBTCD-25MAY2123-T110249.99,DELTA,20,1000,27,100,540,no,16,-2025
2025-05-21T19:02:16.719182,KXBTCD-25MAY2123-T110249.99,DELTA,20,1000,27,100,541,no,17,1905
2025-05-21T19:02:16.719851,KXBTCD-25MAY2123-T110249.99,DELTA,20,1000,27,1100,542,no,73,1000
2025-05-21T19:02:16.720684,KXBTCD-25MAY2123-T110249.99,DELTA,20,1000,27,1100,543,yes,5,-20000
2025-05-21T19:02:16.741505,KXBTCD-25MAY2123-T110249.99,DELTA,20,1000,27,1100,544,yes,5,-2000
2025-05-21T19:02:16.742189,KXBTCD-25MAY2123-T110249.99,DELTA,20,1000,27,1100,545,yes,5,-1250
2025-05-21T19:02:16.778977,KXBTCD-25MAY2123-T110249.99,DELTA,20,1000,27,1100,546,yes,2,20000
2025-05-21T19:02:16.779201,KXBTCD-25MAY2123-T110249.99,DELTA,20,1000,27,1100,547,yes,2,2000
2025-05-21T19:02:16.977557,KXBTCD-25MAY2123-T110249.99,DELTA,20,1000,27,100,548,no,73,-1000
2025-05-21T19:02:17.017278,KXBTCD-25MAY2123-T110249.99,DELTA,20,1000,27,100,549,no,41,1000
2025-05-21T19:02:17.077877,KXBTCD-25MAY2123-T110249.99,DELTA,20,1000,27,100,550,yes,15,-9
2025-05-21T19:02:17.098439,KXBTCD-25MAY2123-T110249.99,DELTA,20,1000,30,24,551,no,73,-100
2025-05-21T19:02:17.816510,KXBTCD-25MAY2123-T110249.99,DELTA,20,1000,30,24,552,yes,1,-32400
2025-05-21T19:02:17.878103,KXBTCD-25MAY2123-T110249.99,DELTA,20,1000,30,24,553,yes,2,-20000
2025-05-21T19:02:17.878289,KXBTCD-25MAY2123-T110249.99,DELTA,20,1000,30,24,554,yes,2,-2000
2025-05-21T19:02:17.938806,KXBTCD-25MAY2123-T110249.99,DELTA,21,9,30,24,555,yes,21,9
2025-05-21T19:02:17.939276,KXBTCD-25MAY2123-T110249.99,DELTA,21,9,30,24,556,no,45,9
2025-05-21T19:02:18.460222,KXBTCD-25MAY2123-T110249.99,DELTA,21,9,27,100,557,no,73,100
2025-05-21T19:02:18.519218,KXBTCD-25MAY2123-T110249.99,DELTA,21,9,27,100,558,no,41,-1000
2025-05-21T19:02:18.576842,KXBTCD-25MAY2123-T110249.99,DELTA,21,9,27,1100,559,no,73,1000
2025-05-21T19:02:18.599950,KXBTCD-25MAY2123-T110249.99,DELTA,21,9,27,1100,560,no,45,-9
2025-05-21T19:02:18.600508,KXBTCD-25MAY2123-T110249.99,DELTA,20,1000,27,1100,561,yes,21,-9
2025-05-21T19:02:18.697830,KXBTCD-25MAY2123-T110249.99,DELTA,20,1000,27,1100,562,no,45,-9
2025-05-21T19:02:18.718022,KXBTCD-25MAY2123-T110249.99,DELTA,20,1000,27,100,563,no,73,-1000
2025-05-21T19:02:18.757559,KXBTCD-25MAY2123-T110249.99,DELTA,20,1000,27,100,564,no,41,1000
2025-05-21T19:02:19.357902,KXBTCD-25MAY2123-T110249.99,DELTA,20,1000,27,100,565,no,41,-1000
2025-05-21T19:02:19.456882,KXBTCD-25MAY2123-T110249.99,DELTA,20,1000,27,100,566,no,45,9
2025-05-21T19:02:19.477371,KXBTCD-25MAY2123-T110249.99,DELTA,20,1000,27,1100,567,no,73,1000
2025-05-21T19:02:23.418361,KXBTCD-25MAY2123-T110249.99,DELTA,20,1000,27,1100,568,yes,1,20
2025-05-21T19:02:23.519704,KXBTCD-25MAY2123-T110249.99,DELTA,20,1000,27,1100,569,no,45,-9
2025-05-21T19:02:29.638312,KXBTCD-25MAY2123-T110249.99,DELTA,20,1000,27,100,570,no,73,-1000
2025-05-21T19:02:29.677410,KXBTCD-25MAY2123-T110249.99,DELTA,20,1000,27,100,571,no,41,1000
2025-05-21T19:02:29.778103,KXBTCD-25MAY2123-T110249.99,DELTA,20,1000,27,100,572,no,45,9
2025-05-21T19:02:31.518580,KXBTCD-25MAY2123-T110249.99,DELTA,20,1000,27,100,573,no,41,-1000
2025-05-21T19:02:31.559695,KXBTCD-25MAY2123-T110249.99,DELTA,20,1000,27,1100,574,no,73,1000
2025-05-21T19:02:32.217732,KXBTCD-25MAY2123-T110249.99,DELTA,20,1000,27,1100,575,yes,19,-100
2025-05-21T19:02:32.278141,KXBTCD-25MAY2123-T110249.99,DELTA,20,1000,27,1100,576,yes,14,24
2025-05-21T19:02:32.278917,KXBTCD-25MAY2123-T110249.99,DELTA,20,1000,27,1100,577,yes,12,-24
2025-05-21T19:02:32.279568,KXBTCD-25MAY2123-T110249.99,DELTA,14,24,27,1100,578,yes,20,-1000
2025-05-21T19:02:32.280055,KXBTCD-25MAY2123-T110249.99,DELTA,14,24,27,1100,579,no,69,24
2025-05-21T19:02:32.280402,KXBTCD-25MAY2123-T110249.99,DELTA,14,24,27,1100,580,no,70,-24
2025-05-21T19:02:32.398372,KXBTCD-25MAY2123-T110249.99,DELTA,14,24,27,100,581,no,73,-1000
2025-05-21T19:02:32.416948,KXBTCD-25MAY2123-T110249.99,DELTA,14,24,27,100,582,yes,10,9
2025-05-21T19:02:32.417804,KXBTCD-25MAY2123-T110249.99,DELTA,14,24,27,100,583,no,45,-9
2025-05-21T19:02:32.437837,KXBTCD-25MAY2123-T110249.99,DELTA,14,24,27,100,584,no,41,1000
2025-05-21T19:02:33.177292,KXBTCD-25MAY2123-T110249.99,DELTA,14,24,31,24,585,no,73,-100
2025-05-21T19:02:33.297461,KXBTCD-25MAY2123-T110249.99,DELTA,14,24,31,24,586,no,45,9
2025-05-21T19:02:33.298814,KXBTCD-25MAY2123-T110249.99,DELTA,14,24,31,24,587,no,45,9
2025-05-21T19:02:33.300438,KXBTCD-25MAY2123-T110249.99,DELTA,14,24,31,24,588,yes,10,9
2025-05-21T19:02:34.038388,KXBTCD-25MAY2123-T110249.99,DELTA,21,100,31,24,589,yes,21,100
2025-05-21T19:02:34.058446,KXBTCD-25MAY2123-T110249.99,DELTA,21,100,29,100,590,no,71,100
2025-05-21T19:02:34.097717,KXBTCD-25MAY2123-T110249.99,DELTA,22,1000,29,100,591,yes,22,1000
2025-05-21T19:02:34.123151,KXBTCD-25MAY2123-T110249.99,DELTA,22,1000,29,100,592,no,41,-1000
2025-05-21T19:02:34.178453,KXBTCD-25MAY2123-T110249.99,DELTA,22,1000,29,100,593,no,41,1000
2025-05-21T19:02:34.197772,KXBTCD-25MAY2123-T110249.99,DELTA,22,1000,29,100,594,yes,10,-9
2025-05-21T19:02:34.197941,KXBTCD-25MAY2123-T110249.99,DELTA,22,1009,29,100,595,yes,22,9
2025-05-21T19:02:34.198078,KXBTCD-25MAY2123-T110249.99,DELTA,22,1009,29,100,596,yes,15,9
2025-05-21T19:02:34.198365,KXBTCD-25MAY2123-T110249.99,DELTA,22,1009,29,100,597,yes,10,-9
2025-05-21T19:02:34.359313,KXBTCD-25MAY2123-T110249.99,DELTA,22,1009,29,100,598,no,41,-1000
2025-05-21T19:02:34.398602,KXBTCD-25MAY2123-T110249.99,DELTA,22,1009,29,1100,599,no,71,1000
2025-05-21T19:02:34.461791,KXBTCD-25MAY2123-T110249.99,DELTA,22,1009,29,1100,600,yes,15,24
2025-05-21T19:02:34.462444,KXBTCD-25MAY2123-T110249.99,DELTA,22,1009,29,1100,601,yes,21,-100
2025-05-21T19:02:34.462886,KXBTCD-25MAY2123-T110249.99,DELTA,22,1009,29,1100,602,no,67,24
2025-05-21T19:02:34.480219,KXBTCD-25MAY2123-T110249.99,DELTA,22,1009,29,1100,603,yes,14,-24
2025-05-21T19:02:34.498946,KXBTCD-25MAY2123-T110249.99,DELTA,22,1009,29,1100,604,no,69,-24
2025-05-21T19:02:34.517250,KXBTCD-25MAY2123-T110249.99,DELTA,22,9,29,1100,605,yes,22,-1000
2025-05-21T19:02:34.557560,KXBTCD-25MAY2123-T110249.99,DELTA,22,9,29,1100,606,yes,16,1000
2025-05-21T19:02:34.578221,KXBTCD-25MAY2123-T110249.99,DELTA,22,9,29,1100,607,no,45,-9
2025-05-21T19:02:34.578341,KXBTCD-25MAY2123-T110249.99,DELTA,16,1000,29,1100,608,yes,22,-9
2025-05-21T19:02:34.938186,KXBTCD-25MAY2123-T110249.99,DELTA,16,1000,29,100,609,no,71,-1000
2025-05-21T19:02:34.979154,KXBTCD-25MAY2123-T110249.99,DELTA,16,1000,29,100,610,no,41,1000
2025-05-21T19:02:35.039292,KXBTCD-25MAY2123-T110249.99,DELTA,16,1000,29,100,611,yes,15,-9
2025-05-21T19:02:35.161009,KXBTCD-25MAY2123-T110249.99,DELTA,15,24,29,100,612,yes,16,-1000
2025-05-21T19:02:35.298828,KXBTCD-25MAY2123-T110249.99,DELTA,22,100,29,100,613,yes,22,100
2025-05-21T19:02:35.377014,KXBTCD-25MAY2123-T110249.99,DELTA,23,1000,29,100,614,yes,23,1000
2025-05-21T19:02:36.118459,KXBTCD-25MAY2123-T110249.99,DELTA,23,1000,33,24,615,no,71,-100
2025-05-21T19:02:36.238168,KXBTCD-25MAY2123-T110249.99,DELTA,23,1000,33,24,616,no,45,9
2025-05-21T19:02:36.257248,KXBTCD-25MAY2123-T110249.99,DELTA,24,9,33,24,617,yes,24,9
2025-05-21T19:02:36.337735,KXBTCD-25MAY2123-T110249.99,DELTA,24,9,33,24,618,yes,22,-100
2025-05-21T19:02:36.397318,KXBTCD-25MAY2123-T110249.99,DELTA,24,9,33,24,619,yes,23,-1000
2025-05-21T19:02:37.577829,KXBTCD-25MAY2123-T110249.99,DELTA,24,9,33,24,620,yes,23,100
2025-05-21T19:02:37.599456,KXBTCD-25MAY2123-T110249.99,DELTA,24,9,31,100,621,no,69,100
2025-05-21T19:02:37.637085,KXBTCD-25MAY2123-T110249.99,DELTA,24,1009,31,100,622,yes,24,1000
2025-05-21T19:02:37.661684,KXBTCD-25MAY2123-T110249.99,DELTA,24,1009,31,100,623,no,41,-1000
2025-05-21T19:02:37.698625,KXBTCD-25MAY2123-T110249.99,DELTA,24,1009,31,100,624,yes,16,9
2025-05-21T19:02:37.699570,KXBTCD-25MAY2123-T110249.99,DELTA,24,1009,31,1100,625,no,69,1000
2025-05-21T19:02:38.057844,KXBTCD-25MAY2123-T110249.99,DELTA,24,1009,31,1100,626,yes,15,-24
2025-05-21T19:02:38.058794,KXBTCD-25MAY2123-T110249.99,DELTA,24,1009,31,1100,627,yes,17,24
2025-05-21T19:02:38.078180,KXBTCD-25MAY2123-T110249.99,DELTA,24,1009,31,1100,628,no,65,24
2025-05-21T19:02:38.079134,KXBTCD-25MAY2123-T110249.99,DELTA,24,1009,31,1100,629,no,67,-24
2025-05-21T19:02:38.080302,KXBTCD-25MAY2123-T110249.99,DELTA,24,1009,31,1100,630,yes,23,-100
2025-05-21T19:02:38.139141,KXBTCD-25MAY2123-T110249.99,DELTA,24,9,31,1100,631,yes,24,-1000
2025-05-21T19:02:38.177790,KXBTCD-25MAY2123-T110249.99,DELTA,17,24,31,1100,632,yes,24,-9
2025-05-21T19:02:38.178988,KXBTCD-25MAY2123-T110249.99,DELTA,17,24,31,1100,633,no,45,-9
2025-05-21T19:02:38.720148,KXBTCD-25MAY2123-T110249.99,DELTA,24,100,31,1100,634,yes,24,100
2025-05-21T19:02:38.777789,KXBTCD-25MAY2123-T110249.99,DELTA,25,1000,31,1100,635,yes,25,1000
2025-05-21T19:02:38.838663,KXBTCD-25MAY2123-T110249.99,DELTA,25,1000,31,1100,636,yes,16,-9
2025-05-21T19:02:38.839846,KXBTCD-25MAY2123-T110249.99,DELTA,25,1000,31,1100,637,no,45,-9
2025-05-21T19:02:38.840533,KXBTCD-25MAY2123-T110249.99,DELTA,25,1000,31,1100,638,yes,18,9
2025-05-21T19:02:39.437896,KXBTCD-25MAY2123-T110249.99,DELTA,25,1000,31,1100,639,yes,24,-100
2025-05-21T19:02:39.439152,KXBTCD-25MAY2123-T110249.99,DELTA,25,1000,31,1000,640,no,69,-100
2025-05-21T19:02:39.497245,KXBTCD-25MAY2123-T110249.99,DELTA,18,9,31,1000,641,yes,25,-1000
2025-05-21T19:02:39.517945,KXBTCD-25MAY2123-T110249.99,DELTA,18,9,35,24,642,no,69,-1000
2025-05-21T19:02:39.567078,KXBTCD-25MAY2123-T110249.99,DELTA,18,9,35,24,643,no,41,1000
2025-05-21T19:02:39.616808,KXBTCD-25MAY2123-T110249.99,DELTA,18,9,35,24,644,yes,10,9
2025-05-21T19:02:39.617356,KXBTCD-25MAY2123-T110249.99,DELTA,17,24,35,24,645,yes,18,-9
2025-05-21T19:02:39.962119,KXBTCD-25MAY2123-T110249.99,DELTA,19,24,35,24,646,yes,19,24
2025-05-21T19:02:39.962908,KXBTCD-25MAY2123-T110249.99,DELTA,19,24,35,24,647,yes,17,-24
2025-05-21T19:02:39.963417,KXBTCD-25MAY2123-T110249.99,DELTA,19,24,56,3000,648,no,65,-24
2025-05-21T19:02:39.963979,KXBTCD-25MAY2123-T110249.99,DELTA,19,24,36,24,649,no,64,24
2025-05-21T19:02:40.078085,KXBTCD-25MAY2123-T110249.99,DELTA,19,24,36,24,650,no,45,9
2025-05-21T19:02:40.078961,KXBTCD-25MAY2123-T110249.99,DELTA,19,24,36,24,651,yes,10,9
2025-05-21T19:02:41.039791,KXBTCD-25MAY2123-T110249.99,DELTA,26,100,36,24,652,yes,26,100
2025-05-21T19:02:41.040806,KXBTCD-25MAY2123-T110249.99,DELTA,26,100,34,100,653,no,66,100
2025-05-21T19:02:41.098979,KXBTCD-25MAY2123-T110249.99,DELTA,27,1000,34,100,654,yes,27,1000
2025-05-21T19:02:41.099842,KXBTCD-25MAY2123-T110249.99,DELTA,27,1000,34,100,655,no,41,-1000
2025-05-21T19:02:41.158181,KXBTCD-25MAY2123-T110249.99,DELTA,27,1000,34,100,656,yes,10,-9
2025-05-21T19:02:41.159685,KXBTCD-25MAY2123-T110249.99,DELTA,27,1000,33,1000,657,no,67,1000
2025-05-21T19:02:41.160388,KXBTCD-25MAY2123-T110249.99,DELTA,27,1000,33,1000,658,no,45,-9
2025-05-21T19:02:41.177702,KXBTCD-25MAY2123-T110249.99,DELTA,27,1000,33,1000,659,yes,10,-9
2025-05-21T19:02:41.178680,KXBTCD-25MAY2123-T110249.99,DELTA,27,1000,33,1000,660,yes,20,9
2025-05-21T19:02:41.179477,KXBTCD-25MAY2123-T110249.99,DELTA,27,1000,33,1000,661,no,45,9
2025-05-21T19:02:42.458585,KXBTCD-25MAY2123-T110249.99,DELTA,27,1000,33,1000,662,no,66,-100
2025-05-21T19:02:42.536784,KXBTCD-25MAY2123-T110249.99,DELTA,27,1000,36,24,663,no,67,-1000
2025-05-21T19:02:42.576851,KXBTCD-25MAY2123-T110249.99,DELTA,27,1000,36,24,664,no,45,-9
2025-05-21T19:02:42.578028,KXBTCD-25MAY2123-T110249.99,DELTA,27,1000,36,24,665,yes,20,-9
2025-05-21T19:02:42.579230,KXBTCD-25MAY2123-T110249.99,DELTA,27,1000,36,24,666,no,41,1000
2025-05-21T19:02:43.418555,KXBTCD-25MAY2123-T110249.99,DELTA,27,1000,33,100,667,no,67,100
2025-05-21T19:02:43.477953,KXBTCD-25MAY2123-T110249.99,DELTA,27,1000,33,100,668,no,41,-1000
2025-05-21T19:02:43.517602,KXBTCD-25MAY2123-T110249.99,DELTA,27,1000,32,1000,669,no,68,1000
2025-05-21T19:02:43.537561,KXBTCD-25MAY2123-T110249.99,DELTA,27,1000,32,1000,670,no,45,9
2025-05-21T19:02:45.017572,KXBTCD-25MAY2123-T110249.99,DELTA,26,100,32,1000,671,yes,27,-1000
2025-05-21T19:02:45.078051,KXBTCD-25MAY2123-T110249.99,DELTA,26,1100,32,1000,672,yes,26,1000
2025-05-21T19:02:45.137883,KXBTCD-25MAY2123-T110249.99,DELTA,26,1100,32,1000,673,yes,20,9
2025-05-21T19:02:45.139064,KXBTCD-25MAY2123-T110249.99,DELTA,26,1100,32,1000,674,no,45,-9
2025-05-21T19:02:48.358109,KXBTCD-25MAY2123-T110249.99,DELTA,26,100,32,1000,675,yes,26,-1000
2025-05-21T19:02:49.533036,KXBTCD-25MAY2123-T110249.99,DELTA,26,100,32,1000,676,no,67,-100
2025-05-21T19:02:49.533453,KXBTCD-25MAY2123-T110249.99,DELTA,20,9,32,1000,677,yes,26,-100
2025-05-21T19:02:49.536608,KXBTCD-25MAY2123-T110249.99,DELTA,20,9,36,24,678,no,68,-1000
2025-05-21T19:02:49.638898,KXBTCD-25MAY2123-T110249.99,DELTA,19,24,36,24,679,yes,20,-9
2025-05-21T19:02:49.639219,KXBTCD-25MAY2123-T110249.99,DELTA,19,24,36,24,680,no,41,1000
2025-05-21T19:02:49.639582,KXBTCD-25MAY2123-T110249.99,DELTA,19,24,31,9,681,no,69,9
2025-05-21T19:02:49.639771,KXBTCD-25MAY2123-T110249.99,DELTA,19,24,31,9,682,yes,10,9
2025-05-21T19:02:49.639938,KXBTCD-25MAY2123-T110249.99,DELTA,19,24,31,9,683,yes,10,9
2025-05-21T19:02:50.997385,KXBTCD-25MAY2123-T110249.99,DELTA,25,100,31,9,684,yes,25,100
2025-05-21T19:02:51.016363,KXBTCD-25MAY2123-T110249.99,DELTA,25,100,31,9,685,no,67,100
2025-05-21T19:02:51.059105,KXBTCD-25MAY2123-T110249.99,DELTA,26,1000,31,9,686,yes,26,1000
2025-05-21T19:02:51.076718,KXBTCD-25MAY2123-T110249.99,DELTA,26,1000,31,9,687,no,41,-1000
2025-05-21T19:02:51.120192,KXBTCD-25MAY2123-T110249.99,DELTA,26,1000,31,9,688,no,68,1000
2025-05-21T19:02:51.120983,KXBTCD-25MAY2123-T110249.99,DELTA,26,1000,31,9,689,yes,20,9
2025-05-21T19:02:51.137459,KXBTCD-25MAY2123-T110249.99,DELTA,26,1000,31,9,690,no,45,9
2025-05-21T19:02:51.138786,KXBTCD-25MAY2123-T110249.99,DELTA,26,1000,31,9,691,yes,10,-9
2025-05-21T19:02:51.157597,KXBTCD-25MAY2123-T110249.99,DELTA,26,1000,32,1000,692,no,69,-9
2025-05-21T19:02:51.158487,KXBTCD-25MAY2123-T110249.99,DELTA,26,1000,32,1000,693,no,45,9
2025-05-21T19:02:51.159163,KXBTCD-25MAY2123-T110249.99,DELTA,26,1000,32,1000,694,yes,10,-9
2025-05-21T19:02:51.159746,KXBTCD-25MAY2123-T110249.99,DELTA,26,1009,32,1000,695,yes,26,9
2025-05-21T19:02:51.559733,KXBTCD-25MAY2123-T110249.99,DELTA,26,1009,32,1000,696,no,67,-100
2025-05-21T19:02:51.623373,KXBTCD-25MAY2123-T110249.99,DELTA,26,1009,36,24,697,no,68,-1000
2025-05-21T19:02:51.656482,KXBTCD-25MAY2123-T110249.99,DELTA,26,1009,36,24,698,no,41,1000
2025-05-21T19:02:51.677619,KXBTCD-25MAY2123-T110249.99,DELTA,26,1000,36,24,699,yes,26,-9
2025-05-21T19:02:51.678072,KXBTCD-25MAY2123-T110249.99,DELTA,26,1000,36,24,700,no,45,-9
2025-05-21T19:02:53.079363,KXBTCD-25MAY2123-T110249.99,DELTA,26,1000,33,100,701,no,67,100
2025-05-21T19:02:53.137810,KXBTCD-25MAY2123-T110249.99,DELTA,26,1000,33,100,702,no,41,-1000
2025-05-21T19:02:53.177515,KXBTCD-25MAY2123-T110249.99,DELTA,26,1000,32,1000,703,no,68,1000
2025-05-21T19:02:53.217082,KXBTCD-25MAY2123-T110249.99,DELTA,26,1000,32,1000,704,yes,20,-9
2025-05-21T19:02:54.439005,KXBTCD-25MAY2123-T110249.99,DELTA,26,1000,32,1000,705,yes,21,24
2025-05-21T19:02:54.458323,KXBTCD-25MAY2123-T110249.99,DELTA,26,1000,32,1000,706,no,62,24
2025-05-21T19:02:54.462465,KXBTCD-25MAY2123-T110249.99,DELTA,26,1000,32,1000,707,yes,19,-24
2025-05-21T19:02:54.477518,KXBTCD-25MAY2123-T110249.99,DELTA,26,1000,32,1000,708,no,64,-24
2025-05-21T19:02:54.559724,KXBTCD-25MAY2123-T110249.99,DELTA,26,1000,32,1000,709,no,45,-9
2025-05-21T19:02:54.940399,KXBTCD-25MAY2123-T110249.99,DELTA,26,1000,32,1000,710,yes,25,-100
2025-05-21T19:02:55.019208,KXBTCD-25MAY2123-T110249.99,DELTA,21,24,32,1000,711,yes,26,-1000
2025-05-21T19:02:55.038539,KXBTCD-25MAY2123-T110249.99,DELTA,21,24,33,100,712,no,68,-1000
2025-05-21T19:02:55.099276,KXBTCD-25MAY2123-T110249.99,DELTA,21,24,33,1100,713,no,67,1000
2025-05-21T19:02:55.857921,KXBTCD-25MAY2123-T110249.99,DELTA,26,100,33,1100,714,yes,26,100
2025-05-21T19:02:55.936654,KXBTCD-25MAY2123-T110249.99,DELTA,27,1000,33,1100,715,yes,27,1000
2025-05-21T19:02:55.978083,KXBTCD-25MAY2123-T110249.99,DELTA,27,1000,33,1100,716,yes,22,9
2025-05-21T19:02:56.200362,KXBTCD-25MAY2123-T110249.99,DELTA,27,1000,33,100,717,no,67,-1000
2025-05-21T19:02:56.260093,KXBTCD-25MAY2123-T110249.99,DELTA,27,1000,33,100,718,no,41,1000
2025-05-21T19:02:56.378874,KXBTCD-25MAY2123-T110249.99,DELTA,27,1000,38,24,719,no,67,-100
2025-05-21T19:02:57.189478,KXBTCD-25MAY2123-T110249.99,DELTA,27,1000,38,24,720,yes,26,-100
2025-05-21T19:02:57.215354,KXBTCD-25MAY2123-T110249.99,DELTA,22,9,38,24,721,yes,27,-1000
2025-05-21T19:02:57.258104,KXBTCD-25MAY2123-T110249.99,DELTA,21,24,38,24,722,yes,22,-9
2025-05-21T19:02:57.277479,KXBTCD-25MAY2123-T110249.99,DELTA,21,24,38,24,723,no,45,9
2025-05-21T19:02:57.278067,KXBTCD-25MAY2123-T110249.99,DELTA,21,24,38,24,724,no,45,9
2025-05-21T19:02:57.278638,KXBTCD-25MAY2123-T110249.99,DELTA,28,9,38,24,725,yes,28,9
2025-05-21T19:02:57.641145,KXBTCD-25MAY2123-T110249.99,DELTA,28,9,38,24,726,yes,22,24
2025-05-21T19:02:57.642127,KXBTCD-25MAY2123-T110249.99,DELTA,28,9,38,24,727,yes,21,-24
2025-05-21T19:02:57.643117,KXBTCD-25MAY2123-T110249.99,DELTA,28,9,38,24,728,no,60,24
2025-05-21T19:02:57.644154,KXBTCD-25MAY2123-T110249.99,DELTA,28,9,40,24,729,no,62,-24
2025-05-21T19:02:57.757331,KXBTCD-25MAY2123-T110249.99,DELTA,22,24,40,24,730,yes,28,-9
2025-05-21T19:02:57.758246,KXBTCD-25MAY2123-T110249.99,DELTA,22,24,40,24,731,yes,10,9
2025-05-21T19:02:58.080360,KXBTCD-25MAY2123-T110249.99,DELTA,22,24,36,100,732,no,64,100
2025-05-21T19:02:58.142594,KXBTCD-25MAY2123-T110249.99,DELTA,22,24,36,100,733,no,41,-1000
2025-05-21T19:02:58.200084,KXBTCD-25MAY2123-T110249.99,DELTA,22,24,35,1000,734,no,65,1000
2025-05-21T19:02:58.201155,KXBTCD-25MAY2123-T110249.99,DELTA,22,24,35,1000,735,no,45,-9
2025-05-21T19:02:58.201919,KXBTCD-25MAY2123-T110249.99,DELTA,22,24,35,1009,736,no,65,9
2025-05-21T19:02:58.217771,KXBTCD-25MAY2123-T110249.99,DELTA,22,24,35,1009,737,yes,10,9
2025-05-21T19:02:58.439060,KXBTCD-25MAY2123-T110249.99,DELTA,22,24,35,1009,738,no,64,-100
2025-05-21T19:02:58.518020,KXBTCD-25MAY2123-T110249.99,DELTA,22,24,35,9,739,no,65,-1000
2025-05-21T19:02:58.597619,KXBTCD-25MAY2123-T110249.99,DELTA,22,24,35,9,740,no,41,1000
2025-05-21T19:02:58.617889,KXBTCD-25MAY2123-T110249.99,DELTA,22,24,40,24,741,no,65,-9
2025-05-21T19:02:58.618921,KXBTCD-25MAY2123-T110249.99,DELTA,22,24,40,24,742,no,45,9
2025-05-21T19:02:58.656821,KXBTCD-25MAY2123-T110249.99,DELTA,28,100,40,24,743,yes,28,100
2025-05-21T19:02:58.717470,KXBTCD-25MAY2123-T110249.99,DELTA,29,1000,40,24,744,yes,29,1000
2025-05-21T19:02:58.957058,KXBTCD-25MAY2123-T110249.99,DELTA,29,1000,40,24,745,yes,28,-100
2025-05-21T19:02:59.016779,KXBTCD-25MAY2123-T110249.99,DELTA,22,24,40,24,746,yes,29,-1000
2025-05-21T19:02:59.057709,KXBTCD-25MAY2123-T110249.99,DELTA,22,24,40,24,747,yes,10,-9
2025-05-21T19:02:59.078282,KXBTCD-25MAY2123-T110249.99,DELTA,22,24,40,24,748,yes,10,-9
2025-05-21T19:02:59.079106,KXBTCD-25MAY2123-T110249.99,DELTA,30,9,40,24,749,yes,30,9
2025-05-21T19:02:59.236668,KXBTCD-25MAY2123-T110249.99,DELTA,30,9,37,100,750,no,63,100
2025-05-21T19:02:59.297003,KXBTCD-25MAY2123-T110249.99,DELTA,30,9,37,100,751,no,41,-1000
2025-05-21T19:02:59.417240,KXBTCD-25MAY2123-T110249.99,DELTA,30,9,36,1000,752,no,64,1000
2025-05-21T19:02:59.478798,KXBTCD-25MAY2123-T110249.99,DELTA,30,9,36,1000,753,no,63,-100
2025-05-21T19:02:59.517569,KXBTCD-25MAY2123-T110249.99,DELTA,30,9,36,1000,754,no,45,-9
2025-05-21T19:02:59.518452,KXBTCD-25MAY2123-T110249.99,DELTA,30,9,35,9,755,no,65,9
2025-05-21T19:02:59.537803,KXBTCD-25MAY2123-T110249.99,DELTA,22,24,35,9,756,yes,30,-9
2025-05-21T19:02:59.538097,KXBTCD-25MAY2123-T110249.99,DELTA,22,24,35,9,757,yes,10,9
2025-05-21T19:02:59.557392,KXBTCD-25MAY2123-T110249.99,DELTA,22,24,35,9,758,no,64,-1000
2025-05-21T19:02:59.616543,KXBTCD-25MAY2123-T110249.99,DELTA,22,24,35,9,759,no,41,1000
2025-05-21T19:03:00.277768,KXBTCD-25MAY2123-T110249.99,DELTA,29,100,35,9,760,yes,29,100
2025-05-21T19:03:00.377429,KXBTCD-25MAY2123-T110249.99,DELTA,30,1000,35,9,761,yes,30,1000
2025-05-21T19:03:00.421181,KXBTCD-25MAY2123-T110249.99,DELTA,30,1000,40,24,762,no,65,-9
2025-05-21T19:03:00.422079,KXBTCD-25MAY2123-T110249.99,DELTA,30,1000,40,24,763,no,45,9
2025-05-21T19:03:00.422606,KXBTCD-25MAY2123-T110249.99,DELTA,30,1000,40,24,764,yes,10,-9
2025-05-21T19:03:00.422965,KXBTCD-25MAY2123-T110249.99,DELTA,30,1009,40,24,765,yes,30,9
2025-05-21T19:03:00.423266,KXBTCD-25MAY2123-T110249.99,DELTA,30,1009,40,24,766,yes,23,9
2025-05-21T19:03:00.597236,KXBTCD-25MAY2123-T110249.99,DELTA,30,9,40,24,767,yes,30,-1000
2025-05-21T19:03:00.637040,KXBTCD-25MAY2123-T110249.99,DELTA,30,9,40,24,768,yes,29,1000
2025-05-21T19:03:00.918668,KXBTCD-25MAY2123-T110249.99,DELTA,30,9,37,100,769,no,63,100
2025-05-21T19:03:00.978137,KXBTCD-25MAY2123-T110249.99,DELTA,30,9,37,100,770,no,41,-1000
2025-05-21T19:03:01.038799,KXBTCD-25MAY2123-T110249.99,DELTA,30,9,36,1000,771,no,64,1000
2025-05-21T19:03:01.057130,KXBTCD-25MAY2123-T110249.99,DELTA,29,1100,36,1000,772,yes,30,-9
2025-05-21T19:03:01.079172,KXBTCD-25MAY2123-T110249.99,DELTA,29,1100,36,1000,773,no,45,-9
2025-05-21T19:03:01.197791,KXBTCD-25MAY2123-T110249.99,DELTA,29,1100,36,1000,774,no,45,-9
2025-05-21T19:03:01.199264,KXBTCD-25MAY2123-T110249.99,DELTA,29,1100,36,1000,775,yes,23,-9
2025-05-21T19:03:01.518932,KXBTCD-25MAY2123-T110249.99,DELTA,29,1100,36,1000,776,no,63,-100
2025-05-21T19:03:01.597592,KXBTCD-25MAY2123-T110249.99,DELTA,29,1100,40,24,777,no,64,-1000
2025-05-21T19:03:01.637423,KXBTCD-25MAY2123-T110249.99,DELTA,29,1100,40,24,778,no,41,1000
2025-05-21T19:03:01.857387,KXBTCD-25MAY2123-T110249.99,DELTA,29,100,40,24,779,yes,29,-1000
2025-05-21T19:03:01.899007,KXBTCD-25MAY2123-T110249.99,DELTA,30,1000,40,24,780,yes,30,1000
2025-05-21T19:03:01.977866,KXBTCD-25MAY2123-T110249.99,DELTA,30,1000,40,24,781,yes,23,9
2025-05-21T19:03:02.139244,KXBTCD-25MAY2123-T110249.99,DELTA,30,1000,40,24,782,no,45,9
2025-05-21T19:03:02.857941,KXBTCD-25MAY2123-T110249.99,DELTA,30,1000,37,100,783,no,63,100
2025-05-21T19:03:02.916527,KXBTCD-25MAY2123-T110249.99,DELTA,30,1000,37,100,784,no,41,-1000
2025-05-21T19:03:02.957510,KXBTCD-25MAY2123-T110249.99,DELTA,30,1000,36,1000,785,no,64,1000
2025-05-21T19:03:02.977571,KXBTCD-25MAY2123-T110249.99,DELTA,30,1000,36,1000,786,yes,23,-9
2025-05-21T19:03:03.057901,KXBTCD-25MAY2123-T110249.99,DELTA,29,100,36,1000,787,yes,30,-1000
2025-05-21T19:03:03.098289,KXBTCD-25MAY2123-T110249.99,DELTA,29,1100,36,1000,788,yes,29,1000
2025-05-21T19:03:03.457006,KXBTCD-25MAY2123-T110249.99,DELTA,29,1100,36,1000,789,no,63,-100
2025-05-21T19:03:03.537527,KXBTCD-25MAY2123-T110249.99,DELTA,29,1100,40,24,790,no,64,-1000
2025-05-21T19:03:03.577858,KXBTCD-25MAY2123-T110249.99,DELTA,29,1100,40,24,791,no,41,1000
2025-05-21T19:03:03.758550,KXBTCD-25MAY2123-T110249.99,DELTA,29,100,40,24,792,yes,29,-1000
2025-05-21T19:03:03.878944,KXBTCD-25MAY2123-T110249.99,DELTA,29,100,40,24,793,yes,23,9
2025-05-21T19:03:04.003571,KXBTCD-25MAY2123-T110249.99,DELTA,29,100,40,24,794,no,45,9
2025-05-21T19:03:04.004950,KXBTCD-25MAY2123-T110249.99,DELTA,30,9,40,24,795,yes,30,9
2025-05-21T19:03:04.437333,KXBTCD-25MAY2123-T110249.99,DELTA,30,9,35,100,796,no,65,100
2025-05-21T19:03:04.516334,KXBTCD-25MAY2123-T110249.99,DELTA,30,9,35,100,797,no,41,-1000
2025-05-21T19:03:04.536648,KXBTCD-25MAY2123-T110249.99,DELTA,30,9,35,100,798,yes,29,-100
2025-05-21T19:03:04.537371,KXBTCD-25MAY2123-T110249.99,DELTA,30,9,35,100,799,yes,20,24
2025-05-21T19:03:04.556510,KXBTCD-25MAY2123-T110249.99,DELTA,30,9,35,100,800,yes,22,-24
2025-05-21T19:03:04.556916,KXBTCD-25MAY2123-T110249.99,DELTA,30,9,35,100,801,no,45,-9
2025-05-21T19:03:04.557539,KXBTCD-25MAY2123-T110249.99,DELTA,30,9,35,100,802,no,62,24
2025-05-21T19:03:04.561251,KXBTCD-25MAY2123-T110249.99,DELTA,23,9,35,100,803,yes,30,-9
2025-05-21T19:03:04.561380,KXBTCD-25MAY2123-T110249.99,DELTA,23,9,35,100,804,no,60,-24
2025-05-21T19:03:04.577208,KXBTCD-25MAY2123-T110249.99,DELTA,23,9,34,1000,805,no,66,1000
2025-05-21T19:03:04.658219,KXBTCD-25MAY2123-T110249.99,DELTA,23,9,34,1000,806,no,45,-9
2025-05-21T19:03:04.676890,KXBTCD-25MAY2123-T110249.99,DELTA,23,9,34,1000,807,no,61,9
2025-05-21T19:03:04.677434,KXBTCD-25MAY2123-T110249.99,DELTA,23,9,34,1000,808,yes,21,9
2025-05-21T19:03:04.678105,KXBTCD-25MAY2123-T110249.99,DELTA,21,9,34,1000,809,yes,23,-9
2025-05-21T19:03:04.777126,KXBTCD-25MAY2123-T110249.99,DELTA,20,24,34,1000,810,yes,21,-9
2025-05-21T19:03:04.778543,KXBTCD-25MAY2123-T110249.99,DELTA,20,24,34,1000,811,no,61,-9
2025-05-21T19:03:04.916682,KXBTCD-25MAY2123-T110249.99,DELTA,20,24,34,1000,812,yes,10,9
2025-05-21T19:03:05.037703,KXBTCD-25MAY2123-T110249.99,DELTA,20,24,33,9,813,no,67,9
2025-05-21T19:03:05.038637,KXBTCD-25MAY2123-T110249.99,DELTA,20,24,33,9,814,yes,10,9
2025-05-21T19:03:05.540331,KXBTCD-25MAY2123-T110249.99,DELTA,20,24,33,9,815,no,65,-100
2025-05-21T19:03:05.618141,KXBTCD-25MAY2123-T110249.99,DELTA,20,24,33,9,816,no,66,-1000
2025-05-21T19:03:05.661996,KXBTCD-25MAY2123-T110249.99,DELTA,20,24,33,9,817,no,41,1000
2025-05-21T19:03:05.897440,KXBTCD-25MAY2123-T110249.99,DELTA,26,100,33,9,818,yes,26,100
2025-05-21T19:03:05.957742,KXBTCD-25MAY2123-T110249.99,DELTA,26,1100,33,9,819,yes,26,1000
2025-05-21T19:03:06.099747,KXBTCD-25MAY2123-T110249.99,DELTA,26,1100,33,9,820,yes,10,-9
2025-05-21T19:03:06.100908,KXBTCD-25MAY2123-T110249.99,DELTA,27,9,33,9,821,yes,27,9
2025-05-21T19:03:06.101637,KXBTCD-25MAY2123-T110249.99,DELTA,27,9,38,24,822,no,67,-9
2025-05-21T19:03:06.102175,KXBTCD-25MAY2123-T110249.99,DELTA,27,9,38,24,823,no,45,9
2025-05-21T19:03:06.638410,KXBTCD-25MAY2123-T110249.99,DELTA,27,9,34,100,824,no,66,100
2025-05-21T19:03:06.697924,KXBTCD-25MAY2123-T110249.99,DELTA,27,9,34,100,825,no,41,-1000
2025-05-21T19:03:06.737068,KXBTCD-25MAY2123-T110249.99,DELTA,27,9,33,1000,826,no,67,1000
2025-05-21T19:03:06.778939,KXBTCD-25MAY2123-T110249.99,DELTA,27,9,33,1000,827,no,45,9
2025-05-21T19:03:06.779428,KXBTCD-25MAY2123-T110249.99,DELTA,27,9,33,1000,828,yes,10,-9
2025-05-21T19:03:06.779775,KXBTCD-25MAY2123-T110249.99,DELTA,27,9,33,1000,829,no,45,-9
2025-05-21T19:03:06.780143,KXBTCD-25MAY2123-T110249.99,DELTA,26,1100,33,1000,830,yes,27,-9
2025-05-21T19:03:07.097426,KXBTCD-25MAY2123-T110249.99,DELTA,26,100,33,1000,831,yes,26,-1000
2025-05-21T19:03:07.137614,KXBTCD-25MAY2123-T110249.99,DELTA,27,1000,33,1000,832,yes,27,1000
2025-05-21T19:03:07.460995,KXBTCD-25MAY2123-T110249.99,DELTA,27,1000,33,1000,833,no,66,-100
2025-05-21T19:03:07.496859,KXBTCD-25MAY2123-T110249.99,DELTA,27,1000,38,24,834,no,67,-1000
2025-05-21T19:03:07.557160,KXBTCD-25MAY2123-T110249.99,DELTA,27,1000,38,24,835,no,41,1000
2025-05-21T19:03:07.597786,KXBTCD-25MAY2123-T110249.99,DELTA,27,1000,38,24,836,no,45,-9
2025-05-21T19:03:07.696655,KXBTCD-25MAY2123-T110249.99,DELTA,27,1000,38,24,837,no,46,9
2025-05-21T19:03:07.696928,KXBTCD-25MAY2123-T110249.99,DELTA,28,9,38,24,838,yes,28,9
2025-05-21T19:03:08.577204,KXBTCD-25MAY2123-T110249.99,DELTA,28,9,33,100,839,no,67,100
2025-05-21T19:03:08.637161,KXBTCD-25MAY2123-T110249.99,DELTA,28,9,33,100,840,no,41,-1000
2025-05-21T19:03:08.677769,KXBTCD-25MAY2123-T110249.99,DELTA,28,9,32,1000,841,no,68,1000
2025-05-21T19:03:08.697370,KXBTCD-25MAY2123-T110249.99,DELTA,28,9,32,1000,842,no,46,-9
2025-05-21T19:03:08.698440,KXBTCD-25MAY2123-T110249.99,DELTA,28,9,32,1000,843,no,63,9
2025-05-21T19:03:08.699285,KXBTCD-25MAY2123-T110249.99,DELTA,27,1000,32,1000,844,yes,28,-9
2025-05-21T19:03:12.191103,KXBTCD-25MAY2123-T110249.99,DELTA,27,1000,32,1000,845,no,17,-1905
2025-05-21T19:03:12.384939,KXBTCD-25MAY2123-T110249.99,DELTA,27,1000,32,1000,846,no,63,-9
2025-05-21T19:03:15.237443,KXBTCD-25MAY2123-T110249.99,DELTA,26,100,32,1000,847,yes,27,-1000
2025-05-21T19:03:15.259005,KXBTCD-25MAY2123-T110249.99,DELTA,26,1100,32,1000,848,yes,26,1000
2025-05-21T19:03:15.337372,KXBTCD-25MAY2123-T110249.99,DELTA,26,1100,32,1000,849,yes,21,9
2025-05-21T19:03:18.538528,KXBTCD-25MAY2123-T110249.99,DELTA,26,1100,32,1000,850,no,17,1905
2025-05-21T19:03:18.638136,KXBTCD-25MAY2123-T110249.99,DELTA,26,1100,32,1000,851,yes,21,-9
2025-05-21T19:03:20.838572,KXBTCD-25MAY2123-T110249.99,DELTA,26,1100,32,1000,852,yes,1,32400
2025-05-21T19:03:20.898311,KXBTCD-25MAY2123-T110249.99,DELTA,26,1100,32,1000,853,yes,2,2000
2025-05-21T19:03:20.899287,KXBTCD-25MAY2123-T110249.99,DELTA,26,1100,32,1000,854,yes,2,20000
2025-05-21T19:03:21.037919,KXBTCD-25MAY2123-T110249.99,DELTA,26,100,32,1000,855,yes,26,-1000
2025-05-21T19:03:21.085298,KXBTCD-25MAY2123-T110249.99,DELTA,27,1000,32,1000,856,yes,27,1000
2025-05-21T19:03:21.278656,KXBTCD-25MAY2123-T110249.99,DELTA,26,100,32,1000,857,yes,27,-1000
2025-05-21T19:03:21.318806,KXBTCD-25MAY2123-T110249.99,DELTA,26,1100,32,1000,858,yes,26,1000
2025-05-21T19:03:21.683978,KXBTCD-25MAY2123-T110249.99,DELTA,26,100,32,1000,859,yes,26,-1000
2025-05-21T19:03:21.716366,KXBTCD-25MAY2123-T110249.99,DELTA,27,1000,32,1000,860,yes,27,1000
2025-05-21T19:03:21.797193,KXBTCD-25MAY2123-T110249.99,DELTA,27,1000,32,1000,861,yes,21,9
2025-05-21T19:03:21.857376,KXBTCD-25MAY2123-T110249.99,DELTA,27,1000,33,100,862,no,68,-1000
2025-05-21T19:03:21.899293,KXBTCD-25MAY2123-T110249.99,DELTA,27,1000,33,1100,863,no,67,1000
2025-05-21T19:03:23.098251,KXBTCD-25MAY2123-T110249.99,DELTA,27,1000,33,1000,864,no,67,-100
2025-05-21T19:03:23.099831,KXBTCD-25MAY2123-T110249.99,DELTA,27,1000,33,1000,865,yes,1,-32400
2025-05-21T19:03:23.100814,KXBTCD-25MAY2123-T110249.99,DELTA,27,1000,33,1000,866,yes,2,16200
2025-05-21T19:03:23.158717,KXBTCD-25MAY2123-T110249.99,DELTA,27,1000,33,1000,867,yes,2,-20000
2025-05-21T19:03:23.181115,KXBTCD-25MAY2123-T110249.99,DELTA,27,1000,33,1000,868,yes,2,-2000
2025-05-21T19:03:23.181883,KXBTCD-25MAY2123-T110249.99,DELTA,27,1000,38,24,869,no,67,-1000
2025-05-21T19:03:23.218195,KXBTCD-25MAY2123-T110249.99,DELTA,27,1000,38,24,870,yes,21,-9
2025-05-21T19:03:23.219687,KXBTCD-25MAY2123-T110249.99,DELTA,27,1000,38,24,871,yes,3,20000
2025-05-21T19:03:23.238003,KXBTCD-25MAY2123-T110249.99,DELTA,27,1000,38,24,872,no,41,1000
2025-05-21T19:03:23.239282,KXBTCD-25MAY2123-T110249.99,DELTA,27,1000,38,24,873,yes,3,2000
2025-05-21T19:03:23.318963,KXBTCD-25MAY2123-T110249.99,DELTA,27,1000,38,24,874,yes,26,-100
2025-05-21T19:03:23.377748,KXBTCD-25MAY2123-T110249.99,DELTA,20,24,38,24,875,yes,27,-1000
2025-05-21T19:03:23.417009,KXBTCD-25MAY2123-T110249.99,DELTA,20,24,38,24,876,yes,3,1000
2025-05-21T19:03:24.117346,KXBTCD-25MAY2123-T110249.99,DELTA,26,100,38,24,877,yes,26,100
2025-05-21T19:03:24.137996,KXBTCD-25MAY2123-T110249.99,DELTA,26,100,34,100,878,no,66,100
2025-05-21T19:03:24.217702,KXBTCD-25MAY2123-T110249.99,DELTA,26,100,34,100,879,yes,3,-1000
2025-05-21T19:03:24.218159,KXBTCD-25MAY2123-T110249.99,DELTA,26,100,34,100,880,no,41,-1000
2025-05-21T19:03:24.256747,KXBTCD-25MAY2123-T110249.99,DELTA,26,100,34,100,881,no,45,9
2025-05-21T19:03:24.257246,KXBTCD-25MAY2123-T110249.99,DELTA,26,100,34,100,882,yes,21,9
2025-05-21T19:03:24.257594,KXBTCD-25MAY2123-T110249.99,DELTA,27,1000,34,100,883,yes,27,1000
2025-05-21T19:03:24.257929,KXBTCD-25MAY2123-T110249.99,DELTA,27,1000,34,100,884,no,45,9
2025-05-21T19:03:24.258232,KXBTCD-25MAY2123-T110249.99,DELTA,27,1000,33,1000,885,no,67,1000
2025-05-21T19:03:24.297692,KXBTCD-25MAY2123-T110249.99,DELTA,27,1009,33,1000,886,yes,27,9
2025-05-21T19:03:24.336193,KXBTCD-25MAY2123-T110249.99,DELTA,27,1009,33,1000,887,no,66,-100
2025-05-21T19:03:24.396705,KXBTCD-25MAY2123-T110249.99,DELTA,27,1009,38,24,888,no,67,-1000
2025-05-21T19:03:24.436931,KXBTCD-25MAY2123-T110249.99,DELTA,27,1009,38,24,889,no,41,1000
2025-05-21T19:03:25.038332,KXBTCD-25MAY2123-T110249.99,DELTA,27,9,38,24,890,yes,27,-1000
2025-05-21T19:03:25.097498,KXBTCD-25MAY2123-T110249.99,DELTA,27,9,38,24,891,yes,26,1000
2025-05-21T19:03:25.571667,KXBTCD-25MAY2123-T110249.99,DELTA,27,9,38,24,892,yes,26,-1000
2025-05-21T19:03:25.576949,KXBTCD-25MAY2123-T110249.99,DELTA,27,1009,38,24,893,yes,27,1000
2025-05-21T19:03:26.217661,KXBTCD-25MAY2123-T110249.99,DELTA,27,1009,34,100,894,no,66,100
2025-05-21T19:03:26.276453,KXBTCD-25MAY2123-T110249.99,DELTA,27,1009,34,100,895,no,41,-1000
2025-05-21T19:03:26.318049,KXBTCD-25MAY2123-T110249.99,DELTA,27,1009,33,1000,896,no,67,1000
2025-05-21T19:03:26.340501,KXBTCD-25MAY2123-T110249.99,DELTA,27,1009,33,1000,897,yes,21,-9
2025-05-21T19:03:26.357721,KXBTCD-25MAY2123-T110249.99,DELTA,27,1009,33,1000,898,no,45,-9
2025-05-21T19:03:26.377908,KXBTCD-25MAY2123-T110249.99,DELTA,27,1000,33,1000,899,yes,27,-9
2025-05-21T19:03:28.937476,KXBTCD-25MAY2123-T110249.99,DELTA,27,1000,34,100,900,no,67,-1000
2025-05-21T19:03:28.978015,KXBTCD-25MAY2123-T110249.99,DELTA,27,1000,34,1100,901,no,66,1000
2025-05-21T19:03:29.041048,KXBTCD-25MAY2123-T110249.99,DELTA,27,1000,34,100,902,no,66,-1000
2025-05-21T19:03:29.097745,KXBTCD-25MAY2123-T110249.99,DELTA,27,1000,33,1000,903,no,67,1000
2025-05-21T19:03:30.919438,KXBTCD-25MAY2123-T110249.99,DELTA,27,1000,34,100,904,no,67,-1000
2025-05-21T19:03:30.957840,KXBTCD-25MAY2123-T110249.99,DELTA,27,1000,34,1100,905,no,66,1000
2025-05-21T19:03:31.978148,KXBTCD-25MAY2123-T110249.99,DELTA,27,1000,34,1100,906,yes,2,-16200
2025-05-21T19:03:31.979083,KXBTCD-25MAY2123-T110249.99,DELTA,27,1000,34,1100,907,yes,3,10800
2025-05-21T19:03:32.046604,KXBTCD-25MAY2123-T110249.99,DELTA,27,1000,34,1100,908,yes,3,-20000
2025-05-21T19:03:32.082802,KXBTCD-25MAY2123-T110249.99,DELTA,27,1000,34,1100,909,yes,3,-2000
2025-05-21T19:03:32.103964,KXBTCD-25MAY2123-T110249.99,DELTA,27,1000,34,1100,910,no,45,-9
2025-05-21T19:03:32.110317,KXBTCD-25MAY2123-T110249.99,DELTA,27,1000,34,1100,911,yes,4,2000
2025-05-21T19:03:32.112602,KXBTCD-25MAY2123-T110249.99,DELTA,27,1000,34,1100,912,yes,4,20000
2025-05-21T19:03:32.358504,KXBTCD-25MAY2123-T110249.99,DELTA,27,1000,34,100,913,no,66,-1000
2025-05-21T19:03:32.397270,KXBTCD-25MAY2123-T110249.99,DELTA,27,1000,33,1000,914,no,67,1000
2025-05-21T19:03:36.456181,KXBTCD-25MAY2123-T110249.99,DELTA,27,1000,33,1000,915,no,66,-100
2025-05-21T19:03:36.517144,KXBTCD-25MAY2123-T110249.99,DELTA,27,1000,38,24,916,no,67,-1000
2025-05-21T19:03:36.560355,KXBTCD-25MAY2123-T110249.99,DELTA,27,1000,38,24,917,no,41,1000
2025-05-21T19:03:37.658536,KXBTCD-25MAY2123-T110249.99,DELTA,27,1000,34,100,918,no,66,100
2025-05-21T19:03:37.718333,KXBTCD-25MAY2123-T110249.99,DELTA,27,1000,34,100,919,no,41,-1000
2025-05-21T19:03:37.758924,KXBTCD-25MAY2123-T110249.99,DELTA,27,1000,33,1000,920,no,67,1000
2025-05-21T19:03:37.792181,KXBTCD-25MAY2123-T110249.99,DELTA,27,1000,33,1000,921,no,45,9
2025-05-21T19:03:38.377370,KXBTCD-25MAY2123-T110249.99,DELTA,27,1000,33,1000,922,no,66,-100
2025-05-21T19:03:38.437427,KXBTCD-25MAY2123-T110249.99,DELTA,27,1000,38,24,923,no,67,-1000
2025-05-21T19:03:38.498001,KXBTCD-25MAY2123-T110249.99,DELTA,27,1000,38,24,924,no,41,1000
2025-05-21T19:03:39.604668,KXBTCD-25MAY2123-T110249.99,DELTA,27,1000,33,100,925,no,67,100
2025-05-21T19:03:39.656493,KXBTCD-25MAY2123-T110249.99,DELTA,27,1000,33,100,926,no,41,-1000
2025-05-21T19:03:39.697934,KXBTCD-25MAY2123-T110249.99,DELTA,27,1000,33,100,927,no,45,-9
2025-05-21T19:03:39.698624,KXBTCD-25MAY2123-T110249.99,DELTA,27,1000,33,100,928,no,63,9
2025-05-21T19:03:39.699094,KXBTCD-25MAY2123-T110249.99,DELTA,27,1000,33,1100,929,no,67,1000
2025-05-21T19:03:41.204972,KXBTCD-25MAY2123-T110249.99,DELTA,27,1000,33,1000,930,no,67,-100
2025-05-21T19:03:41.216774,KXBTCD-25MAY2123-T110249.99,DELTA,27,1000,33,1000,931,yes,26,-100
2025-05-21T19:03:41.258153,KXBTCD-25MAY2123-T110249.99,DELTA,27,1000,37,9,932,no,67,-1000
2025-05-21T19:03:41.280508,KXBTCD-25MAY2123-T110249.99,DELTA,20,24,37,9,933,yes,27,-1000
2025-05-21T19:03:41.317362,KXBTCD-25MAY2123-T110249.99,DELTA,20,24,37,9,934,no,41,1000
2025-05-21T19:03:41.318364,KXBTCD-25MAY2123-T110249.99,DELTA,20,24,38,24,935,no,63,-9
2025-05-21T19:03:41.337423,KXBTCD-25MAY2123-T110249.99,DELTA,20,24,38,24,936,yes,4,1000
2025-05-21T19:03:42.144618,KXBTCD-25MAY2123-T110249.99,DELTA,27,100,38,24,937,yes,27,100
2025-05-21T19:03:42.145412,KXBTCD-25MAY2123-T110249.99,DELTA,27,100,35,100,938,no,65,100
2025-05-21T19:03:42.217342,KXBTCD-25MAY2123-T110249.99,DELTA,27,100,35,100,939,yes,4,-1000
2025-05-21T19:03:42.237602,KXBTCD-25MAY2123-T110249.99,DELTA,27,100,35,100,940,no,41,-1000
2025-05-21T19:03:42.238165,KXBTCD-25MAY2123-T110249.99,DELTA,27,100,35,100,941,no,45,9
2025-05-21T19:03:42.238470,KXBTCD-25MAY2123-T110249.99,DELTA,27,100,35,100,942,yes,21,9
2025-05-21T19:03:42.278025,KXBTCD-25MAY2123-T110249.99,DELTA,27,100,34,1000,943,no,66,1000
2025-05-21T19:03:42.278849,KXBTCD-25MAY2123-T110249.99,DELTA,28,1000,34,1000,944,yes,28,1000
2025-05-21T19:03:44.778110,KXBTCD-25MAY2123-T110249.99,DELTA,28,1000,34,1000,945,yes,3,-10800
2025-05-21T19:03:44.778886,KXBTCD-25MAY2123-T110249.99,DELTA,28,1000,34,1000,946,yes,5,6480
2025-05-21T19:03:44.837455,KXBTCD-25MAY2123-T110249.99,DELTA,28,1000,34,1000,947,yes,4,-20000
2025-05-21T19:03:44.859561,KXBTCD-25MAY2123-T110249.99,DELTA,28,1000,34,1000,948,yes,4,-2000
2025-05-21T19:03:44.897583,KXBTCD-25MAY2123-T110249.99,DELTA,28,1000,34,1000,949,yes,6,20000
2025-05-21T19:03:44.898708,KXBTCD-25MAY2123-T110249.99,DELTA,28,1000,34,1000,950,no,45,-9
2025-05-21T19:03:44.900324,KXBTCD-25MAY2123-T110249.99,DELTA,28,1000,34,1000,951,yes,6,2000
2025-05-21T19:03:44.901121,KXBTCD-25MAY2123-T110249.99,DELTA,28,1000,34,1000,952,yes,21,-9
2025-05-21T19:03:45.980666,KXBTCD-25MAY2123-T110249.99,DELTA,28,1000,34,1000,953,yes,5,-6480
2025-05-21T19:03:45.981403,KXBTCD-25MAY2123-T110249.99,DELTA,28,1000,34,1000,954,yes,4,8100
2025-05-21T19:03:46.058742,KXBTCD-25MAY2123-T110249.99,DELTA,28,1000,34,1000,955,yes,6,-20000
2025-05-21T19:03:46.059655,KXBTCD-25MAY2123-T110249.99,DELTA,28,1000,34,1000,956,yes,6,-2000
2025-05-21T19:03:46.118617,KXBTCD-25MAY2123-T110249.99,DELTA,28,1000,34,1000,957,yes,5,20000
2025-05-21T19:03:46.119795,KXBTCD-25MAY2123-T110249.99,DELTA,28,1000,34,1000,958,yes,5,2000
2025-05-21T19:03:47.142506,KXBTCD-25MAY2123-T110249.99,DELTA,28,1000,34,1000,959,yes,4,-8100
2025-05-21T19:03:47.142750,KXBTCD-25MAY2123-T110249.99,DELTA,28,1000,34,1000,960,yes,5,6480
2025-05-21T19:03:47.171408,KXBTCD-25MAY2123-T110249.99,DELTA,28,1000,34,1000,961,yes,5,-20000
2025-05-21T19:03:47.194803,KXBTCD-25MAY2123-T110249.99,DELTA,28,1000,34,1000,962,yes,5,-2000
2025-05-21T19:03:47.217365,KXBTCD-25MAY2123-T110249.99,DELTA,28,1000,34,1000,963,yes,6,20000
2025-05-21T19:03:47.236829,KXBTCD-25MAY2123-T110249.99,DELTA,28,1000,34,1000,964,yes,6,2000
2025-05-21T19:03:48.237533,KXBTCD-25MAY2123-T110249.99,DELTA,28,1000,34,1000,965,yes,5,-6480
2025-05-21T19:03:48.239061,KXBTCD-25MAY2123-T110249.99,DELTA,28,1000,34,1000,966,yes,4,8100
2025-05-21T19:03:48.240076,KXBTCD-25MAY2123-T110249.99,DELTA,28,1000,34,1000,967,yes,22,24
2025-05-21T19:03:48.258804,KXBTCD-25MAY2123-T110249.99,DELTA,28,1000,34,1000,968,no,61,24
2025-05-21T19:03:48.259393,KXBTCD-25MAY2123-T110249.99,DELTA,28,1000,34,1000,969,yes,20,-24
2025-05-21T19:03:48.276543,KXBTCD-25MAY2123-T110249.99,DELTA,28,1000,34,1000,970,no,62,-24
2025-05-21T19:03:48.318225,KXBTCD-25MAY2123-T110249.99,DELTA,28,1000,34,1000,971,yes,6,-20000
2025-05-21T19:03:48.320027,KXBTCD-25MAY2123-T110249.99,DELTA,28,1000,34,1000,972,yes,6,-2000
2025-05-21T19:03:48.379015,KXBTCD-25MAY2123-T110249.99,DELTA,28,1000,34,1000,973,yes,5,20000
2025-05-21T19:03:48.379932,KXBTCD-25MAY2123-T110249.99,DELTA,28,1000,34,1000,974,yes,5,2000
2025-05-21T19:03:49.278610,KXBTCD-25MAY2123-T110249.99,DELTA,28,1000,34,1000,975,yes,27,-100
2025-05-21T19:03:49.360359,KXBTCD-25MAY2123-T110249.99,DELTA,22,24,34,1000,976,yes,28,-1000
2025-05-21T19:03:49.361286,KXBTCD-25MAY2123-T110249.99,DELTA,22,24,34,1000,977,yes,4,-8100
2025-05-21T19:03:49.361947,KXBTCD-25MAY2123-T110249.99,DELTA,22,24,34,1000,978,yes,5,6480
2025-05-21T19:03:49.397350,KXBTCD-25MAY2123-T110249.99,DELTA,22,24,34,1000,979,yes,5,1000
2025-05-21T19:03:49.438236,KXBTCD-25MAY2123-T110249.99,DELTA,22,24,34,1000,980,yes,5,-20000
2025-05-21T19:03:49.458202,KXBTCD-25MAY2123-T110249.99,DELTA,22,24,34,1000,981,yes,5,-2000
2025-05-21T19:03:49.459732,KXBTCD-25MAY2123-T110249.99,DELTA,22,24,34,1000,982,yes,5,-1000
2025-05-21T19:03:49.519927,KXBTCD-25MAY2123-T110249.99,DELTA,22,24,34,1000,983,yes,6,2000
2025-05-21T19:03:49.521287,KXBTCD-25MAY2123-T110249.99,DELTA,22,24,34,1000,984,yes,6,1000
2025-05-21T19:03:49.522291,KXBTCD-25MAY2123-T110249.99,DELTA,22,24,34,1000,985,yes,6,20000
2025-05-21T19:03:50.397401,KXBTCD-25MAY2123-T110249.99,DELTA,27,100,34,1000,986,yes,27,100
2025-05-21T19:03:50.456597,KXBTCD-25MAY2123-T110249.99,DELTA,27,100,34,1000,987,yes,6,-1000
2025-05-21T19:03:50.497237,KXBTCD-25MAY2123-T110249.99,DELTA,28,1000,34,1000,988,yes,28,1000
2025-05-21T19:03:50.517205,KXBTCD-25MAY2123-T110249.99,DELTA,28,1000,34,1000,989,yes,23,9
2025-05-21T19:03:51.538217,KXBTCD-25MAY2123-T110249.99,DELTA,28,1000,34,1000,990,no,65,-100
2025-05-21T19:03:51.597125,KXBTCD-25MAY2123-T110249.99,DELTA,28,1000,39,24,991,no,66,-1000
2025-05-21T19:03:51.638092,KXBTCD-25MAY2123-T110249.99,DELTA,28,1000,39,24,992,no,41,1000
2025-05-21T19:03:51.639183,KXBTCD-25MAY2123-T110249.99,DELTA,28,1000,39,24,993,yes,23,-9
2025-05-21T19:03:53.177472,KXBTCD-25MAY2123-T110249.99,DELTA,28,1000,34,100,994,no,66,100
2025-05-21T19:03:53.239352,KXBTCD-25MAY2123-T110249.99,DELTA,28,1000,34,100,995,no,41,-1000
2025-05-21T19:03:53.317110,KXBTCD-25MAY2123-T110249.99,DELTA,28,1000,34,100,996,no,62,9
2025-05-21T19:03:53.318176,KXBTCD-25MAY2123-T110249.99,DELTA,28,1000,34,1100,997,no,66,1000
2025-05-21T19:03:55.152430,KXBTCD-25MAY2123-T110249.99,DELTA,28,1000,34,1100,998,yes,5,-6480
2025-05-21T19:03:55.153087,KXBTCD-25MAY2123-T110249.99,DELTA,28,1000,34,1100,999,yes,4,8100
2025-05-21T19:03:55.195722,KXBTCD-25MAY2123-T110249.99,DELTA,28,1000,34,1100,1000,yes,6,-20000
2025-05-21T19:03:55.196497,KXBTCD-25MAY2123-T110249.99,DELTA,28,1000,34,1100,1001,yes,6,-2000
2025-05-21T19:03:55.253969,KXBTCD-25MAY2123-T110249.99,DELTA,28,1000,34,1100,1002,yes,5,20000
2025-05-21T19:03:55.254802,KXBTCD-25MAY2123-T110249.99,DELTA,28,1000,34,1100,1003,yes,5,2000
2025-05-21T19:03:55.255432,KXBTCD-25MAY2123-T110249.99,DELTA,28,1000,34,1100,1004,no,62,-9
2025-05-21T19:03:55.838595,KXBTCD-25MAY2123-T110249.99,DELTA,28,1000,34,100,1005,no,66,-1000
2025-05-21T19:03:55.899546,KXBTCD-25MAY2123-T110249.99,DELTA,28,1000,33,1000,1006,no,67,1000
2025-05-21T19:03:55.979142,KXBTCD-25MAY2123-T110249.99,DELTA,28,1000,34,100,1007,no,67,-1000
2025-05-21T19:03:56.017162,KXBTCD-25MAY2123-T110249.99,DELTA,28,1000,34,100,1008,no,62,9
2025-05-21T19:03:56.042489,KXBTCD-25MAY2123-T110249.99,DELTA,28,1000,34,1100,1009,no,66,1000
2025-05-21T19:03:57.705002,KXBTCD-25MAY2123-T110249.99,DELTA,28,1000,34,1100,1010,yes,4,-8100
2025-05-21T19:03:57.706873,KXBTCD-25MAY2123-T110249.99,DELTA,28,1000,34,1100,1011,yes,5,6480
2025-05-21T19:03:57.822885,KXBTCD-25MAY2123-T110249.99,DELTA,28,1000,34,1100,1012,yes,5,-20000
2025-05-21T19:03:57.830399,KXBTCD-25MAY2123-T110249.99,DELTA,28,1000,34,1100,1013,no,62,-9
2025-05-21T19:03:57.831793,KXBTCD-25MAY2123-T110249.99,DELTA,28,1000,34,1100,1014,yes,5,-2000
2025-05-21T19:03:57.857529,KXBTCD-25MAY2123-T110249.99,DELTA,28,1000,34,1100,1015,yes,6,2000
2025-05-21T19:03:57.858571,KXBTCD-25MAY2123-T110249.99,DELTA,28,1000,34,1100,1016,yes,6,20000
2025-05-21T19:03:58.815844,KXBTCD-25MAY2123-T110249.99,DELTA,28,1000,34,1100,1017,yes,5,-6480
2025-05-21T19:03:58.816696,KXBTCD-25MAY2123-T110249.99,DELTA,28,1000,34,1100,1018,yes,4,8100
2025-05-21T19:03:58.881121,KXBTCD-25MAY2123-T110249.99,DELTA,28,1000,34,1100,1019,yes,6,-20000
2025-05-21T19:03:58.899097,KXBTCD-25MAY2123-T110249.99,DELTA,28,1000,34,1100,1020,yes,6,-2000
2025-05-21T19:03:58.938619,KXBTCD-25MAY2123-T110249.99,DELTA,28,1000,34,1100,1021,yes,5,2000
2025-05-21T19:03:58.939817,KXBTCD-25MAY2123-T110249.99,DELTA,28,1000,34,1100,1022,yes,5,20000
2025-05-21T19:03:59.933747,KXBTCD-25MAY2123-T110249.99,DELTA,28,1000,34,1100,1023,yes,4,-8100
2025-05-21T19:03:59.934533,KXBTCD-25MAY2123-T110249.99,DELTA,28,1000,34,1100,1024,yes,5,6480
2025-05-21T19:04:00.016623,KXBTCD-25MAY2123-T110249.99,DELTA,28,1000,34,1100,1025,yes,5,-20000
2025-05-21T19:04:00.019378,KXBTCD-25MAY2123-T110249.99,DELTA,28,1000,34,1100,1026,yes,5,-2000
2025-05-21T19:04:00.067731,KXBTCD-25MAY2123-T110249.99,DELTA,28,1000,34,1100,1027,yes,6,20000
2025-05-21T19:04:00.068400,KXBTCD-25MAY2123-T110249.99,DELTA,28,1000,34,1100,1028,yes,6,2000
2025-05-21T19:04:00.817403,KXBTCD-25MAY2123-T110249.99,DELTA,28,1000,34,100,1029,no,66,-1000
2025-05-21T19:04:00.878654,KXBTCD-25MAY2123-T110249.99,DELTA,28,1000,33,1000,1030,no,67,1000
2025-05-21T19:04:00.936981,KXBTCD-25MAY2123-T110249.99,DELTA,28,1000,33,1000,1031,no,62,9
2025-05-21T19:04:00.957750,KXBTCD-25MAY2123-T110249.99,DELTA,28,1000,33,1000,1032,yes,5,-6480
2025-05-21T19:04:00.958467,KXBTCD-25MAY2123-T110249.99,DELTA,28,1000,33,1000,1033,yes,4,8100
2025-05-21T19:04:01.037839,KXBTCD-25MAY2123-T110249.99,DELTA,28,1000,33,1000,1034,yes,6,-20000
2025-05-21T19:04:01.039088,KXBTCD-25MAY2123-T110249.99,DELTA,28,1000,33,1000,1035,yes,6,-2000
2025-05-21T19:04:01.098808,KXBTCD-25MAY2123-T110249.99,DELTA,28,1000,33,1000,1036,yes,5,2000
2025-05-21T19:04:01.099929,KXBTCD-25MAY2123-T110249.99,DELTA,28,1000,33,1000,1037,yes,5,20000
2025-05-21T19:04:02.084240,KXBTCD-25MAY2123-T110249.99,DELTA,28,1000,33,1000,1038,yes,4,-8100
2025-05-21T19:04:02.085320,KXBTCD-25MAY2123-T110249.99,DELTA,28,1000,33,1000,1039,yes,5,6480
2025-05-21T19:04:02.154938,KXBTCD-25MAY2123-T110249.99,DELTA,28,1000,33,1000,1040,yes,5,-20000
2025-05-21T19:04:02.155153,KXBTCD-25MAY2123-T110249.99,DELTA,28,1000,33,1000,1041,yes,5,-2000
2025-05-21T19:04:02.185964,KXBTCD-25MAY2123-T110249.99,DELTA,28,1000,33,1000,1042,no,62,-9
2025-05-21T19:04:02.186111,KXBTCD-25MAY2123-T110249.99,DELTA,28,1000,33,1000,1043,yes,6,2000
2025-05-21T19:04:02.217341,KXBTCD-25MAY2123-T110249.99,DELTA,28,1000,33,1000,1044,yes,6,20000
2025-05-21T19:04:02.537246,KXBTCD-25MAY2123-T110249.99,DELTA,28,988,33,1000,1045,yes,28,-12
2025-05-21T19:04:06.418466,KXBTCD-25MAY2123-T110249.99,DELTA,28,988,34,100,1046,no,67,-1000
2025-05-21T19:04:06.458111,KXBTCD-25MAY2123-T110249.99,DELTA,28,988,34,1100,1047,no,66,1000
2025-05-21T19:04:06.538118,KXBTCD-25MAY2123-T110249.99,DELTA,28,988,34,1100,1048,no,62,9
2025-05-21T19:04:07.718688,KXBTCD-25MAY2123-T110249.99,DELTA,28,988,34,1100,1049,yes,5,-6480
2025-05-21T19:04:07.720028,KXBTCD-25MAY2123-T110249.99,DELTA,28,988,34,1100,1050,yes,4,8100
2025-05-21T19:04:07.778695,KXBTCD-25MAY2123-T110249.99,DELTA,28,988,34,1100,1051,yes,6,-20000
2025-05-21T19:04:07.779689,KXBTCD-25MAY2123-T110249.99,DELTA,28,988,34,1100,1052,yes,6,-2000
2025-05-21T19:04:07.818776,KXBTCD-25MAY2123-T110249.99,DELTA,28,988,34,1100,1053,yes,5,2000
2025-05-21T19:04:07.819543,KXBTCD-25MAY2123-T110249.99,DELTA,28,988,34,1100,1054,yes,5,20000
2025-05-21T19:04:07.820009,KXBTCD-25MAY2123-T110249.99,DELTA,28,988,34,1100,1055,no,62,-9
2025-05-21T19:04:10.359510,KXBTCD-25MAY2123-T110249.99,DELTA,28,988,34,1100,1056,yes,4,-8100
2025-05-21T19:04:10.359849,KXBTCD-25MAY2123-T110249.99,DELTA,28,988,34,1100,1057,yes,5,6480
2025-05-21T19:04:10.416546,KXBTCD-25MAY2123-T110249.99,DELTA,28,988,34,1100,1058,yes,5,-20000
2025-05-21T19:04:10.435985,KXBTCD-25MAY2123-T110249.99,DELTA,28,988,34,1100,1059,yes,5,-2000
2025-05-21T19:04:10.477598,KXBTCD-25MAY2123-T110249.99,DELTA,28,988,34,1100,1060,yes,6,20000
2025-05-21T19:04:10.479368,KXBTCD-25MAY2123-T110249.99,DELTA,28,988,34,1100,1061,yes,6,2000
2025-05-21T19:04:11.518801,KXBTCD-25MAY2123-T110249.99,DELTA,28,988,34,1100,1062,yes,5,-6480
2025-05-21T19:04:11.520183,KXBTCD-25MAY2123-T110249.99,DELTA,28,988,34,1100,1063,yes,4,8100
2025-05-21T19:04:11.597649,KXBTCD-25MAY2123-T110249.99,DELTA,28,988,34,1100,1064,yes,6,-20000
2025-05-21T19:04:11.600107,KXBTCD-25MAY2123-T110249.99,DELTA,28,988,34,1100,1065,yes,6,-2000
2025-05-21T19:04:11.697024,KXBTCD-25MAY2123-T110249.99,DELTA,28,988,34,1100,1066,yes,5,20000
2025-05-21T19:04:11.737782,KXBTCD-25MAY2123-T110249.99,DELTA,28,988,34,1100,1067,yes,5,2000
2025-05-21T19:04:13.818567,KXBTCD-25MAY2123-T110249.99,DELTA,28,988,34,1100,1068,yes,4,-8100
2025-05-21T19:04:13.819988,KXBTCD-25MAY2123-T110249.99,DELTA,28,988,34,1100,1069,yes,6,5400
2025-05-21T19:04:13.877460,KXBTCD-25MAY2123-T110249.99,DELTA,28,988,34,1100,1070,yes,5,-20000
2025-05-21T19:04:13.899525,KXBTCD-25MAY2123-T110249.99,DELTA,28,988,34,1100,1071,yes,5,-2000
2025-05-21T19:04:13.937491,KXBTCD-25MAY2123-T110249.99,DELTA,28,988,34,1100,1072,yes,7,20000
2025-05-21T19:04:13.938657,KXBTCD-25MAY2123-T110249.99,DELTA,28,988,34,1100,1073,yes,7,2000
2025-05-21T19:04:14.817695,KXBTCD-25MAY2123-T110249.99,DELTA,28,988,34,100,1074,no,66,-1000
2025-05-21T19:04:14.860423,KXBTCD-25MAY2123-T110249.99,DELTA,28,988,33,1000,1075,no,67,1000
2025-05-21T19:04:14.937297,KXBTCD-25MAY2123-T110249.99,DELTA,28,988,33,1000,1076,no,62,9
2025-05-21T19:04:14.996816,KXBTCD-25MAY2123-T110249.99,DELTA,28,988,33,1000,1077,yes,6,-5400
2025-05-21T19:04:14.997804,KXBTCD-25MAY2123-T110249.99,DELTA,28,988,33,1000,1078,yes,4,8100
2025-05-21T19:04:15.078986,KXBTCD-25MAY2123-T110249.99,DELTA,28,988,33,1000,1079,yes,7,-20000
2025-05-21T19:04:15.080143,KXBTCD-25MAY2123-T110249.99,DELTA,28,988,33,1000,1080,yes,7,-2000
2025-05-21T19:04:15.158463,KXBTCD-25MAY2123-T110249.99,DELTA,28,988,33,1000,1081,yes,5,2000
2025-05-21T19:04:15.159358,KXBTCD-25MAY2123-T110249.99,DELTA,28,988,33,1000,1082,yes,5,20000
2025-05-21T19:04:18.897595,KXBTCD-25MAY2123-T110249.99,DELTA,28,988,34,100,1083,no,67,-1000
2025-05-21T19:04:18.957268,KXBTCD-25MAY2123-T110249.99,DELTA,28,988,34,1100,1084,no,66,1000
2025-05-21T19:04:19.398208,KXBTCD-25MAY2123-T110249.99,DELTA,28,988,34,100,1085,no,66,-1000
2025-05-21T19:04:19.436952,KXBTCD-25MAY2123-T110249.99,DELTA,28,988,33,1000,1086,no,67,1000
2025-05-21T19:04:19.496832,KXBTCD-25MAY2123-T110249.99,DELTA,28,988,33,1000,1087,yes,4,-8100
2025-05-21T19:04:19.498015,KXBTCD-25MAY2123-T110249.99,DELTA,28,988,33,1000,1088,yes,6,5400
2025-05-21T19:04:19.616473,KXBTCD-25MAY2123-T110249.99,DELTA,28,988,33,1000,1089,yes,5,-20000
2025-05-21T19:04:19.617195,KXBTCD-25MAY2123-T110249.99,DELTA,28,988,33,1000,1090,yes,5,-2000
2025-05-21T19:04:19.657075,KXBTCD-25MAY2123-T110249.99,DELTA,28,988,33,1000,1091,yes,7,20000
2025-05-21T19:04:19.657429,KXBTCD-25MAY2123-T110249.99,DELTA,28,988,33,1000,1092,yes,7,2000
2025-05-21T19:04:22.116812,KXBTCD-25MAY2123-T110249.99,DELTA,28,988,33,1000,1093,yes,6,-5400
2025-05-21T19:04:22.118132,KXBTCD-25MAY2123-T110249.99,DELTA,28,988,33,1000,1094,yes,4,8100
2025-05-21T19:04:22.178198,KXBTCD-25MAY2123-T110249.99,DELTA,28,988,33,1000,1095,yes,7,-20000
2025-05-21T19:04:22.197784,KXBTCD-25MAY2123-T110249.99,DELTA,28,988,33,1000,1096,yes,7,-2000
2025-05-21T19:04:22.219279,KXBTCD-25MAY2123-T110249.99,DELTA,28,988,33,1000,1097,no,62,-9
