timestamp,market_ticker,type,yes_bid_price_cents,yes_bid_qty,yes_ask_price_cents,yes_ask_qty_on_no_side,sequence_num,delta_side,delta_price_cents,delta_quantity
2025-05-21T15:01:24.822951,KXBTCD-25MAY2119-T108999.99,SNAPSHOT,14,1000,17,100,1,,,
2025-05-21T15:01:25.413797,KXBTCD-25MAY2119-T108999.99,DELTA,14,1000,17,100,2,yes,9,-100
2025-05-21T15:01:25.533601,KXBTCD-25MAY2119-T108999.99,DELTA,14,1000,17,100,3,no,68,-9
2025-05-21T15:01:25.554047,KXBTCD-25MAY2119-T108999.99,DELTA,14,1000,17,100,4,no,78,9
2025-05-21T15:01:26.433348,KXBTCD-25MAY2119-T108999.99,DELTA,14,1000,17,100,5,yes,10,100
2025-05-21T15:01:27.593093,KXBTCD-25MAY2119-T108999.99,DELTA,14,1000,17,73,6,no,83,-27
2025-05-21T15:01:28.153891,KXBTCD-25MAY2119-T108999.99,DELTA,14,1000,17,73,7,no,39,-830
2025-05-21T15:01:28.154456,KXBTCD-25MAY2119-T108999.99,DELTA,14,1000,17,73,8,no,6,5400
2025-05-21T15:01:28.214100,KXBTCD-25MAY2119-T108999.99,DELTA,14,1000,17,73,9,no,5,-20000
2025-05-21T15:01:28.273961,KXBTCD-25MAY2119-T108999.99,DELTA,14,1000,17,73,10,no,7,20000
2025-05-21T15:01:28.534333,KXBTCD-25MAY2119-T108999.99,DELTA,14,1000,17,73,11,yes,10,-100
2025-05-21T15:01:28.535351,KXBTCD-25MAY2119-T108999.99,DELTA,14,1000,22,9,12,no,83,-73
2025-05-21T15:01:28.652391,KXBTCD-25MAY2119-T108999.99,DELTA,14,1000,22,9,13,no,68,9
2025-05-21T15:01:28.652513,KXBTCD-25MAY2119-T108999.99,DELTA,14,1000,23,24,14,no,78,-9
2025-05-21T15:01:29.605184,KXBTCD-25MAY2119-T108999.99,DELTA,14,1000,23,24,15,yes,11,100
2025-05-21T15:01:29.605787,KXBTCD-25MAY2119-T108999.99,DELTA,14,1000,19,100,16,no,81,100
2025-05-21T15:01:30.295744,KXBTCD-25MAY2119-T108999.99,DELTA,14,1000,19,100,17,yes,11,-100
2025-05-21T15:01:30.474812,KXBTCD-25MAY2119-T108999.99,DELTA,14,1000,19,100,18,no,6,-5400
2025-05-21T15:01:30.475664,KXBTCD-25MAY2119-T108999.99,DELTA,14,1000,19,100,19,no,8,4050
2025-05-21T15:01:30.539391,KXBTCD-25MAY2119-T108999.99,DELTA,14,1000,19,100,20,no,7,-20000
2025-05-21T15:01:30.594460,KXBTCD-25MAY2119-T108999.99,DELTA,14,1000,19,100,21,no,9,20000
2025-05-21T15:01:31.713742,KXBTCD-25MAY2119-T108999.99,DELTA,14,1000,19,100,22,no,8,-4050
2025-05-21T15:01:31.714041,KXBTCD-25MAY2119-T108999.99,DELTA,14,1000,19,100,23,no,10,3240
2025-05-21T15:01:31.773389,KXBTCD-25MAY2119-T108999.99,DELTA,14,1000,19,100,24,no,9,-20000
2025-05-21T15:01:31.814239,KXBTCD-25MAY2119-T108999.99,DELTA,14,1000,19,100,25,no,11,20000
2025-05-21T15:01:31.917067,KXBTCD-25MAY2119-T108999.99,DELTA,14,1000,19,100,26,yes,12,100
2025-05-21T15:01:32.895792,KXBTCD-25MAY2119-T108999.99,DELTA,14,1000,19,100,27,no,10,-3240
2025-05-21T15:01:32.896248,KXBTCD-25MAY2119-T108999.99,DELTA,14,1000,19,100,28,no,12,2700
2025-05-21T15:01:33.075678,KXBTCD-25MAY2119-T108999.99,DELTA,14,1000,19,100,29,no,11,-20000
2025-05-21T15:01:33.269312,KXBTCD-25MAY2119-T108999.99,DELTA,14,1000,19,100,30,no,5,20000
2025-05-21T15:01:34.173675,KXBTCD-25MAY2119-T108999.99,DELTA,14,1000,19,100,31,no,12,-2700
2025-05-21T15:01:34.174513,KXBTCD-25MAY2119-T108999.99,DELTA,14,1000,19,100,32,no,6,5400
2025-05-21T15:01:34.233992,KXBTCD-25MAY2119-T108999.99,DELTA,14,1000,19,100,33,no,5,-20000
2025-05-21T15:01:34.274306,KXBTCD-25MAY2119-T108999.99,DELTA,14,1000,19,100,34,no,7,20000
2025-05-21T15:01:35.353617,KXBTCD-25MAY2119-T108999.99,DELTA,14,1000,19,100,35,no,6,-5400
2025-05-21T15:01:35.354155,KXBTCD-25MAY2119-T108999.99,DELTA,14,1000,19,100,36,no,8,4050
2025-05-21T15:01:35.414522,KXBTCD-25MAY2119-T108999.99,DELTA,14,1000,19,100,37,no,7,-20000
2025-05-21T15:01:35.453482,KXBTCD-25MAY2119-T108999.99,DELTA,14,1000,19,100,38,no,9,20000
2025-05-21T15:01:39.187111,KXBTCD-25MAY2119-T108999.99,DELTA,14,1000,19,100,39,no,8,-4050
2025-05-21T15:01:39.187901,KXBTCD-25MAY2119-T108999.99,DELTA,14,1000,19,100,40,no,10,3240
2025-05-21T15:01:39.253791,KXBTCD-25MAY2119-T108999.99,DELTA,14,1000,19,100,41,no,9,-20000
2025-05-21T15:01:39.297573,KXBTCD-25MAY2119-T108999.99,DELTA,14,1000,19,100,42,no,11,20000
2025-05-21T15:01:41.596169,KXBTCD-25MAY2119-T108999.99,DELTA,14,1000,19,100,43,no,10,-3240
2025-05-21T15:01:41.597217,KXBTCD-25MAY2119-T108999.99,DELTA,14,1000,19,100,44,no,12,2700
2025-05-21T15:01:41.653655,KXBTCD-25MAY2119-T108999.99,DELTA,14,1000,19,100,45,no,11,-20000
2025-05-21T15:01:41.708202,KXBTCD-25MAY2119-T108999.99,DELTA,14,1000,19,100,46,no,5,20000
2025-05-21T15:01:42.055429,KXBTCD-25MAY2119-T108999.99,DELTA,14,1000,19,61,47,no,81,-39
2025-05-21T15:01:42.835452,KXBTCD-25MAY2119-T108999.99,DELTA,14,1000,19,61,48,no,12,-2700
2025-05-21T15:01:42.836161,KXBTCD-25MAY2119-T108999.99,DELTA,14,1000,19,61,49,no,6,5400
2025-05-21T15:01:42.895500,KXBTCD-25MAY2119-T108999.99,DELTA,14,1000,19,61,50,no,5,-20000
2025-05-21T15:01:42.934140,KXBTCD-25MAY2119-T108999.99,DELTA,14,1000,19,61,51,no,7,20000
2025-05-21T15:01:44.074842,KXBTCD-25MAY2119-T108999.99,DELTA,14,1000,19,61,52,no,6,-5400
2025-05-21T15:01:44.075757,KXBTCD-25MAY2119-T108999.99,DELTA,14,1000,19,61,53,no,39,830
2025-05-21T15:01:44.135116,KXBTCD-25MAY2119-T108999.99,DELTA,14,1000,19,61,54,no,7,-20000
2025-05-21T15:01:44.234300,KXBTCD-25MAY2119-T108999.99,DELTA,14,1000,19,61,55,no,5,20000
2025-05-21T15:01:45.353773,KXBTCD-25MAY2119-T108999.99,DELTA,14,1000,19,61,56,no,39,-830
2025-05-21T15:01:45.354532,KXBTCD-25MAY2119-T108999.99,DELTA,14,1000,19,61,57,no,6,5400
2025-05-21T15:01:45.414358,KXBTCD-25MAY2119-T108999.99,DELTA,14,1000,19,61,58,no,5,-20000
2025-05-21T15:01:45.453198,KXBTCD-25MAY2119-T108999.99,DELTA,14,1000,19,61,59,no,7,20000
2025-05-21T15:01:46.654451,KXBTCD-25MAY2119-T108999.99,DELTA,14,1000,19,61,60,no,6,-5400
2025-05-21T15:01:46.654714,KXBTCD-25MAY2119-T108999.99,DELTA,14,1000,19,61,61,no,8,4050
2025-05-21T15:01:46.713677,KXBTCD-25MAY2119-T108999.99,DELTA,14,1000,19,61,62,no,7,-20000
2025-05-21T15:01:46.754212,KXBTCD-25MAY2119-T108999.99,DELTA,14,1000,19,61,63,no,9,20000
2025-05-21T15:01:49.194321,KXBTCD-25MAY2119-T108999.99,DELTA,14,1000,19,61,64,yes,4,24
2025-05-21T15:01:49.216467,KXBTCD-25MAY2119-T108999.99,DELTA,14,1000,19,61,65,no,79,24
2025-05-21T15:01:49.216657,KXBTCD-25MAY2119-T108999.99,DELTA,14,1000,19,61,66,yes,5,-24
2025-05-21T15:01:49.234661,KXBTCD-25MAY2119-T108999.99,DELTA,14,1000,19,61,67,no,77,-24
2025-05-21T15:01:51.233983,KXBTCD-25MAY2119-T108999.99,DELTA,14,1000,19,61,68,no,8,-4050
2025-05-21T15:01:51.234788,KXBTCD-25MAY2119-T108999.99,DELTA,14,1000,19,61,69,no,10,3240
2025-05-21T15:01:51.293939,KXBTCD-25MAY2119-T108999.99,DELTA,14,1000,19,61,70,no,9,-20000
2025-05-21T15:01:51.355192,KXBTCD-25MAY2119-T108999.99,DELTA,14,1000,19,61,71,no,11,20000
2025-05-21T15:01:52.854327,KXBTCD-25MAY2119-T108999.99,DELTA,14,1000,19,61,72,no,67,-3000
2025-05-21T15:01:52.894595,KXBTCD-25MAY2119-T108999.99,DELTA,14,1000,19,61,73,no,64,3000
2025-05-21T15:01:52.974679,KXBTCD-25MAY2119-T108999.99,DELTA,14,1000,19,61,74,no,68,-9
2025-05-21T15:01:52.975011,KXBTCD-25MAY2119-T108999.99,DELTA,14,1000,19,61,75,no,52,9
2025-05-21T15:01:53.935063,KXBTCD-25MAY2119-T108999.99,DELTA,14,1000,19,61,76,no,10,-3240
2025-05-21T15:01:53.935891,KXBTCD-25MAY2119-T108999.99,DELTA,14,1000,19,61,77,no,12,2700
2025-05-21T15:01:53.995655,KXBTCD-25MAY2119-T108999.99,DELTA,14,1000,19,61,78,no,11,-20000
2025-05-21T15:01:54.032902,KXBTCD-25MAY2119-T108999.99,DELTA,14,1000,19,61,79,no,5,20000
2025-05-21T15:01:54.053737,KXBTCD-25MAY2119-T108999.99,DELTA,14,1000,19,61,80,no,65,9
2025-05-21T15:01:54.053947,KXBTCD-25MAY2119-T108999.99,DELTA,14,1000,19,61,81,no,52,-9
2025-05-21T15:01:55.173777,KXBTCD-25MAY2119-T108999.99,DELTA,14,1000,19,61,82,no,12,-2700
2025-05-21T15:01:55.174011,KXBTCD-25MAY2119-T108999.99,DELTA,14,1000,19,61,83,no,6,5400
2025-05-21T15:01:55.253305,KXBTCD-25MAY2119-T108999.99,DELTA,14,1000,19,61,84,no,5,-20000
2025-05-21T15:01:55.293064,KXBTCD-25MAY2119-T108999.99,DELTA,14,1000,19,61,85,no,7,20000
2025-05-21T15:01:56.873694,KXBTCD-25MAY2119-T108999.99,DELTA,14,1000,19,61,86,no,6,-5400
2025-05-21T15:01:56.874831,KXBTCD-25MAY2119-T108999.99,DELTA,14,1000,19,61,87,no,8,4050
2025-05-21T15:01:56.975327,KXBTCD-25MAY2119-T108999.99,DELTA,14,1000,19,61,88,no,7,-20000
2025-05-21T15:01:57.174339,KXBTCD-25MAY2119-T108999.99,DELTA,14,1000,19,61,89,no,9,20000
2025-05-21T15:01:58.894066,KXBTCD-25MAY2119-T108999.99,DELTA,14,1000,19,61,90,no,8,-4050
2025-05-21T15:01:58.895486,KXBTCD-25MAY2119-T108999.99,DELTA,14,1000,19,61,91,no,39,830
2025-05-21T15:01:58.995576,KXBTCD-25MAY2119-T108999.99,DELTA,14,1000,19,61,92,no,9,-20000
2025-05-21T15:01:59.193498,KXBTCD-25MAY2119-T108999.99,DELTA,14,1000,19,61,93,no,5,20000
2025-05-21T15:02:10.183498,KXBTCD-25MAY2119-T108999.99,DELTA,14,1000,19,61,94,yes,1,32400
2025-05-21T15:02:10.240855,KXBTCD-25MAY2119-T108999.99,DELTA,14,1000,19,61,95,no,39,-830
2025-05-21T15:02:10.241729,KXBTCD-25MAY2119-T108999.99,DELTA,14,1000,19,61,96,no,40,810
2025-05-21T15:02:10.440528,KXBTCD-25MAY2119-T108999.99,DELTA,14,1000,19,61,97,yes,2,1250
2025-05-21T15:02:10.442101,KXBTCD-25MAY2119-T108999.99,DELTA,14,1000,19,61,98,yes,2,2000
2025-05-21T15:02:10.442978,KXBTCD-25MAY2119-T108999.99,DELTA,14,1000,19,61,99,yes,2,20000
2025-05-21T15:02:11.493701,KXBTCD-25MAY2119-T108999.99,DELTA,14,1000,19,61,100,yes,1,-32400
2025-05-21T15:02:11.494761,KXBTCD-25MAY2119-T108999.99,DELTA,14,1000,19,61,101,yes,2,16200
2025-05-21T15:02:11.553520,KXBTCD-25MAY2119-T108999.99,DELTA,14,1000,19,61,102,yes,2,-20000
2025-05-21T15:02:11.573502,KXBTCD-25MAY2119-T108999.99,DELTA,14,1000,19,61,103,yes,2,-2000
2025-05-21T15:02:11.574260,KXBTCD-25MAY2119-T108999.99,DELTA,14,1000,19,61,104,yes,2,-1250
2025-05-21T15:02:11.634771,KXBTCD-25MAY2119-T108999.99,DELTA,14,1000,19,61,105,yes,3,2000
2025-05-21T15:02:11.635853,KXBTCD-25MAY2119-T108999.99,DELTA,14,1000,19,61,106,yes,3,1250
2025-05-21T15:02:11.636741,KXBTCD-25MAY2119-T108999.99,DELTA,14,1000,19,61,107,yes,3,20000
2025-05-21T15:02:21.473741,KXBTCD-25MAY2119-T108999.99,DELTA,14,1000,19,61,108,no,51,-1000
2025-05-21T15:02:21.519017,KXBTCD-25MAY2119-T108999.99,DELTA,14,1000,19,1061,109,no,81,1000
2025-05-21T15:02:21.615442,KXBTCD-25MAY2119-T108999.99,DELTA,14,1000,19,1061,110,yes,2,-16200
2025-05-21T15:02:21.616490,KXBTCD-25MAY2119-T108999.99,DELTA,14,1000,19,1061,111,yes,1,32400
2025-05-21T15:02:21.811821,KXBTCD-25MAY2119-T108999.99,DELTA,14,1000,19,1061,112,yes,3,-20000
2025-05-21T15:02:21.812446,KXBTCD-25MAY2119-T108999.99,DELTA,14,1000,19,1061,113,yes,3,-2000
2025-05-21T15:02:21.812859,KXBTCD-25MAY2119-T108999.99,DELTA,14,1000,19,1061,114,yes,3,-1250
2025-05-21T15:02:21.813514,KXBTCD-25MAY2119-T108999.99,DELTA,14,1000,19,1061,115,yes,2,2000
2025-05-21T15:02:21.819343,KXBTCD-25MAY2119-T108999.99,DELTA,14,1000,19,1061,116,yes,2,1250
2025-05-21T15:02:21.819970,KXBTCD-25MAY2119-T108999.99,DELTA,14,1000,19,1061,117,yes,2,20000
2025-05-21T15:02:22.694179,KXBTCD-25MAY2119-T108999.99,DELTA,14,1000,19,1061,118,yes,12,-100
2025-05-21T15:02:22.695181,KXBTCD-25MAY2119-T108999.99,DELTA,14,1000,19,1000,119,no,81,-61
2025-05-21T15:02:22.754672,KXBTCD-25MAY2119-T108999.99,DELTA,14,1000,21,24,120,no,81,-1000
2025-05-21T15:02:22.794452,KXBTCD-25MAY2119-T108999.99,DELTA,14,1000,21,24,121,no,51,1000
2025-05-21T15:02:22.813730,KXBTCD-25MAY2119-T108999.99,DELTA,14,1000,21,24,122,no,65,-9
2025-05-21T15:02:23.575158,KXBTCD-25MAY2119-T108999.99,DELTA,14,1000,21,24,123,yes,11,100
2025-05-21T15:02:23.593294,KXBTCD-25MAY2119-T108999.99,DELTA,14,1000,19,100,124,no,81,100
2025-05-21T15:02:23.659506,KXBTCD-25MAY2119-T108999.99,DELTA,14,1000,19,100,125,no,51,-1000
2025-05-21T15:02:23.700832,KXBTCD-25MAY2119-T108999.99,DELTA,14,1000,19,100,126,no,65,9
2025-05-21T15:02:23.713193,KXBTCD-25MAY2119-T108999.99,DELTA,14,1000,19,1100,127,no,81,1000
2025-05-21T15:02:24.414149,KXBTCD-25MAY2119-T108999.99,DELTA,14,1000,19,1000,128,no,81,-100
2025-05-21T15:02:24.473491,KXBTCD-25MAY2119-T108999.99,DELTA,14,1000,21,24,129,no,81,-1000
2025-05-21T15:02:24.512864,KXBTCD-25MAY2119-T108999.99,DELTA,14,1000,21,24,130,no,51,1000
2025-05-21T15:02:24.513817,KXBTCD-25MAY2119-T108999.99,DELTA,14,1000,21,24,131,no,65,-9
2025-05-21T15:02:25.554651,KXBTCD-25MAY2119-T108999.99,DELTA,14,1000,18,100,132,no,82,100
2025-05-21T15:02:25.674720,KXBTCD-25MAY2119-T108999.99,DELTA,14,1000,18,100,133,no,65,9
2025-05-21T15:02:30.053735,KXBTCD-25MAY2119-T108999.99,DELTA,14,1000,18,100,134,yes,1,-32400
2025-05-21T15:02:30.114835,KXBTCD-25MAY2119-T108999.99,DELTA,14,1000,18,100,135,yes,2,-20000
2025-05-21T15:02:30.133605,KXBTCD-25MAY2119-T108999.99,DELTA,14,1000,18,100,136,yes,2,-2000
2025-05-21T15:02:30.134139,KXBTCD-25MAY2119-T108999.99,DELTA,14,1000,18,100,137,yes,2,-1250
2025-05-21T15:02:48.394538,KXBTCD-25MAY2119-T108999.99,DELTA,14,1000,21,24,138,no,82,-100
2025-05-21T15:02:48.415661,KXBTCD-25MAY2119-T108999.99,DELTA,14,1000,21,24,139,yes,11,-100
2025-05-21T15:02:49.276463,KXBTCD-25MAY2119-T108999.99,DELTA,14,1000,21,24,140,yes,9,100
2025-05-21T15:02:49.292623,KXBTCD-25MAY2119-T108999.99,DELTA,14,1000,17,100,141,no,83,100
2025-05-21T15:02:55.557169,KXBTCD-25MAY2119-T108999.99,DELTA,13,35,17,100,142,yes,14,-1000
2025-05-21T15:02:55.572884,KXBTCD-25MAY2119-T108999.99,DELTA,13,35,17,100,143,yes,1,-3000
2025-05-21T15:02:55.615490,KXBTCD-25MAY2119-T108999.99,DELTA,13,1035,17,100,144,yes,13,1000
2025-05-21T15:02:55.654319,KXBTCD-25MAY2119-T108999.99,DELTA,13,1035,17,100,145,yes,5,9
2025-05-21T15:02:55.675021,KXBTCD-25MAY2119-T108999.99,DELTA,13,1035,17,100,146,yes,4,-24
2025-05-21T15:02:55.676077,KXBTCD-25MAY2119-T108999.99,DELTA,13,1035,17,100,147,yes,2,24
2025-05-21T15:02:55.676917,KXBTCD-25MAY2119-T108999.99,DELTA,13,1035,17,100,148,no,81,24
2025-05-21T15:02:55.677720,KXBTCD-25MAY2119-T108999.99,DELTA,13,1035,17,100,149,no,79,-24
2025-05-21T15:03:01.193415,KXBTCD-25MAY2119-T108999.99,DELTA,13,1035,17,100,150,yes,1,3000
2025-05-21T15:03:01.194441,KXBTCD-25MAY2119-T108999.99,DELTA,13,35,17,100,151,yes,13,-1000
2025-05-21T15:03:01.233932,KXBTCD-25MAY2119-T108999.99,DELTA,14,1000,17,100,152,yes,14,1000
2025-05-21T15:03:01.313778,KXBTCD-25MAY2119-T108999.99,DELTA,14,1000,17,100,153,yes,5,-9
2025-05-21T15:03:02.034319,KXBTCD-25MAY2119-T108999.99,DELTA,13,35,17,100,154,yes,14,-1000
2025-05-21T15:03:02.053238,KXBTCD-25MAY2119-T108999.99,DELTA,13,35,17,100,155,yes,1,-3000
2025-05-21T15:03:02.095027,KXBTCD-25MAY2119-T108999.99,DELTA,13,1035,17,100,156,yes,13,1000
2025-05-21T15:03:02.174173,KXBTCD-25MAY2119-T108999.99,DELTA,13,35,17,100,157,yes,13,-1000
2025-05-21T15:03:02.174860,KXBTCD-25MAY2119-T108999.99,DELTA,13,35,17,100,158,no,51,-1000
2025-05-21T15:03:02.195190,KXBTCD-25MAY2119-T108999.99,DELTA,13,35,17,100,159,yes,4,9
2025-05-21T15:03:02.233653,KXBTCD-25MAY2119-T108999.99,DELTA,13,35,17,1100,160,no,83,1000
2025-05-21T15:03:02.234397,KXBTCD-25MAY2119-T108999.99,DELTA,13,35,17,1100,161,yes,10,1000
2025-05-21T15:03:02.372143,KXBTCD-25MAY2119-T108999.99,DELTA,13,35,17,1100,162,yes,9,-100
2025-05-21T15:03:02.550625,KXBTCD-25MAY2119-T108999.99,DELTA,13,35,17,100,163,no,83,-1000
2025-05-21T15:03:02.552698,KXBTCD-25MAY2119-T108999.99,DELTA,13,35,16,1000,164,no,84,1000
2025-05-21T15:03:02.572643,KXBTCD-25MAY2119-T108999.99,DELTA,13,35,16,1000,165,yes,10,-1000
2025-05-21T15:03:03.115106,KXBTCD-25MAY2119-T108999.99,DELTA,13,35,16,1000,166,no,83,-100
2025-05-21T15:03:03.173357,KXBTCD-25MAY2119-T108999.99,DELTA,13,35,19,24,167,no,84,-1000
2025-05-21T15:03:03.214952,KXBTCD-25MAY2119-T108999.99,DELTA,13,35,19,24,168,no,51,1000
2025-05-21T15:03:03.216047,KXBTCD-25MAY2119-T108999.99,DELTA,13,35,19,24,169,no,65,-9
2025-05-21T15:03:03.513285,KXBTCD-25MAY2119-T108999.99,DELTA,13,35,19,24,170,yes,8,100
2025-05-21T15:03:03.573500,KXBTCD-25MAY2119-T108999.99,DELTA,13,35,19,24,171,yes,9,1000
2025-05-21T15:03:04.093603,KXBTCD-25MAY2119-T108999.99,DELTA,13,35,16,100,172,no,84,100
2025-05-21T15:03:04.153071,KXBTCD-25MAY2119-T108999.99,DELTA,13,35,16,100,173,yes,8,-100
2025-05-21T15:03:04.194470,KXBTCD-25MAY2119-T108999.99,DELTA,13,35,16,100,174,no,40,-810
2025-05-21T15:03:04.194716,KXBTCD-25MAY2119-T108999.99,DELTA,13,35,16,100,175,no,39,830
2025-05-21T15:03:04.212783,KXBTCD-25MAY2119-T108999.99,DELTA,13,35,16,100,176,no,65,9
2025-05-21T15:03:04.233142,KXBTCD-25MAY2119-T108999.99,DELTA,13,35,16,100,177,yes,9,-1000
2025-05-21T15:03:04.233412,KXBTCD-25MAY2119-T108999.99,DELTA,13,35,16,100,178,yes,4,-9
2025-05-21T15:03:04.456265,KXBTCD-25MAY2119-T108999.99,DELTA,13,1035,16,100,179,yes,13,1000
2025-05-21T15:03:04.512910,KXBTCD-25MAY2119-T108999.99,DELTA,13,35,16,100,180,yes,13,-1000
2025-05-21T15:03:05.273521,KXBTCD-25MAY2119-T108999.99,DELTA,13,35,16,100,181,yes,8,100
2025-05-21T15:03:05.392736,KXBTCD-25MAY2119-T108999.99,DELTA,13,35,16,100,182,yes,9,9
2025-05-21T15:03:05.393607,KXBTCD-25MAY2119-T108999.99,DELTA,13,35,16,100,183,yes,9,1000
2025-05-21T15:03:05.675095,KXBTCD-25MAY2119-T108999.99,DELTA,13,35,16,100,184,no,51,-1000
2025-05-21T15:03:05.713441,KXBTCD-25MAY2119-T108999.99,DELTA,13,35,16,1100,185,no,84,1000
2025-05-21T15:03:06.193778,KXBTCD-25MAY2119-T108999.99,DELTA,13,35,16,100,186,no,84,-1000
2025-05-21T15:03:06.254093,KXBTCD-25MAY2119-T108999.99,DELTA,13,35,16,100,187,no,51,1000
2025-05-21T15:03:06.254345,KXBTCD-25MAY2119-T108999.99,DELTA,13,35,19,24,188,no,84,-100
2025-05-21T15:03:06.313147,KXBTCD-25MAY2119-T108999.99,DELTA,13,35,19,24,189,yes,9,-9
2025-05-21T15:03:06.872927,KXBTCD-25MAY2119-T108999.99,DELTA,13,35,19,24,190,yes,9,-1000
2025-05-21T15:03:06.933148,KXBTCD-25MAY2119-T108999.99,DELTA,13,1035,19,24,191,yes,13,1000
2025-05-21T15:03:06.993553,KXBTCD-25MAY2119-T108999.99,DELTA,13,1035,19,24,192,yes,8,-100
2025-05-21T15:03:07.032395,KXBTCD-25MAY2119-T108999.99,DELTA,13,1035,19,24,193,yes,1,3000
2025-05-21T15:03:07.032846,KXBTCD-25MAY2119-T108999.99,DELTA,13,35,19,24,194,yes,13,-1000
2025-05-21T15:03:07.095303,KXBTCD-25MAY2119-T108999.99,DELTA,14,1000,19,24,195,yes,14,1000
2025-05-21T15:03:07.193167,KXBTCD-25MAY2119-T108999.99,DELTA,14,1000,17,100,196,no,83,100
2025-05-21T15:03:07.253624,KXBTCD-25MAY2119-T108999.99,DELTA,13,35,17,100,197,yes,14,-1000
2025-05-21T15:03:07.304662,KXBTCD-25MAY2119-T108999.99,DELTA,13,35,17,100,198,yes,1,-3000
2025-05-21T15:03:07.332727,KXBTCD-25MAY2119-T108999.99,DELTA,13,1035,17,100,199,yes,13,1000
2025-05-21T15:03:07.796058,KXBTCD-25MAY2119-T108999.99,DELTA,13,1035,17,100,200,yes,10,100
2025-05-21T15:03:07.832707,KXBTCD-25MAY2119-T108999.99,DELTA,13,1035,17,100,201,no,39,-830
2025-05-21T15:03:07.832989,KXBTCD-25MAY2119-T108999.99,DELTA,13,1035,17,100,202,no,40,810
2025-05-21T15:03:11.053027,KXBTCD-25MAY2119-T108999.99,DELTA,13,1035,17,100,203,no,40,-810
2025-05-21T15:03:12.716702,KXBTCD-25MAY2119-T108999.99,DELTA,13,1035,17,100,204,yes,1,3000
2025-05-21T15:03:12.717380,KXBTCD-25MAY2119-T108999.99,DELTA,13,35,17,100,205,yes,13,-1000
2025-05-21T15:03:12.753728,KXBTCD-25MAY2119-T108999.99,DELTA,14,1000,17,100,206,yes,14,1000
2025-05-21T15:03:12.973997,KXBTCD-25MAY2119-T108999.99,DELTA,13,35,17,100,207,yes,14,-1000
2025-05-21T15:03:12.975049,KXBTCD-25MAY2119-T108999.99,DELTA,13,35,17,100,208,yes,1,-3000
2025-05-21T15:03:13.075154,KXBTCD-25MAY2119-T108999.99,DELTA,13,1035,17,100,209,yes,13,1000
2025-05-21T15:03:15.993178,KXBTCD-25MAY2119-T108999.99,DELTA,13,1035,17,100,210,no,40,810
2025-05-21T15:03:19.734488,KXBTCD-25MAY2119-T108999.99,DELTA,13,35,17,100,211,yes,13,-1000
2025-05-21T15:03:19.754845,KXBTCD-25MAY2119-T108999.99,DELTA,13,35,17,100,212,no,51,-1000
2025-05-21T15:03:19.814166,KXBTCD-25MAY2119-T108999.99,DELTA,13,35,17,100,213,yes,11,1000
2025-05-21T15:03:19.814508,KXBTCD-25MAY2119-T108999.99,DELTA,13,35,17,1100,214,no,83,1000
2025-05-21T15:03:19.854039,KXBTCD-25MAY2119-T108999.99,DELTA,13,35,17,1100,215,yes,4,9
2025-05-21T15:03:20.572861,KXBTCD-25MAY2119-T108999.99,DELTA,13,35,17,1100,216,yes,10,-100
2025-05-21T15:03:20.593702,KXBTCD-25MAY2119-T108999.99,DELTA,13,35,17,1000,217,no,83,-100
2025-05-21T15:03:20.675046,KXBTCD-25MAY2119-T108999.99,DELTA,13,35,17,1000,218,yes,11,-1000
2025-05-21T15:03:20.675941,KXBTCD-25MAY2119-T108999.99,DELTA,13,35,19,24,219,no,83,-1000
2025-05-21T15:03:20.693725,KXBTCD-25MAY2119-T108999.99,DELTA,13,35,19,24,220,no,65,-9
2025-05-21T15:03:20.694589,KXBTCD-25MAY2119-T108999.99,DELTA,13,35,19,24,221,yes,4,-9
2025-05-21T15:03:20.734901,KXBTCD-25MAY2119-T108999.99,DELTA,13,35,19,24,222,no,51,1000
2025-05-21T15:03:21.611858,KXBTCD-25MAY2119-T108999.99,DELTA,13,35,19,24,223,yes,8,100
2025-05-21T15:03:21.612402,KXBTCD-25MAY2119-T108999.99,DELTA,13,35,16,100,224,no,84,100
2025-05-21T15:03:21.697008,KXBTCD-25MAY2119-T108999.99,DELTA,13,35,16,100,225,yes,9,1000
2025-05-21T15:03:21.734093,KXBTCD-25MAY2119-T108999.99,DELTA,13,35,16,100,226,yes,9,9
2025-05-21T15:03:21.734947,KXBTCD-25MAY2119-T108999.99,DELTA,13,35,16,100,227,no,65,9
2025-05-21T15:03:26.055220,KXBTCD-25MAY2119-T108999.99,DELTA,13,35,16,100,228,yes,8,-100
2025-05-21T15:03:26.172165,KXBTCD-25MAY2119-T108999.99,DELTA,13,35,16,100,229,yes,9,-9
2025-05-21T15:03:26.172895,KXBTCD-25MAY2119-T108999.99,DELTA,13,35,16,100,230,yes,9,-1000
2025-05-21T15:03:26.675327,KXBTCD-25MAY2119-T108999.99,DELTA,13,1035,16,100,231,yes,13,1000
2025-05-21T15:03:26.953691,KXBTCD-25MAY2119-T108999.99,DELTA,13,35,16,100,232,yes,13,-1000
2025-05-21T15:03:27.073227,KXBTCD-25MAY2119-T108999.99,DELTA,13,35,16,100,233,yes,4,9
2025-05-21T15:03:27.372771,KXBTCD-25MAY2119-T108999.99,DELTA,13,35,16,100,234,yes,8,100
2025-05-21T15:03:27.473674,KXBTCD-25MAY2119-T108999.99,DELTA,13,35,16,100,235,yes,9,1000
2025-05-21T15:03:29.314475,KXBTCD-25MAY2119-T108999.99,DELTA,13,35,16,100,236,yes,9,-1000
2025-05-21T15:03:29.432620,KXBTCD-25MAY2119-T108999.99,DELTA,13,1035,16,100,237,yes,13,1000
2025-05-21T15:03:29.432869,KXBTCD-25MAY2119-T108999.99,DELTA,13,1035,16,100,238,yes,4,-9
2025-05-21T15:03:29.433036,KXBTCD-25MAY2119-T108999.99,DELTA,13,1035,16,100,239,yes,9,9
2025-05-21T15:03:30.054056,KXBTCD-25MAY2119-T108999.99,DELTA,13,1035,16,100,240,yes,8,-100
2025-05-21T15:03:30.873146,KXBTCD-25MAY2119-T108999.99,DELTA,13,1035,16,100,241,yes,9,100
2025-05-21T15:03:30.993860,KXBTCD-25MAY2119-T108999.99,DELTA,13,1035,16,100,242,yes,9,-9
2025-05-21T15:03:31.453969,KXBTCD-25MAY2119-T108999.99,DELTA,13,1035,19,24,243,no,84,-100
2025-05-21T15:03:31.454580,KXBTCD-25MAY2119-T108999.99,DELTA,13,1035,19,24,244,yes,9,-100
2025-05-21T15:03:32.513137,KXBTCD-25MAY2119-T108999.99,DELTA,13,1035,19,24,245,yes,9,100
2025-05-21T15:03:32.531957,KXBTCD-25MAY2119-T108999.99,DELTA,13,1035,17,100,246,no,83,100
2025-05-21T15:03:37.772290,KXBTCD-25MAY2119-T108999.99,DELTA,13,35,17,100,247,yes,13,-1000
2025-05-21T15:03:37.772693,KXBTCD-25MAY2119-T108999.99,DELTA,13,35,17,100,248,yes,1,3000
2025-05-21T15:03:37.893776,KXBTCD-25MAY2119-T108999.99,DELTA,13,35,17,100,249,yes,4,9
2025-05-21T15:03:37.894326,KXBTCD-25MAY2119-T108999.99,DELTA,14,1000,17,100,250,yes,14,1000
2025-05-21T15:03:38.073940,KXBTCD-25MAY2119-T108999.99,DELTA,13,35,17,100,251,yes,14,-1000
2025-05-21T15:03:38.074767,KXBTCD-25MAY2119-T108999.99,DELTA,13,35,17,100,252,yes,1,-3000
2025-05-21T15:03:38.193639,KXBTCD-25MAY2119-T108999.99,DELTA,13,1035,17,100,253,yes,13,1000
2025-05-21T15:03:41.854089,KXBTCD-25MAY2119-T108999.99,DELTA,13,35,17,100,254,yes,13,-1000
2025-05-21T15:03:41.872388,KXBTCD-25MAY2119-T108999.99,DELTA,13,35,17,100,255,no,51,-1000
2025-05-21T15:03:41.993675,KXBTCD-25MAY2119-T108999.99,DELTA,13,35,17,1100,256,no,83,1000
2025-05-21T15:03:41.994118,KXBTCD-25MAY2119-T108999.99,DELTA,13,35,17,1100,257,yes,10,1000
2025-05-21T15:03:42.552336,KXBTCD-25MAY2119-T108999.99,DELTA,13,35,17,1000,258,no,83,-100
2025-05-21T15:03:42.673110,KXBTCD-25MAY2119-T108999.99,DELTA,13,35,19,24,259,no,83,-1000
2025-05-21T15:03:42.792925,KXBTCD-25MAY2119-T108999.99,DELTA,13,35,19,24,260,yes,4,-9
2025-05-21T15:03:42.793798,KXBTCD-25MAY2119-T108999.99,DELTA,13,35,19,24,261,no,51,1000
2025-05-21T15:03:43.592448,KXBTCD-25MAY2119-T108999.99,DELTA,13,35,16,100,262,no,84,100
2025-05-21T15:03:46.914116,KXBTCD-25MAY2119-T108999.99,DELTA,13,35,16,71,263,no,84,-29
2025-05-21T15:03:47.013120,KXBTCD-25MAY2119-T108999.99,DELTA,13,35,16,71,264,yes,10,-1000
2025-05-21T15:03:47.132696,KXBTCD-25MAY2119-T108999.99,DELTA,13,1035,16,71,265,yes,13,1000
2025-05-21T15:03:48.033871,KXBTCD-25MAY2119-T108999.99,DELTA,13,1035,19,24,266,no,84,-71
2025-05-21T15:03:48.794071,KXBTCD-25MAY2119-T108999.99,DELTA,13,1035,19,24,267,yes,9,-100
2025-05-21T15:03:49.492953,KXBTCD-25MAY2119-T108999.99,DELTA,13,1035,19,24,268,yes,10,100
2025-05-21T15:03:49.493256,KXBTCD-25MAY2119-T108999.99,DELTA,13,1035,18,100,269,no,82,100
2025-05-21T15:03:49.615199,KXBTCD-25MAY2119-T108999.99,DELTA,13,1035,18,100,270,no,51,-1000
2025-05-21T15:03:49.732554,KXBTCD-25MAY2119-T108999.99,DELTA,13,1035,18,1100,271,no,82,1000
2025-05-21T15:03:51.822917,KXBTCD-25MAY2119-T108999.99,DELTA,13,35,18,1100,272,yes,13,-1000
2025-05-21T15:03:51.823293,KXBTCD-25MAY2119-T108999.99,DELTA,13,35,18,1100,273,yes,1,3000
2025-05-21T15:03:51.823797,KXBTCD-25MAY2119-T108999.99,DELTA,13,35,18,100,274,no,82,-1000
2025-05-21T15:03:51.826161,KXBTCD-25MAY2119-T108999.99,DELTA,13,1035,18,100,275,yes,13,1000
2025-05-21T15:03:51.826509,KXBTCD-25MAY2119-T108999.99,DELTA,13,1035,18,1100,276,no,82,1000
2025-05-21T15:03:51.973379,KXBTCD-25MAY2119-T108999.99,DELTA,13,1035,18,1100,277,yes,4,9
2025-05-21T15:03:52.453852,KXBTCD-25MAY2119-T108999.99,DELTA,13,1035,18,1000,278,no,82,-100
2025-05-21T15:03:52.601333,KXBTCD-25MAY2119-T108999.99,DELTA,13,1035,19,24,279,no,82,-1000
2025-05-21T15:03:52.673592,KXBTCD-25MAY2119-T108999.99,DELTA,13,1035,19,24,280,no,51,1000
2025-05-21T15:03:52.792600,KXBTCD-25MAY2119-T108999.99,DELTA,13,1035,19,24,281,yes,4,-9
2025-05-21T15:03:53.373448,KXBTCD-25MAY2119-T108999.99,DELTA,13,1035,17,100,282,no,83,100
2025-05-21T15:03:56.973382,KXBTCD-25MAY2119-T108999.99,DELTA,13,1035,17,100,283,yes,1,-3000
2025-05-21T15:04:05.033733,KXBTCD-25MAY2119-T108999.99,DELTA,13,1035,19,24,284,no,83,-100
2025-05-21T15:04:05.053072,KXBTCD-25MAY2119-T108999.99,DELTA,13,1035,19,24,285,yes,10,-100
2025-05-21T15:04:05.953055,KXBTCD-25MAY2119-T108999.99,DELTA,13,1035,19,24,286,yes,9,100
2025-05-21T15:04:05.972906,KXBTCD-25MAY2119-T108999.99,DELTA,13,1035,17,100,287,no,83,100
2025-05-21T15:04:12.193511,KXBTCD-25MAY2119-T108999.99,DELTA,13,35,17,100,288,yes,13,-1000
2025-05-21T15:04:12.194889,KXBTCD-25MAY2119-T108999.99,DELTA,13,35,17,100,289,no,51,-1000
2025-05-21T15:04:12.291891,KXBTCD-25MAY2119-T108999.99,DELTA,13,35,17,100,290,yes,4,9
2025-05-21T15:04:12.312484,KXBTCD-25MAY2119-T108999.99,DELTA,13,35,17,100,291,yes,10,1000
2025-05-21T15:04:12.312992,KXBTCD-25MAY2119-T108999.99,DELTA,13,35,17,1100,292,no,83,1000
2025-05-21T15:04:13.953362,KXBTCD-25MAY2119-T108999.99,DELTA,13,35,17,1000,293,no,83,-100
2025-05-21T15:04:14.055174,KXBTCD-25MAY2119-T108999.99,DELTA,13,35,17,1000,294,yes,4,-9
2025-05-21T15:04:14.073776,KXBTCD-25MAY2119-T108999.99,DELTA,13,35,19,24,295,no,83,-1000
2025-05-21T15:04:14.074540,KXBTCD-25MAY2119-T108999.99,DELTA,13,35,19,24,296,no,65,-9
2025-05-21T15:04:14.193105,KXBTCD-25MAY2119-T108999.99,DELTA,13,35,19,24,297,no,51,1000
2025-05-21T15:04:15.160756,KXBTCD-25MAY2119-T108999.99,DELTA,13,35,17,100,298,no,83,100
2025-05-21T15:04:15.273489,KXBTCD-25MAY2119-T108999.99,DELTA,13,35,17,100,299,no,51,-1000
2025-05-21T15:04:15.273733,KXBTCD-25MAY2119-T108999.99,DELTA,13,35,17,100,300,no,65,9
2025-05-21T15:04:15.396584,KXBTCD-25MAY2119-T108999.99,DELTA,13,35,17,1100,301,no,83,1000
2025-05-21T15:04:16.332467,KXBTCD-25MAY2119-T108999.99,DELTA,13,35,17,1000,302,no,83,-100
2025-05-21T15:04:16.453704,KXBTCD-25MAY2119-T108999.99,DELTA,13,35,17,1000,303,no,65,-9
2025-05-21T15:04:16.472894,KXBTCD-25MAY2119-T108999.99,DELTA,13,35,19,24,304,no,83,-1000
2025-05-21T15:04:16.593430,KXBTCD-25MAY2119-T108999.99,DELTA,13,35,19,24,305,no,51,1000
2025-05-21T15:04:17.472432,KXBTCD-25MAY2119-T108999.99,DELTA,13,35,16,100,306,no,84,100
2025-05-21T15:04:17.594038,KXBTCD-25MAY2119-T108999.99,DELTA,13,35,16,100,307,no,65,9
2025-05-21T15:04:18.193968,KXBTCD-25MAY2119-T108999.99,DELTA,13,35,16,100,308,yes,10,-1000
2025-05-21T15:04:18.313420,KXBTCD-25MAY2119-T108999.99,DELTA,13,1035,16,100,309,yes,13,1000
2025-05-21T15:04:18.913111,KXBTCD-25MAY2119-T108999.99,DELTA,13,35,16,100,310,yes,13,-1000
2025-05-21T15:04:19.053779,KXBTCD-25MAY2119-T108999.99,DELTA,13,35,16,100,311,yes,10,1000
2025-05-21T15:04:20.354798,KXBTCD-25MAY2119-T108999.99,DELTA,13,35,16,100,312,yes,10,-1000
2025-05-21T15:04:20.494207,KXBTCD-25MAY2119-T108999.99,DELTA,13,1035,16,100,313,yes,13,1000
2025-05-21T15:04:20.614623,KXBTCD-25MAY2119-T108999.99,DELTA,13,35,16,100,314,yes,13,-1000
2025-05-21T15:04:20.673970,KXBTCD-25MAY2119-T108999.99,DELTA,13,35,16,100,315,yes,4,9
2025-05-21T15:04:20.734145,KXBTCD-25MAY2119-T108999.99,DELTA,13,35,16,100,316,yes,10,1000
2025-05-21T15:04:30.801989,KXBTCD-25MAY2119-T108999.99,DELTA,13,35,16,100,317,no,51,-1000
2025-05-21T15:04:30.812829,KXBTCD-25MAY2119-T108999.99,DELTA,13,35,16,1100,318,no,84,1000
2025-05-21T15:04:30.893434,KXBTCD-25MAY2119-T108999.99,DELTA,13,35,16,1100,319,yes,4,-9
2025-05-21T15:04:44.773210,KXBTCD-25MAY2119-T108999.99,DELTA,13,35,16,100,320,no,84,-1000
2025-05-21T15:04:44.833106,KXBTCD-25MAY2119-T108999.99,DELTA,13,35,16,100,321,no,51,1000
2025-05-21T15:04:47.234981,KXBTCD-25MAY2119-T108999.99,DELTA,13,35,16,100,322,no,51,-1000
2025-05-21T15:04:47.292780,KXBTCD-25MAY2119-T108999.99,DELTA,13,35,16,1100,323,no,84,1000
2025-05-21T15:04:51.533463,KXBTCD-25MAY2119-T108999.99,DELTA,13,35,16,100,324,no,84,-1000
2025-05-21T15:04:51.592343,KXBTCD-25MAY2119-T108999.99,DELTA,13,35,16,100,325,no,51,1000
2025-05-21T15:04:54.661561,KXBTCD-25MAY2119-T108999.99,DELTA,13,35,16,100,326,no,51,-1000
2025-05-21T15:04:54.662484,KXBTCD-25MAY2119-T108999.99,DELTA,13,35,16,1100,327,no,84,1000
2025-05-21T15:04:55.411944,KXBTCD-25MAY2119-T108999.99,DELTA,13,35,16,1000,328,no,84,-100
2025-05-21T15:04:55.432252,KXBTCD-25MAY2119-T108999.99,DELTA,13,35,16,1000,329,yes,9,-100
2025-05-21T15:04:55.492535,KXBTCD-25MAY2119-T108999.99,DELTA,13,35,19,24,330,no,84,-1000
2025-05-21T15:04:55.511952,KXBTCD-25MAY2119-T108999.99,DELTA,13,35,19,24,331,yes,10,-1000
2025-05-21T15:04:55.532810,KXBTCD-25MAY2119-T108999.99,DELTA,13,35,19,24,332,no,65,-9
2025-05-21T15:04:55.533024,KXBTCD-25MAY2119-T108999.99,DELTA,13,35,19,24,333,no,51,1000
2025-05-21T15:04:56.955901,KXBTCD-25MAY2119-T108999.99,DELTA,13,35,19,24,334,yes,7,100
2025-05-21T15:04:56.956914,KXBTCD-25MAY2119-T108999.99,DELTA,13,35,15,100,335,no,85,100
2025-05-21T15:04:56.993203,KXBTCD-25MAY2119-T108999.99,DELTA,13,35,15,100,336,yes,8,1000
2025-05-21T15:04:57.054114,KXBTCD-25MAY2119-T108999.99,DELTA,13,35,15,100,337,yes,8,9
2025-05-21T15:04:57.054631,KXBTCD-25MAY2119-T108999.99,DELTA,13,35,15,100,338,no,65,9
2025-05-21T15:04:57.173157,KXBTCD-25MAY2119-T108999.99,DELTA,13,35,15,100,339,yes,7,-100
2025-05-21T15:04:57.233922,KXBTCD-25MAY2119-T108999.99,DELTA,13,35,15,100,340,yes,8,-1000
2025-05-21T15:04:58.052991,KXBTCD-25MAY2119-T108999.99,DELTA,13,35,15,100,341,yes,7,100
2025-05-21T15:04:58.132952,KXBTCD-25MAY2119-T108999.99,DELTA,13,35,15,100,342,yes,8,1000
2025-05-21T15:04:58.292093,KXBTCD-25MAY2119-T108999.99,DELTA,13,35,15,100,343,yes,7,-100
2025-05-21T15:04:58.353272,KXBTCD-25MAY2119-T108999.99,DELTA,13,35,15,100,344,yes,8,-1000
2025-05-21T15:04:59.112626,KXBTCD-25MAY2119-T108999.99,DELTA,13,35,15,100,345,yes,8,100
2025-05-21T15:04:59.171779,KXBTCD-25MAY2119-T108999.99,DELTA,13,35,15,100,346,yes,9,1000
2025-05-21T15:04:59.234599,KXBTCD-25MAY2119-T108999.99,DELTA,13,35,15,100,347,yes,9,9
2025-05-21T15:04:59.235166,KXBTCD-25MAY2119-T108999.99,DELTA,13,35,15,100,348,yes,8,-9
2025-05-21T15:05:01.193417,KXBTCD-25MAY2119-T108999.99,DELTA,13,35,15,100,349,no,76,250
2025-05-21T15:05:01.256268,KXBTCD-25MAY2119-T108999.99,DELTA,13,35,15,100,350,no,70,250
2025-05-21T15:05:01.257024,KXBTCD-25MAY2119-T108999.99,DELTA,13,35,15,100,351,no,72,250
2025-05-21T15:05:01.272757,KXBTCD-25MAY2119-T108999.99,DELTA,13,35,15,100,352,no,68,250
2025-05-21T15:05:01.273265,KXBTCD-25MAY2119-T108999.99,DELTA,13,35,15,100,353,no,74,250
2025-05-21T15:05:01.317616,KXBTCD-25MAY2119-T108999.99,DELTA,13,35,15,100,354,yes,6,250
2025-05-21T15:05:01.318038,KXBTCD-25MAY2119-T108999.99,DELTA,13,35,15,100,355,no,51,-2000
2025-05-21T15:05:01.318256,KXBTCD-25MAY2119-T108999.99,DELTA,13,35,15,100,356,no,51,-1000
2025-05-21T15:05:01.318441,KXBTCD-25MAY2119-T108999.99,DELTA,13,35,15,100,357,yes,4,250
2025-05-21T15:05:01.318585,KXBTCD-25MAY2119-T108999.99,DELTA,13,35,15,100,358,yes,2,250
2025-05-21T15:05:01.318718,KXBTCD-25MAY2119-T108999.99,DELTA,13,35,15,100,359,no,77,9
2025-05-21T15:05:01.368285,KXBTCD-25MAY2119-T108999.99,DELTA,13,35,15,100,360,yes,9,-9
2025-05-21T15:05:01.369081,KXBTCD-25MAY2119-T108999.99,DELTA,13,35,15,100,361,no,65,-9
2025-05-21T15:05:01.467985,KXBTCD-25MAY2119-T108999.99,DELTA,13,35,15,100,362,yes,7,1250
2025-05-21T15:05:01.468639,KXBTCD-25MAY2119-T108999.99,DELTA,13,35,15,100,363,yes,7,2000
2025-05-21T15:05:01.623817,KXBTCD-25MAY2119-T108999.99,DELTA,13,35,15,100,364,no,77,2000
2025-05-21T15:05:01.624495,KXBTCD-25MAY2119-T108999.99,DELTA,13,35,15,100,365,no,77,1000
2025-05-21T15:05:01.707798,KXBTCD-25MAY2119-T108999.99,DELTA,13,35,15,100,366,no,77,1250
2025-05-21T15:05:02.126844,KXBTCD-25MAY2119-T108999.99,DELTA,13,35,15,100,367,no,68,-250
2025-05-21T15:05:02.127768,KXBTCD-25MAY2119-T108999.99,DELTA,13,35,15,100,368,no,78,250
2025-05-21T15:05:02.247271,KXBTCD-25MAY2119-T108999.99,DELTA,13,35,15,100,369,no,77,-2000
2025-05-21T15:05:02.273412,KXBTCD-25MAY2119-T108999.99,DELTA,13,35,15,100,370,no,77,-1000
2025-05-21T15:05:02.274025,KXBTCD-25MAY2119-T108999.99,DELTA,13,35,15,100,371,no,77,-1250
2025-05-21T15:05:02.274390,KXBTCD-25MAY2119-T108999.99,DELTA,13,35,15,100,372,no,79,9
2025-05-21T15:05:02.292216,KXBTCD-25MAY2119-T108999.99,DELTA,13,35,15,100,373,no,79,1000
2025-05-21T15:05:02.605381,KXBTCD-25MAY2119-T108999.99,DELTA,13,35,15,100,374,no,79,2000
2025-05-21T15:05:02.619250,KXBTCD-25MAY2119-T108999.99,DELTA,13,35,15,100,375,no,77,-9
2025-05-21T15:05:02.953250,KXBTCD-25MAY2119-T108999.99,DELTA,13,35,15,100,376,no,79,1250
2025-05-21T15:05:03.073407,KXBTCD-25MAY2119-T108999.99,DELTA,13,35,15,100,377,no,79,-9
2025-05-21T15:05:03.132927,KXBTCD-25MAY2119-T108999.99,DELTA,13,35,15,100,378,no,80,9
2025-05-21T15:05:03.158563,KXBTCD-25MAY2119-T108999.99,DELTA,13,35,15,100,379,yes,8,250
2025-05-21T15:05:03.373775,KXBTCD-25MAY2119-T108999.99,DELTA,13,35,15,100,380,yes,7,-2000
2025-05-21T15:05:03.374514,KXBTCD-25MAY2119-T108999.99,DELTA,13,35,15,100,381,yes,7,-1250
2025-05-21T15:05:03.465750,KXBTCD-25MAY2119-T108999.99,DELTA,13,35,15,100,382,yes,9,1250
2025-05-21T15:05:03.653679,KXBTCD-25MAY2119-T108999.99,DELTA,13,35,15,100,383,yes,9,2000
2025-05-21T15:05:03.693965,KXBTCD-25MAY2119-T108999.99,DELTA,13,35,15,100,384,yes,9,-2000
2025-05-21T15:05:03.732212,KXBTCD-25MAY2119-T108999.99,DELTA,13,35,15,100,385,yes,8,2000
2025-05-21T15:05:04.197545,KXBTCD-25MAY2119-T108999.99,DELTA,13,35,15,100,386,yes,8,-250
2025-05-21T15:05:04.253559,KXBTCD-25MAY2119-T108999.99,DELTA,13,35,15,100,387,yes,8,-2000
2025-05-21T15:05:04.273213,KXBTCD-25MAY2119-T108999.99,DELTA,13,35,15,100,388,yes,9,-1250
2025-05-21T15:05:04.312849,KXBTCD-25MAY2119-T108999.99,DELTA,13,35,15,100,389,yes,7,1250
2025-05-21T15:05:04.372492,KXBTCD-25MAY2119-T108999.99,DELTA,13,35,15,100,390,yes,7,2000
2025-05-21T15:05:05.113744,KXBTCD-25MAY2119-T108999.99,DELTA,13,35,15,100,391,no,70,-250
2025-05-21T15:05:05.193500,KXBTCD-25MAY2119-T108999.99,DELTA,13,35,15,100,392,no,80,250
2025-05-21T15:05:05.692837,KXBTCD-25MAY2119-T108999.99,DELTA,13,35,15,100,393,no,79,-2000
2025-05-21T15:05:05.693518,KXBTCD-25MAY2119-T108999.99,DELTA,13,35,15,100,394,no,79,-1000
2025-05-21T15:05:05.711968,KXBTCD-25MAY2119-T108999.99,DELTA,13,35,15,100,395,no,79,-1250
2025-05-21T15:05:05.772353,KXBTCD-25MAY2119-T108999.99,DELTA,13,35,15,100,396,no,81,2000
2025-05-21T15:05:05.773084,KXBTCD-25MAY2119-T108999.99,DELTA,13,35,15,100,397,no,81,1000
2025-05-21T15:05:05.773624,KXBTCD-25MAY2119-T108999.99,DELTA,13,35,15,100,398,no,81,1250
2025-05-21T15:05:06.133351,KXBTCD-25MAY2119-T108999.99,DELTA,13,35,15,100,399,no,70,250
2025-05-21T15:05:06.133660,KXBTCD-25MAY2119-T108999.99,DELTA,13,35,15,100,400,no,80,-250
2025-05-21T15:05:06.212798,KXBTCD-25MAY2119-T108999.99,DELTA,13,35,15,100,401,no,81,-2000
2025-05-21T15:05:06.213414,KXBTCD-25MAY2119-T108999.99,DELTA,13,35,15,100,402,no,81,-1000
2025-05-21T15:05:06.233471,KXBTCD-25MAY2119-T108999.99,DELTA,13,35,15,100,403,no,81,-1250
2025-05-21T15:05:06.286589,KXBTCD-25MAY2119-T108999.99,DELTA,13,35,15,100,404,no,80,-9
2025-05-21T15:05:06.353438,KXBTCD-25MAY2119-T108999.99,DELTA,13,35,15,100,405,no,79,1000
2025-05-21T15:05:06.354318,KXBTCD-25MAY2119-T108999.99,DELTA,13,35,15,100,406,no,79,2000
2025-05-21T15:05:06.414174,KXBTCD-25MAY2119-T108999.99,DELTA,13,35,15,100,407,no,79,1250
2025-05-21T15:05:09.114105,KXBTCD-25MAY2119-T108999.99,DELTA,13,35,15,100,408,no,70,-250
2025-05-21T15:05:09.114906,KXBTCD-25MAY2119-T108999.99,DELTA,13,35,15,100,409,no,80,250
2025-05-21T15:05:09.233120,KXBTCD-25MAY2119-T108999.99,DELTA,13,35,15,100,410,no,81,9
2025-05-21T15:05:09.234138,KXBTCD-25MAY2119-T108999.99,DELTA,13,35,15,100,411,no,79,-2000
2025-05-21T15:05:09.253204,KXBTCD-25MAY2119-T108999.99,DELTA,13,35,15,100,412,no,79,-1000
2025-05-21T15:05:09.254166,KXBTCD-25MAY2119-T108999.99,DELTA,13,35,15,100,413,no,79,-1250
2025-05-21T15:05:09.313152,KXBTCD-25MAY2119-T108999.99,DELTA,13,35,15,100,414,no,82,1000
2025-05-21T15:05:09.314155,KXBTCD-25MAY2119-T108999.99,DELTA,13,35,15,100,415,no,81,2000
2025-05-21T15:05:09.315172,KXBTCD-25MAY2119-T108999.99,DELTA,13,35,15,100,416,no,81,1250
2025-05-21T15:05:10.133681,KXBTCD-25MAY2119-T108999.99,DELTA,13,35,15,100,417,no,70,250
2025-05-21T15:05:10.133855,KXBTCD-25MAY2119-T108999.99,DELTA,13,35,15,100,418,no,80,-250
2025-05-21T15:05:10.192086,KXBTCD-25MAY2119-T108999.99,DELTA,13,35,15,100,419,no,81,-2000
2025-05-21T15:05:10.213032,KXBTCD-25MAY2119-T108999.99,DELTA,13,35,15,100,420,no,81,-1250
2025-05-21T15:05:10.253453,KXBTCD-25MAY2119-T108999.99,DELTA,13,35,15,100,421,no,81,-9
2025-05-21T15:05:10.254097,KXBTCD-25MAY2119-T108999.99,DELTA,13,35,15,100,422,no,79,1250
2025-05-21T15:05:10.254412,KXBTCD-25MAY2119-T108999.99,DELTA,13,35,15,100,423,no,79,2000
2025-05-21T15:05:10.312916,KXBTCD-25MAY2119-T108999.99,DELTA,13,35,15,100,424,no,82,-1000
2025-05-21T15:05:10.373316,KXBTCD-25MAY2119-T108999.99,DELTA,13,35,15,100,425,no,79,1000
2025-05-21T15:05:16.132032,KXBTCD-25MAY2119-T108999.99,DELTA,13,35,15,100,426,no,80,250
2025-05-21T15:05:16.132263,KXBTCD-25MAY2119-T108999.99,DELTA,13,35,15,100,427,no,70,-250
2025-05-21T15:05:16.192657,KXBTCD-25MAY2119-T108999.99,DELTA,13,35,15,100,428,no,79,-2000
2025-05-21T15:05:16.192872,KXBTCD-25MAY2119-T108999.99,DELTA,13,35,15,100,429,no,79,-1000
2025-05-21T15:05:16.212839,KXBTCD-25MAY2119-T108999.99,DELTA,13,35,15,100,430,no,79,-1250
2025-05-21T15:05:16.253841,KXBTCD-25MAY2119-T108999.99,DELTA,13,35,15,100,431,no,81,9
2025-05-21T15:05:16.254214,KXBTCD-25MAY2119-T108999.99,DELTA,13,35,15,100,432,no,81,2000
2025-05-21T15:05:16.272621,KXBTCD-25MAY2119-T108999.99,DELTA,13,35,15,100,433,no,81,1000
2025-05-21T15:05:16.272856,KXBTCD-25MAY2119-T108999.99,DELTA,13,35,15,100,434,no,81,1250
2025-05-21T15:05:16.332235,KXBTCD-25MAY2119-T108999.99,DELTA,13,35,15,100,435,no,81,-1000
2025-05-21T15:05:16.372896,KXBTCD-25MAY2119-T108999.99,DELTA,13,35,15,100,436,no,82,1000
2025-05-21T15:05:18.725577,KXBTCD-25MAY2119-T108999.99,DELTA,13,35,15,100,437,no,81,-2000
2025-05-21T15:05:18.726625,KXBTCD-25MAY2119-T108999.99,DELTA,13,35,15,100,438,no,80,2000
2025-05-21T15:05:18.772156,KXBTCD-25MAY2119-T108999.99,DELTA,13,35,15,100,439,no,81,-9
2025-05-21T15:05:18.833316,KXBTCD-25MAY2119-T108999.99,DELTA,13,35,15,100,440,no,82,-1000
2025-05-21T15:05:18.873079,KXBTCD-25MAY2119-T108999.99,DELTA,13,35,15,100,441,no,81,1000
2025-05-21T15:05:18.973636,KXBTCD-25MAY2119-T108999.99,DELTA,13,35,15,100,442,no,80,-2000
2025-05-21T15:05:19.032819,KXBTCD-25MAY2119-T108999.99,DELTA,13,35,15,100,443,no,81,2000
2025-05-21T15:05:21.134281,KXBTCD-25MAY2119-T108999.99,DELTA,13,35,15,100,444,no,80,-250
2025-05-21T15:05:21.192757,KXBTCD-25MAY2119-T108999.99,DELTA,13,35,15,100,445,no,70,250
2025-05-21T15:05:21.252637,KXBTCD-25MAY2119-T108999.99,DELTA,13,35,15,100,446,no,81,-2000
2025-05-21T15:05:21.272299,KXBTCD-25MAY2119-T108999.99,DELTA,13,35,15,100,447,no,81,-1000
2025-05-21T15:05:21.272616,KXBTCD-25MAY2119-T108999.99,DELTA,13,35,15,100,448,no,81,-1250
2025-05-21T15:05:21.332631,KXBTCD-25MAY2119-T108999.99,DELTA,13,35,15,100,449,no,79,1000
2025-05-21T15:05:21.332905,KXBTCD-25MAY2119-T108999.99,DELTA,13,35,15,100,450,no,79,1250
2025-05-21T15:05:21.333039,KXBTCD-25MAY2119-T108999.99,DELTA,13,35,15,100,451,no,79,2000
2025-05-21T15:05:26.132709,KXBTCD-25MAY2119-T108999.99,DELTA,13,35,15,100,452,no,70,-250
2025-05-21T15:05:26.133412,KXBTCD-25MAY2119-T108999.99,DELTA,13,35,15,100,453,no,80,250
2025-05-21T15:05:26.194186,KXBTCD-25MAY2119-T108999.99,DELTA,13,35,15,100,454,no,79,-2000
2025-05-21T15:05:26.195378,KXBTCD-25MAY2119-T108999.99,DELTA,13,35,15,100,455,no,79,-1000
2025-05-21T15:05:26.212790,KXBTCD-25MAY2119-T108999.99,DELTA,13,35,15,100,456,no,79,-1250
2025-05-21T15:05:26.233269,KXBTCD-25MAY2119-T108999.99,DELTA,13,35,15,100,457,no,81,9
2025-05-21T15:05:26.252986,KXBTCD-25MAY2119-T108999.99,DELTA,13,35,15,100,458,no,81,2000
2025-05-21T15:05:26.254021,KXBTCD-25MAY2119-T108999.99,DELTA,13,35,15,100,459,no,81,1250
2025-05-21T15:05:26.254883,KXBTCD-25MAY2119-T108999.99,DELTA,13,35,15,100,460,no,81,1000
2025-05-21T15:05:26.293240,KXBTCD-25MAY2119-T108999.99,DELTA,13,35,15,100,461,no,81,-1000
2025-05-21T15:05:26.333514,KXBTCD-25MAY2119-T108999.99,DELTA,13,35,15,100,462,no,82,1000
2025-05-21T15:05:31.153747,KXBTCD-25MAY2119-T108999.99,DELTA,13,35,15,100,463,no,82,-1000
2025-05-21T15:05:31.193018,KXBTCD-25MAY2119-T108999.99,DELTA,13,35,15,1100,464,no,85,1000
2025-05-21T15:05:31.212467,KXBTCD-25MAY2119-T108999.99,DELTA,13,35,15,1100,465,yes,6,-250
2025-05-21T15:05:31.273892,KXBTCD-25MAY2119-T108999.99,DELTA,13,35,15,1100,466,no,81,-9
2025-05-21T15:05:31.291970,KXBTCD-25MAY2119-T108999.99,DELTA,13,35,15,1100,467,yes,7,-2000
2025-05-21T15:05:31.292837,KXBTCD-25MAY2119-T108999.99,DELTA,13,35,15,1100,468,yes,7,-1250
2025-05-21T15:05:31.392510,KXBTCD-25MAY2119-T108999.99,DELTA,13,35,15,1100,469,yes,5,1250
2025-05-21T15:05:31.392736,KXBTCD-25MAY2119-T108999.99,DELTA,13,35,15,1100,470,yes,5,2000
2025-05-21T15:05:31.634080,KXBTCD-25MAY2119-T108999.99,DELTA,13,35,15,100,471,no,85,-1000
2025-05-21T15:05:31.671574,KXBTCD-25MAY2119-T108999.99,DELTA,13,35,14,1000,472,no,86,1000
2025-05-21T15:05:31.752768,KXBTCD-25MAY2119-T108999.99,DELTA,13,35,15,100,473,no,86,-1000
2025-05-21T15:05:31.832842,KXBTCD-25MAY2119-T108999.99,DELTA,13,35,14,1000,474,no,86,1000
2025-05-21T15:05:32.113671,KXBTCD-25MAY2119-T108999.99,DELTA,13,35,14,1000,475,yes,2,-24
2025-05-21T15:05:32.114929,KXBTCD-25MAY2119-T108999.99,DELTA,13,35,14,1000,476,yes,1,24
2025-05-21T15:05:32.132191,KXBTCD-25MAY2119-T108999.99,DELTA,13,35,14,1000,477,no,82,24
2025-05-21T15:05:32.132950,KXBTCD-25MAY2119-T108999.99,DELTA,13,35,14,1000,478,no,81,-24
2025-05-21T15:05:32.432629,KXBTCD-25MAY2119-T108999.99,DELTA,13,35,14,1000,479,yes,8,-100
2025-05-21T15:05:32.432916,KXBTCD-25MAY2119-T108999.99,DELTA,13,35,14,1000,480,no,85,-100
2025-05-21T15:05:32.513844,KXBTCD-25MAY2119-T108999.99,DELTA,13,35,14,1000,481,yes,9,-1000
2025-05-21T15:05:32.514626,KXBTCD-25MAY2119-T108999.99,DELTA,13,35,18,24,482,no,86,-1000
2025-05-21T15:05:32.563465,KXBTCD-25MAY2119-T108999.99,DELTA,13,35,18,24,483,no,81,1000
2025-05-21T15:05:32.573544,KXBTCD-25MAY2119-T108999.99,DELTA,13,35,18,24,484,yes,5,1000
2025-05-21T15:05:33.312795,KXBTCD-25MAY2119-T108999.99,DELTA,13,35,18,24,485,no,72,-250
2025-05-21T15:05:33.313014,KXBTCD-25MAY2119-T108999.99,DELTA,13,35,18,274,486,no,82,250
2025-05-21T15:05:33.391149,KXBTCD-25MAY2119-T108999.99,DELTA,13,35,18,274,487,no,81,-2000
2025-05-21T15:05:33.412766,KXBTCD-25MAY2119-T108999.99,DELTA,13,35,18,274,488,no,81,-1000
2025-05-21T15:05:33.413042,KXBTCD-25MAY2119-T108999.99,DELTA,13,35,18,274,489,no,81,-1250
2025-05-21T15:05:33.433642,KXBTCD-25MAY2119-T108999.99,DELTA,13,35,18,274,490,yes,6,9
2025-05-21T15:05:33.492506,KXBTCD-25MAY2119-T108999.99,DELTA,13,35,17,1000,491,no,83,1000
2025-05-21T15:05:33.513362,KXBTCD-25MAY2119-T108999.99,DELTA,13,35,17,2250,492,no,83,1250
2025-05-21T15:05:33.532371,KXBTCD-25MAY2119-T108999.99,DELTA,13,35,17,4250,493,no,83,2000
2025-05-21T15:05:33.612980,KXBTCD-25MAY2119-T108999.99,DELTA,13,35,17,4250,494,yes,6,100
2025-05-21T15:05:33.632533,KXBTCD-25MAY2119-T108999.99,DELTA,13,35,14,100,495,no,86,100
2025-05-21T15:05:33.713501,KXBTCD-25MAY2119-T108999.99,DELTA,13,35,14,100,496,yes,5,-1000
2025-05-21T15:05:33.714193,KXBTCD-25MAY2119-T108999.99,DELTA,13,35,14,100,497,no,83,-1000
2025-05-21T15:05:33.794629,KXBTCD-25MAY2119-T108999.99,DELTA,13,35,14,1100,498,no,86,1000
2025-05-21T15:05:33.794813,KXBTCD-25MAY2119-T108999.99,DELTA,13,35,14,1100,499,yes,7,1000
2025-05-21T15:05:33.854036,KXBTCD-25MAY2119-T108999.99,DELTA,13,35,14,1100,500,no,83,-2000
2025-05-21T15:05:33.872351,KXBTCD-25MAY2119-T108999.99,DELTA,13,35,14,100,501,no,86,-1000
2025-05-21T15:05:33.933215,KXBTCD-25MAY2119-T108999.99,DELTA,13,35,14,100,502,no,82,2000
2025-05-21T15:05:33.933350,KXBTCD-25MAY2119-T108999.99,DELTA,13,35,14,100,503,no,83,1000
2025-05-21T15:05:34.632783,KXBTCD-25MAY2119-T108999.99,DELTA,13,35,14,100,504,no,82,-2000
2025-05-21T15:05:34.652183,KXBTCD-25MAY2119-T108999.99,DELTA,13,35,14,100,505,no,83,-1000
2025-05-21T15:05:34.752365,KXBTCD-25MAY2119-T108999.99,DELTA,13,35,14,100,506,yes,8,9
2025-05-21T15:05:34.752554,KXBTCD-25MAY2119-T108999.99,DELTA,13,35,14,100,507,yes,6,-9
2025-05-21T15:05:34.771777,KXBTCD-25MAY2119-T108999.99,DELTA,13,35,14,100,508,no,83,2000
2025-05-21T15:05:34.790995,KXBTCD-25MAY2119-T108999.99,DELTA,13,35,14,1100,509,no,86,1000
2025-05-21T15:05:35.334651,KXBTCD-25MAY2119-T108999.99,DELTA,13,35,14,1100,510,no,83,-2000
2025-05-21T15:05:35.357595,KXBTCD-25MAY2119-T108999.99,DELTA,13,35,14,100,511,no,86,-1000
2025-05-21T15:05:35.452938,KXBTCD-25MAY2119-T108999.99,DELTA,13,35,14,100,512,no,83,1000
2025-05-21T15:05:35.476149,KXBTCD-25MAY2119-T108999.99,DELTA,13,35,14,100,513,no,82,2000
2025-05-21T15:05:39.373009,KXBTCD-25MAY2119-T108999.99,DELTA,13,35,14,100,514,yes,6,-100
2025-05-21T15:05:39.493835,KXBTCD-25MAY2119-T108999.99,DELTA,13,35,14,100,515,yes,7,-1000
2025-05-21T15:05:39.673253,KXBTCD-25MAY2119-T108999.99,DELTA,13,35,14,100,516,yes,5,1000
2025-05-21T15:05:40.332510,KXBTCD-25MAY2119-T108999.99,DELTA,13,35,14,100,517,yes,7,100
2025-05-21T15:05:40.472984,KXBTCD-25MAY2119-T108999.99,DELTA,13,35,14,100,518,yes,5,-1000
2025-05-21T15:05:40.592680,KXBTCD-25MAY2119-T108999.99,DELTA,13,35,14,100,519,yes,8,1000
2025-05-21T15:05:40.933078,KXBTCD-25MAY2119-T108999.99,DELTA,13,35,14,100,520,no,82,-2000
2025-05-21T15:05:40.933699,KXBTCD-25MAY2119-T108999.99,DELTA,13,35,14,100,521,no,83,-1000
2025-05-21T15:05:41.052836,KXBTCD-25MAY2119-T108999.99,DELTA,13,35,14,100,522,no,83,2000
2025-05-21T15:05:41.053236,KXBTCD-25MAY2119-T108999.99,DELTA,13,35,14,1100,523,no,86,1000
2025-05-21T15:05:44.893750,KXBTCD-25MAY2119-T108999.99,DELTA,13,35,14,1100,524,no,83,-2000
2025-05-21T15:05:44.894178,KXBTCD-25MAY2119-T108999.99,DELTA,13,35,14,100,525,no,86,-1000
2025-05-21T15:05:45.013850,KXBTCD-25MAY2119-T108999.99,DELTA,13,35,14,100,526,no,83,1000
2025-05-21T15:05:45.014222,KXBTCD-25MAY2119-T108999.99,DELTA,13,35,14,100,527,yes,8,-9
2025-05-21T15:05:45.014467,KXBTCD-25MAY2119-T108999.99,DELTA,13,35,14,100,528,no,82,2000
2025-05-21T15:05:45.014601,KXBTCD-25MAY2119-T108999.99,DELTA,13,35,14,100,529,yes,9,9
2025-05-21T15:05:47.735475,KXBTCD-25MAY2119-T108999.99,DELTA,13,35,14,100,530,no,82,-250
2025-05-21T15:05:47.752855,KXBTCD-25MAY2119-T108999.99,DELTA,13,35,14,100,531,no,72,250
2025-05-21T15:05:47.849792,KXBTCD-25MAY2119-T108999.99,DELTA,13,35,14,100,532,no,82,-2000
2025-05-21T15:05:47.850152,KXBTCD-25MAY2119-T108999.99,DELTA,13,35,14,100,533,no,83,-1250
2025-05-21T15:05:47.855147,KXBTCD-25MAY2119-T108999.99,DELTA,13,35,14,100,534,no,83,-1000
2025-05-21T15:05:47.954675,KXBTCD-25MAY2119-T108999.99,DELTA,13,35,14,100,535,no,81,2000
2025-05-21T15:05:47.955125,KXBTCD-25MAY2119-T108999.99,DELTA,13,35,14,100,536,no,81,1250
2025-05-21T15:05:47.972807,KXBTCD-25MAY2119-T108999.99,DELTA,13,35,14,100,537,no,81,1000
2025-05-21T15:05:48.172557,KXBTCD-25MAY2119-T108999.99,DELTA,13,35,14,100,538,yes,8,250
2025-05-21T15:05:48.192960,KXBTCD-25MAY2119-T108999.99,DELTA,13,35,14,100,539,no,70,250
2025-05-21T15:05:48.212365,KXBTCD-25MAY2119-T108999.99,DELTA,13,35,14,100,540,no,80,-250
2025-05-21T15:05:48.213058,KXBTCD-25MAY2119-T108999.99,DELTA,13,35,14,100,541,yes,6,250
2025-05-21T15:05:48.312217,KXBTCD-25MAY2119-T108999.99,DELTA,13,35,14,100,542,yes,5,-2000
2025-05-21T15:05:48.313372,KXBTCD-25MAY2119-T108999.99,DELTA,13,35,14,100,543,yes,8,-1000
2025-05-21T15:05:48.330637,KXBTCD-25MAY2119-T108999.99,DELTA,13,35,14,100,544,yes,5,-1250
2025-05-21T15:05:48.331917,KXBTCD-25MAY2119-T108999.99,DELTA,13,35,14,100,545,no,81,-2000
2025-05-21T15:05:48.332416,KXBTCD-25MAY2119-T108999.99,DELTA,13,35,14,100,546,no,81,-1000
2025-05-21T15:05:48.367034,KXBTCD-25MAY2119-T108999.99,DELTA,13,35,14,100,547,no,81,-1250
2025-05-21T15:05:48.473341,KXBTCD-25MAY2119-T108999.99,DELTA,13,35,14,100,548,yes,9,1250
2025-05-21T15:05:48.473891,KXBTCD-25MAY2119-T108999.99,DELTA,13,35,14,100,549,yes,8,2000
2025-05-21T15:05:48.474309,KXBTCD-25MAY2119-T108999.99,DELTA,13,35,14,100,550,yes,9,1000
2025-05-21T15:05:48.513869,KXBTCD-25MAY2119-T108999.99,DELTA,13,35,14,100,551,no,79,2000
2025-05-21T15:05:48.514219,KXBTCD-25MAY2119-T108999.99,DELTA,13,35,18,24,552,no,86,-100
2025-05-21T15:05:48.514508,KXBTCD-25MAY2119-T108999.99,DELTA,13,35,18,24,553,no,79,1250
2025-05-21T15:05:48.514773,KXBTCD-25MAY2119-T108999.99,DELTA,13,35,18,24,554,no,79,1000
2025-05-21T15:05:48.515019,KXBTCD-25MAY2119-T108999.99,DELTA,13,35,18,24,555,yes,7,-100
2025-05-21T15:05:48.632337,KXBTCD-25MAY2119-T108999.99,DELTA,13,35,18,24,556,yes,9,-9
2025-05-21T15:05:48.953948,KXBTCD-25MAY2119-T108999.99,DELTA,14,30,18,24,557,yes,14,30
2025-05-21T15:05:49.472295,KXBTCD-25MAY2119-T108999.99,DELTA,14,30,17,100,558,no,83,100
2025-05-21T15:05:49.492046,KXBTCD-25MAY2119-T108999.99,DELTA,14,30,17,100,559,yes,9,100
2025-05-21T15:05:49.591416,KXBTCD-25MAY2119-T108999.99,DELTA,14,30,17,100,560,yes,10,9
2025-05-21T15:05:49.671138,KXBTCD-25MAY2119-T108999.99,DELTA,14,30,17,100,561,no,79,-1000
2025-05-21T15:05:49.693741,KXBTCD-25MAY2119-T108999.99,DELTA,14,30,17,100,562,yes,9,-1000
2025-05-21T15:05:49.994011,KXBTCD-25MAY2119-T108999.99,DELTA,14,30,16,1000,563,no,84,1000
2025-05-21T15:05:49.994443,KXBTCD-25MAY2119-T108999.99,DELTA,14,30,16,1000,564,yes,10,1000
2025-05-21T15:05:50.392150,KXBTCD-25MAY2119-T108999.99,DELTA,14,30,16,1000,565,yes,9,-100
2025-05-21T15:05:50.572392,KXBTCD-25MAY2119-T108999.99,DELTA,14,30,16,1000,566,yes,10,-1000
2025-05-21T15:05:50.573120,KXBTCD-25MAY2119-T108999.99,DELTA,14,30,16,1000,567,yes,10,-9
2025-05-21T15:05:50.892347,KXBTCD-25MAY2119-T108999.99,DELTA,14,30,16,1000,568,yes,9,1000
2025-05-21T15:05:51.392049,KXBTCD-25MAY2119-T108999.99,DELTA,14,30,16,1000,569,yes,10,100
2025-05-21T15:05:51.591942,KXBTCD-25MAY2119-T108999.99,DELTA,14,30,16,1000,570,yes,9,-1000
2025-05-21T15:05:51.771733,KXBTCD-25MAY2119-T108999.99,DELTA,14,30,16,1000,571,yes,11,1000
2025-05-21T15:05:57.133153,KXBTCD-25MAY2119-T108999.99,DELTA,14,30,16,1000,572,yes,13,-35
2025-05-21T15:05:57.592932,KXBTCD-25MAY2119-T108999.99,DELTA,14,30,16,1000,573,yes,8,-250
2025-05-21T15:05:57.732750,KXBTCD-25MAY2119-T108999.99,DELTA,14,30,16,1000,574,yes,8,-2000
2025-05-21T15:05:57.753137,KXBTCD-25MAY2119-T108999.99,DELTA,14,30,16,1000,575,yes,9,-1250
2025-05-21T15:05:57.853348,KXBTCD-25MAY2119-T108999.99,DELTA,14,30,16,1000,576,yes,7,1250
2025-05-21T15:05:57.870958,KXBTCD-25MAY2119-T108999.99,DELTA,14,30,16,1000,577,yes,7,2000
2025-05-21T15:05:58.132680,KXBTCD-25MAY2119-T108999.99,DELTA,14,30,16,1000,578,no,80,250
2025-05-21T15:05:58.133317,KXBTCD-25MAY2119-T108999.99,DELTA,14,30,16,1000,579,no,70,-250
2025-05-21T15:05:58.267013,KXBTCD-25MAY2119-T108999.99,DELTA,14,30,16,1000,580,no,79,-2000
2025-05-21T15:05:58.272112,KXBTCD-25MAY2119-T108999.99,DELTA,14,30,16,1000,581,no,79,-1250
2025-05-21T15:05:58.372088,KXBTCD-25MAY2119-T108999.99,DELTA,14,30,16,1000,582,no,81,1250
2025-05-21T15:05:58.372447,KXBTCD-25MAY2119-T108999.99,DELTA,14,30,16,1000,583,no,81,2000
2025-05-21T15:05:59.133958,KXBTCD-25MAY2119-T108999.99,DELTA,14,30,16,1000,584,no,70,250
2025-05-21T15:05:59.134250,KXBTCD-25MAY2119-T108999.99,DELTA,14,30,16,1000,585,no,80,-250
2025-05-21T15:05:59.252504,KXBTCD-25MAY2119-T108999.99,DELTA,14,30,16,1000,586,no,81,-2000
2025-05-21T15:05:59.272930,KXBTCD-25MAY2119-T108999.99,DELTA,14,30,16,1000,587,no,81,-1250
2025-05-21T15:05:59.371708,KXBTCD-25MAY2119-T108999.99,DELTA,14,30,16,1000,588,no,79,1250
2025-05-21T15:05:59.392187,KXBTCD-25MAY2119-T108999.99,DELTA,14,30,16,1000,589,no,79,2000
2025-05-21T15:06:00.132699,KXBTCD-25MAY2119-T108999.99,DELTA,14,30,16,1000,590,yes,8,250
2025-05-21T15:06:00.253577,KXBTCD-25MAY2119-T108999.99,DELTA,14,30,16,1000,591,yes,7,-2000
2025-05-21T15:06:00.254242,KXBTCD-25MAY2119-T108999.99,DELTA,14,30,16,1000,592,yes,7,-1250
2025-05-21T15:06:00.372602,KXBTCD-25MAY2119-T108999.99,DELTA,14,30,16,1000,593,yes,9,1250
2025-05-21T15:06:00.373027,KXBTCD-25MAY2119-T108999.99,DELTA,14,30,16,1000,594,yes,8,2000
2025-05-21T15:06:02.112534,KXBTCD-25MAY2119-T108999.99,DELTA,14,30,16,1000,595,no,70,-250
2025-05-21T15:06:02.131984,KXBTCD-25MAY2119-T108999.99,DELTA,14,30,16,1000,596,no,72,-250
2025-05-21T15:06:02.132666,KXBTCD-25MAY2119-T108999.99,DELTA,14,30,16,1000,597,no,80,250
2025-05-21T15:06:02.154142,KXBTCD-25MAY2119-T108999.99,DELTA,14,30,16,1000,598,no,82,250
2025-05-21T15:06:02.172455,KXBTCD-25MAY2119-T108999.99,DELTA,14,30,16,1000,599,yes,10,250
2025-05-21T15:06:02.252809,KXBTCD-25MAY2119-T108999.99,DELTA,14,30,16,1000,600,no,79,-2000
2025-05-21T15:06:02.253580,KXBTCD-25MAY2119-T108999.99,DELTA,14,30,16,1000,601,no,79,-1250
2025-05-21T15:06:02.371628,KXBTCD-25MAY2119-T108999.99,DELTA,14,30,16,1000,602,no,82,1250
2025-05-21T15:06:02.392113,KXBTCD-25MAY2119-T108999.99,DELTA,14,30,16,1000,603,no,81,2000
2025-05-21T15:06:08.456190,KXBTCD-25MAY2119-T108999.99,DELTA,14,30,16,1000,604,yes,10,-100
2025-05-21T15:06:08.457373,KXBTCD-25MAY2119-T108999.99,DELTA,14,30,16,1000,605,no,83,-100
2025-05-21T15:06:08.551869,KXBTCD-25MAY2119-T108999.99,DELTA,14,30,18,1524,606,no,84,-1000
2025-05-21T15:06:08.672280,KXBTCD-25MAY2119-T108999.99,DELTA,14,30,17,1000,607,no,83,1000
2025-05-21T15:06:09.272654,KXBTCD-25MAY2119-T108999.99,DELTA,14,30,17,1000,608,yes,9,100
2025-05-21T15:06:09.295525,KXBTCD-25MAY2119-T108999.99,DELTA,14,30,17,1100,609,no,83,100
2025-05-21T15:06:09.411915,KXBTCD-25MAY2119-T108999.99,DELTA,14,30,17,100,610,no,83,-1000
2025-05-21T15:06:09.532247,KXBTCD-25MAY2119-T108999.99,DELTA,14,30,16,1000,611,no,84,1000
2025-05-21T15:06:13.352492,KXBTCD-25MAY2119-T108999.99,DELTA,14,30,16,1000,612,yes,1,-24
2025-05-21T15:06:13.353362,KXBTCD-25MAY2119-T108999.99,DELTA,14,30,16,1000,613,yes,3,24
2025-05-21T15:06:13.372246,KXBTCD-25MAY2119-T108999.99,DELTA,14,30,16,1000,614,no,82,-24
2025-05-21T15:06:13.372698,KXBTCD-25MAY2119-T108999.99,DELTA,14,30,16,1000,615,no,80,24
2025-05-21T15:06:13.432931,KXBTCD-25MAY2119-T108999.99,DELTA,14,30,16,1000,616,no,72,250
2025-05-21T15:06:13.433377,KXBTCD-25MAY2119-T108999.99,DELTA,14,30,16,1000,617,no,82,-250
2025-05-21T15:06:13.492756,KXBTCD-25MAY2119-T108999.99,DELTA,14,30,16,1000,618,yes,8,-2000
2025-05-21T15:06:13.493222,KXBTCD-25MAY2119-T108999.99,DELTA,14,30,16,1000,619,yes,9,-1250
2025-05-21T15:06:13.512235,KXBTCD-25MAY2119-T108999.99,DELTA,14,30,16,1000,620,no,81,-2000
2025-05-21T15:06:13.512864,KXBTCD-25MAY2119-T108999.99,DELTA,14,30,17,100,621,no,84,-1000
2025-05-21T15:06:13.531968,KXBTCD-25MAY2119-T108999.99,DELTA,14,30,17,100,622,no,82,-1250
2025-05-21T15:06:13.671235,KXBTCD-25MAY2119-T108999.99,DELTA,14,30,17,100,623,yes,9,2000
2025-05-21T15:06:13.671662,KXBTCD-25MAY2119-T108999.99,DELTA,14,30,17,100,624,no,81,1250
2025-05-21T15:06:13.672293,KXBTCD-25MAY2119-T108999.99,DELTA,14,30,17,1100,625,no,83,1000
2025-05-21T15:06:13.672665,KXBTCD-25MAY2119-T108999.99,DELTA,14,30,17,1100,626,no,80,2000
2025-05-21T15:06:13.673025,KXBTCD-25MAY2119-T108999.99,DELTA,14,30,17,1100,627,yes,10,1250
2025-05-21T15:06:14.994012,KXBTCD-25MAY2119-T108999.99,DELTA,14,30,17,1100,628,yes,9,-2000
2025-05-21T15:06:14.994360,KXBTCD-25MAY2119-T108999.99,DELTA,14,30,17,1100,629,yes,10,-1250
2025-05-21T15:06:15.012264,KXBTCD-25MAY2119-T108999.99,DELTA,14,30,17,1100,630,no,80,-2000
2025-05-21T15:06:15.012586,KXBTCD-25MAY2119-T108999.99,DELTA,14,30,17,100,631,no,83,-1000
2025-05-21T15:06:15.072712,KXBTCD-25MAY2119-T108999.99,DELTA,14,30,17,100,632,no,40,-810
2025-05-21T15:06:15.153838,KXBTCD-25MAY2119-T108999.99,DELTA,14,30,16,1000,633,no,84,1000
2025-05-21T15:06:15.172334,KXBTCD-25MAY2119-T108999.99,DELTA,14,30,16,1000,634,yes,9,1250
2025-05-21T15:06:15.172497,KXBTCD-25MAY2119-T108999.99,DELTA,14,30,16,1000,635,yes,8,2000
2025-05-21T15:06:15.192896,KXBTCD-25MAY2119-T108999.99,DELTA,14,30,16,1000,636,no,81,2000
2025-05-21T15:06:17.172289,KXBTCD-25MAY2119-T108999.99,DELTA,14,30,16,1000,637,no,82,250
2025-05-21T15:06:17.172891,KXBTCD-25MAY2119-T108999.99,DELTA,14,30,16,1000,638,no,72,-250
2025-05-21T15:06:17.291385,KXBTCD-25MAY2119-T108999.99,DELTA,14,30,16,1000,639,no,81,-1250
2025-05-21T15:06:17.417846,KXBTCD-25MAY2119-T108999.99,DELTA,14,30,16,1000,640,no,82,1250
2025-05-21T15:06:17.792553,KXBTCD-25MAY2119-T108999.99,DELTA,14,30,16,1000,641,no,40,810
2025-05-21T15:06:20.153197,KXBTCD-25MAY2119-T108999.99,DELTA,14,30,16,1000,642,no,82,-250
2025-05-21T15:06:20.153304,KXBTCD-25MAY2119-T108999.99,DELTA,14,30,16,1000,643,no,72,250
2025-05-21T15:06:20.272390,KXBTCD-25MAY2119-T108999.99,DELTA,14,30,16,1000,644,no,82,-1250
2025-05-21T15:06:20.411207,KXBTCD-25MAY2119-T108999.99,DELTA,14,30,16,1000,645,no,81,1250
2025-05-21T15:06:24.132644,KXBTCD-25MAY2119-T108999.99,DELTA,14,30,16,1000,646,no,72,-250
2025-05-21T15:06:24.153308,KXBTCD-25MAY2119-T108999.99,DELTA,14,30,16,1000,647,no,82,250
2025-05-21T15:06:24.272792,KXBTCD-25MAY2119-T108999.99,DELTA,14,30,16,1000,648,no,81,-1250
2025-05-21T15:06:24.392847,KXBTCD-25MAY2119-T108999.99,DELTA,14,30,16,1000,649,no,82,1250
2025-05-21T15:06:27.071294,KXBTCD-25MAY2119-T108999.99,DELTA,14,30,16,1000,650,no,82,-250
2025-05-21T15:06:27.072363,KXBTCD-25MAY2119-T108999.99,DELTA,14,30,16,1000,651,no,72,250
2025-05-21T15:06:27.153011,KXBTCD-25MAY2119-T108999.99,DELTA,14,30,16,1000,652,no,82,-1250
2025-05-21T15:06:27.173318,KXBTCD-25MAY2119-T108999.99,DELTA,14,30,16,1000,653,yes,8,-2000
2025-05-21T15:06:27.192919,KXBTCD-25MAY2119-T108999.99,DELTA,14,30,16,1000,654,yes,9,-1250
2025-05-21T15:06:27.193652,KXBTCD-25MAY2119-T108999.99,DELTA,14,30,16,1000,655,no,81,1250
2025-05-21T15:06:27.212035,KXBTCD-25MAY2119-T108999.99,DELTA,14,30,16,1000,656,no,81,-2000
2025-05-21T15:06:27.212529,KXBTCD-25MAY2119-T108999.99,DELTA,14,30,17,100,657,no,84,-1000
2025-05-21T15:06:27.272551,KXBTCD-25MAY2119-T108999.99,DELTA,14,30,17,100,658,yes,9,2000
2025-05-21T15:06:27.273527,KXBTCD-25MAY2119-T108999.99,DELTA,14,30,17,100,659,yes,10,1250
2025-05-21T15:06:27.310882,KXBTCD-25MAY2119-T108999.99,DELTA,14,30,17,100,660,no,80,2000
2025-05-21T15:06:27.311943,KXBTCD-25MAY2119-T108999.99,DELTA,14,30,17,1100,661,no,83,1000
2025-05-21T15:06:28.092966,KXBTCD-25MAY2119-T108999.99,DELTA,14,30,17,1100,662,yes,9,-100
2025-05-21T15:06:28.152862,KXBTCD-25MAY2119-T108999.99,DELTA,14,30,17,1100,663,yes,2,-250
2025-05-21T15:06:28.153014,KXBTCD-25MAY2119-T108999.99,DELTA,14,30,17,1100,664,yes,12,250
2025-05-21T15:06:28.213171,KXBTCD-25MAY2119-T108999.99,DELTA,14,30,17,1100,665,yes,11,-1000
2025-05-21T15:06:28.272835,KXBTCD-25MAY2119-T108999.99,DELTA,14,30,17,1100,666,yes,12,1000
2025-05-21T15:06:28.952670,KXBTCD-25MAY2119-T108999.99,DELTA,14,30,17,1100,667,yes,10,100
2025-05-21T15:06:36.451845,KXBTCD-25MAY2119-T108999.99,DELTA,14,30,17,1067,668,no,83,-33
2025-05-21T15:06:37.209854,KXBTCD-25MAY2119-T108999.99,DELTA,14,30,17,1067,669,yes,10,-100
2025-05-21T15:06:37.210261,KXBTCD-25MAY2119-T108999.99,DELTA,14,30,17,1000,670,no,83,-67
2025-05-21T15:06:37.272373,KXBTCD-25MAY2119-T108999.99,DELTA,14,30,19,1250,671,no,83,-1000
2025-05-21T15:06:37.312440,KXBTCD-25MAY2119-T108999.99,DELTA,14,30,19,2250,672,no,81,1000
2025-05-21T15:06:38.053540,KXBTCD-25MAY2119-T108999.99,DELTA,14,30,19,2250,673,yes,11,100
2025-05-21T15:06:38.054253,KXBTCD-25MAY2119-T108999.99,DELTA,14,30,19,2322,674,no,81,72
2025-05-21T15:06:38.111671,KXBTCD-25MAY2119-T108999.99,DELTA,14,30,19,1322,675,no,81,-1000
2025-05-21T15:06:38.173182,KXBTCD-25MAY2119-T108999.99,DELTA,14,30,18,1000,676,no,82,1000
2025-05-21T15:06:39.452365,KXBTCD-25MAY2119-T108999.99,DELTA,14,30,18,1000,677,yes,2,250
2025-05-21T15:06:39.452893,KXBTCD-25MAY2119-T108999.99,DELTA,14,30,18,1000,678,yes,12,-250
2025-05-21T15:06:39.453523,KXBTCD-25MAY2119-T108999.99,DELTA,14,30,18,1000,679,yes,9,-2000
2025-05-21T15:06:39.486098,KXBTCD-25MAY2119-T108999.99,DELTA,14,30,18,1000,680,yes,12,-1000
2025-05-21T15:06:39.487976,KXBTCD-25MAY2119-T108999.99,DELTA,14,30,18,1000,681,yes,10,-1250
2025-05-21T15:06:39.493082,KXBTCD-25MAY2119-T108999.99,DELTA,14,30,18,1000,682,no,80,-2000
2025-05-21T15:06:39.552555,KXBTCD-25MAY2119-T108999.99,DELTA,14,30,18,1000,683,no,81,2000
2025-05-21T15:06:39.553249,KXBTCD-25MAY2119-T108999.99,DELTA,14,30,18,1000,684,yes,8,2000
2025-05-21T15:06:39.584622,KXBTCD-25MAY2119-T108999.99,DELTA,14,30,18,1000,685,yes,11,1000
2025-05-21T15:06:39.584936,KXBTCD-25MAY2119-T108999.99,DELTA,14,30,18,1000,686,yes,9,1250
2025-05-21T15:06:39.613401,KXBTCD-25MAY2119-T108999.99,DELTA,14,30,18,1000,687,yes,8,-2000
2025-05-21T15:06:39.613772,KXBTCD-25MAY2119-T108999.99,DELTA,14,30,18,1000,688,no,81,-2000
2025-05-21T15:06:39.633983,KXBTCD-25MAY2119-T108999.99,DELTA,14,30,18,1000,689,yes,11,-1000
2025-05-21T15:06:39.634548,KXBTCD-25MAY2119-T108999.99,DELTA,14,30,18,1000,690,no,81,-72
2025-05-21T15:06:39.634789,KXBTCD-25MAY2119-T108999.99,DELTA,14,30,18,1000,691,yes,9,-1250
2025-05-21T15:06:39.672873,KXBTCD-25MAY2119-T108999.99,DELTA,14,30,18,1000,692,no,80,2000
2025-05-21T15:06:39.712326,KXBTCD-25MAY2119-T108999.99,DELTA,14,30,18,1000,693,yes,10,1250
2025-05-21T15:06:39.712786,KXBTCD-25MAY2119-T108999.99,DELTA,14,30,18,1000,694,yes,9,2000
2025-05-21T15:06:39.713094,KXBTCD-25MAY2119-T108999.99,DELTA,14,30,18,1000,695,yes,12,1000
2025-05-21T15:06:39.713352,KXBTCD-25MAY2119-T108999.99,DELTA,14,30,19,1250,696,no,82,-1000
2025-05-21T15:06:39.751720,KXBTCD-25MAY2119-T108999.99,DELTA,14,30,19,2250,697,no,81,1000
2025-05-21T15:06:40.148045,KXBTCD-25MAY2119-T108999.99,DELTA,14,30,19,2250,698,yes,2,-250
2025-05-21T15:06:40.148189,KXBTCD-25MAY2119-T108999.99,DELTA,14,30,19,2250,699,yes,12,250
2025-05-21T15:06:40.754223,KXBTCD-25MAY2119-T108999.99,DELTA,14,30,18,72,700,no,82,72
2025-05-21T15:06:40.812534,KXBTCD-25MAY2119-T108999.99,DELTA,14,30,18,72,701,no,81,-1000
2025-05-21T15:06:40.860713,KXBTCD-25MAY2119-T108999.99,DELTA,14,30,17,1000,702,no,83,1000
2025-05-21T15:06:43.652995,KXBTCD-25MAY2119-T108999.99,DELTA,14,30,17,1000,703,yes,9,-2000
2025-05-21T15:06:43.672004,KXBTCD-25MAY2119-T108999.99,DELTA,14,30,17,1000,704,yes,12,-1000
2025-05-21T15:06:43.672496,KXBTCD-25MAY2119-T108999.99,DELTA,14,30,17,1000,705,yes,10,-1250
2025-05-21T15:06:43.691974,KXBTCD-25MAY2119-T108999.99,DELTA,14,30,17,1000,706,no,80,-2000
2025-05-21T15:06:43.692461,KXBTCD-25MAY2119-T108999.99,DELTA,14,30,18,72,707,no,83,-1000
2025-05-21T15:06:43.773056,KXBTCD-25MAY2119-T108999.99,DELTA,14,30,18,72,708,no,81,-1250
2025-05-21T15:06:43.773541,KXBTCD-25MAY2119-T108999.99,DELTA,14,30,18,72,709,yes,12,-250
2025-05-21T15:06:43.774979,KXBTCD-25MAY2119-T108999.99,DELTA,14,30,18,72,710,yes,2,250
2025-05-21T15:06:43.851436,KXBTCD-25MAY2119-T108999.99,DELTA,14,30,18,72,711,yes,10,2000
2025-05-21T15:06:43.851572,KXBTCD-25MAY2119-T108999.99,DELTA,14,30,18,72,712,no,79,2000
2025-05-21T15:06:43.851644,KXBTCD-25MAY2119-T108999.99,DELTA,14,30,18,1072,713,no,82,1000
2025-05-21T15:06:43.851744,KXBTCD-25MAY2119-T108999.99,DELTA,14,30,18,1072,714,yes,13,1000
2025-05-21T15:06:43.851852,KXBTCD-25MAY2119-T108999.99,DELTA,14,30,18,1072,715,yes,11,1250
2025-05-21T15:06:43.852078,KXBTCD-25MAY2119-T108999.99,DELTA,14,30,18,1072,716,no,80,1250
2025-05-21T15:06:43.912057,KXBTCD-25MAY2119-T108999.99,DELTA,14,30,18,1072,717,yes,13,-1000
2025-05-21T15:06:43.951160,KXBTCD-25MAY2119-T108999.99,DELTA,14,30,18,1072,718,yes,12,1000
2025-05-21T15:06:44.011808,KXBTCD-25MAY2119-T108999.99,DELTA,14,30,18,1072,719,yes,2,-250
2025-05-21T15:06:44.012039,KXBTCD-25MAY2119-T108999.99,DELTA,14,30,18,1072,720,yes,12,250
2025-05-21T15:06:44.092753,KXBTCD-25MAY2119-T108999.99,DELTA,14,30,18,1072,721,yes,12,-1000
2025-05-21T15:06:44.208608,KXBTCD-25MAY2119-T108999.99,DELTA,14,30,18,1072,722,yes,13,1000
2025-05-21T15:06:44.399954,KXBTCD-25MAY2119-T108999.99,DELTA,14,30,18,1072,723,yes,1,3000
2025-05-21T15:06:44.403650,KXBTCD-25MAY2119-T108999.99,DELTA,14,30,18,1072,724,yes,10,-2000
2025-05-21T15:06:44.413959,KXBTCD-25MAY2119-T108999.99,DELTA,14,30,18,1072,725,yes,13,-1000
2025-05-21T15:06:44.414281,KXBTCD-25MAY2119-T108999.99,DELTA,14,30,18,1072,726,no,79,-2000
2025-05-21T15:06:44.431177,KXBTCD-25MAY2119-T108999.99,DELTA,14,30,18,72,727,no,82,-1000
2025-05-21T15:06:44.431886,KXBTCD-25MAY2119-T108999.99,DELTA,14,30,18,72,728,no,80,-1250
2025-05-21T15:06:44.495226,KXBTCD-25MAY2119-T108999.99,DELTA,14,30,18,72,729,no,81,1000
2025-05-21T15:06:44.495676,KXBTCD-25MAY2119-T108999.99,DELTA,14,1030,18,72,730,yes,14,1000
2025-05-21T15:06:44.496004,KXBTCD-25MAY2119-T108999.99,DELTA,14,1030,18,72,731,yes,11,2000
2025-05-21T15:06:44.496292,KXBTCD-25MAY2119-T108999.99,DELTA,14,1030,18,72,732,no,79,1250
2025-05-21T15:06:44.496524,KXBTCD-25MAY2119-T108999.99,DELTA,14,1030,18,72,733,no,78,2000
2025-05-21T15:06:44.832267,KXBTCD-25MAY2119-T108999.99,DELTA,14,1030,18,72,734,yes,11,-1250
2025-05-21T15:06:44.892363,KXBTCD-25MAY2119-T108999.99,DELTA,14,1030,18,72,735,yes,12,1250
2025-05-21T15:06:44.953380,KXBTCD-25MAY2119-T108999.99,DELTA,14,1030,18,72,736,yes,11,-100
2025-05-21T15:06:44.953702,KXBTCD-25MAY2119-T108999.99,DELTA,14,1030,19,1000,737,no,82,-72
2025-05-21T15:06:45.112564,KXBTCD-25MAY2119-T108999.99,DELTA,14,1030,19,1000,738,no,70,250
2025-05-21T15:06:45.112868,KXBTCD-25MAY2119-T108999.99,DELTA,14,1030,19,1000,739,no,80,-250
2025-05-21T15:06:45.192796,KXBTCD-25MAY2119-T108999.99,DELTA,14,1030,20,24,740,no,81,-1000
2025-05-21T15:06:45.232157,KXBTCD-25MAY2119-T108999.99,DELTA,14,1030,20,24,741,no,79,1000
2025-05-21T15:06:45.272645,KXBTCD-25MAY2119-T108999.99,DELTA,14,1030,20,24,742,yes,3,-24
2025-05-21T15:06:45.273253,KXBTCD-25MAY2119-T108999.99,DELTA,14,1030,20,24,743,yes,4,24
2025-05-21T15:06:45.292905,KXBTCD-25MAY2119-T108999.99,DELTA,14,1030,20,24,744,no,79,24
2025-05-21T15:06:45.293266,KXBTCD-25MAY2119-T108999.99,DELTA,14,1030,21,2274,745,no,80,-24
2025-05-21T15:06:45.932788,KXBTCD-25MAY2119-T108999.99,DELTA,14,1030,20,72,746,no,80,72
2025-05-21T15:06:45.951962,KXBTCD-25MAY2119-T108999.99,DELTA,14,1030,20,72,747,yes,12,100
2025-05-21T15:06:46.012055,KXBTCD-25MAY2119-T108999.99,DELTA,14,1030,20,72,748,no,79,-1000
2025-05-21T15:06:46.053075,KXBTCD-25MAY2119-T108999.99,DELTA,14,1030,19,1000,749,no,81,1000
2025-05-21T15:06:46.132368,KXBTCD-25MAY2119-T108999.99,DELTA,14,1280,19,1000,750,yes,14,250
2025-05-21T15:06:46.153534,KXBTCD-25MAY2119-T108999.99,DELTA,14,1280,19,1000,751,yes,4,-250
2025-05-21T15:06:46.332837,KXBTCD-25MAY2119-T108999.99,DELTA,14,1280,19,1000,752,yes,12,-100
2025-05-21T15:06:46.372192,KXBTCD-25MAY2119-T108999.99,DELTA,14,1280,19,1000,753,yes,11,-2000
2025-05-21T15:06:46.393341,KXBTCD-25MAY2119-T108999.99,DELTA,14,280,19,1000,754,yes,14,-1000
2025-05-21T15:06:46.393570,KXBTCD-25MAY2119-T108999.99,DELTA,14,280,19,1000,755,no,78,-2000
2025-05-21T15:06:46.412291,KXBTCD-25MAY2119-T108999.99,DELTA,14,280,20,72,756,no,81,-1000
2025-05-21T15:06:46.412797,KXBTCD-25MAY2119-T108999.99,DELTA,14,280,20,72,757,no,79,-1250
2025-05-21T15:06:46.511938,KXBTCD-25MAY2119-T108999.99,DELTA,15,1000,20,72,758,yes,15,1000
2025-05-21T15:06:46.512311,KXBTCD-25MAY2119-T108999.99,DELTA,15,1000,20,1072,759,no,80,1000
2025-05-21T15:06:46.532952,KXBTCD-25MAY2119-T108999.99,DELTA,15,1000,20,1072,760,no,77,2000
2025-05-21T15:06:46.533301,KXBTCD-25MAY2119-T108999.99,DELTA,15,1000,20,1072,761,no,78,1250
2025-05-21T15:06:46.533539,KXBTCD-25MAY2119-T108999.99,DELTA,15,1000,20,1072,762,yes,12,2000
2025-05-21T15:06:47.311920,KXBTCD-25MAY2119-T108999.99,DELTA,15,1000,20,1000,763,no,80,-72
2025-05-21T15:06:47.371500,KXBTCD-25MAY2119-T108999.99,DELTA,15,1000,21,24,764,no,80,-1000
2025-05-21T15:06:47.411681,KXBTCD-25MAY2119-T108999.99,DELTA,15,1000,21,1024,765,no,79,1000
2025-05-21T15:06:47.951248,KXBTCD-25MAY2119-T108999.99,DELTA,15,1000,21,1024,766,yes,14,100
2025-05-21T15:06:48.532100,KXBTCD-25MAY2119-T108999.99,DELTA,15,1000,21,1096,767,no,79,72
2025-05-21T15:06:48.591188,KXBTCD-25MAY2119-T108999.99,DELTA,15,1000,21,96,768,no,79,-1000
2025-05-21T15:06:48.631573,KXBTCD-25MAY2119-T108999.99,DELTA,15,1000,20,1000,769,no,80,1000
2025-05-21T15:06:49.293289,KXBTCD-25MAY2119-T108999.99,DELTA,15,1000,20,1000,770,yes,6,24
2025-05-21T15:06:49.293707,KXBTCD-25MAY2119-T108999.99,DELTA,15,1000,20,1000,771,yes,4,-24
2025-05-21T15:06:49.294472,KXBTCD-25MAY2119-T108999.99,DELTA,15,1000,20,1000,772,no,79,-24
2025-05-21T15:06:49.294747,KXBTCD-25MAY2119-T108999.99,DELTA,15,1000,20,1000,773,no,77,24
2025-05-21T15:06:50.733160,KXBTCD-25MAY2119-T108999.99,DELTA,15,1000,20,1000,774,no,40,-810
2025-05-21T15:06:50.734052,KXBTCD-25MAY2119-T108999.99,DELTA,15,1000,20,1000,775,no,39,830
2025-05-21T15:06:51.932280,KXBTCD-25MAY2119-T108999.99,DELTA,15,1000,20,1000,776,no,39,-830
2025-05-21T15:06:51.932913,KXBTCD-25MAY2119-T108999.99,DELTA,15,1000,20,1000,777,no,6,5400
2025-05-21T15:06:51.991186,KXBTCD-25MAY2119-T108999.99,DELTA,15,1000,20,1000,778,no,5,-20000
2025-05-21T15:06:52.031112,KXBTCD-25MAY2119-T108999.99,DELTA,15,1000,20,1000,779,no,7,20000
2025-05-21T15:06:53.193354,KXBTCD-25MAY2119-T108999.99,DELTA,15,1000,20,1000,780,no,6,-5400
2025-05-21T15:06:53.193778,KXBTCD-25MAY2119-T108999.99,DELTA,15,1000,20,1000,781,no,8,4050
2025-05-21T15:06:53.272057,KXBTCD-25MAY2119-T108999.99,DELTA,15,1000,20,1000,782,yes,12,-2000
2025-05-21T15:06:53.292650,KXBTCD-25MAY2119-T108999.99,DELTA,14,380,20,1000,783,yes,15,-1000
2025-05-21T15:06:53.293213,KXBTCD-25MAY2119-T108999.99,DELTA,14,380,20,1000,784,no,7,-20000
2025-05-21T15:06:53.311894,KXBTCD-25MAY2119-T108999.99,DELTA,14,380,20,1000,785,no,77,-2000
2025-05-21T15:06:53.312548,KXBTCD-25MAY2119-T108999.99,DELTA,14,380,20,1000,786,no,79,-72
2025-05-21T15:06:53.332545,KXBTCD-25MAY2119-T108999.99,DELTA,14,280,20,1000,787,yes,14,-100
2025-05-21T15:06:53.352700,KXBTCD-25MAY2119-T108999.99,DELTA,17,25,20,1000,788,yes,17,25
2025-05-21T15:06:53.413730,KXBTCD-25MAY2119-T108999.99,DELTA,17,25,20,1000,789,no,9,20000
2025-05-21T15:06:53.414153,KXBTCD-25MAY2119-T108999.99,DELTA,17,25,20,1000,790,yes,11,2000
2025-05-21T15:06:53.414515,KXBTCD-25MAY2119-T108999.99,DELTA,17,25,20,1000,791,yes,14,1000
2025-05-21T15:06:53.414835,KXBTCD-25MAY2119-T108999.99,DELTA,17,25,20,1000,792,no,78,2000
2025-05-21T15:06:53.415252,KXBTCD-25MAY2119-T108999.99,DELTA,17,25,20,1000,793,no,78,-1250
2025-05-21T15:06:53.415609,KXBTCD-25MAY2119-T108999.99,DELTA,17,25,22,2250,794,no,80,-1000
2025-05-21T15:06:53.471557,KXBTCD-25MAY2119-T108999.99,DELTA,17,25,21,1000,795,no,79,1000
2025-05-21T15:06:53.472024,KXBTCD-25MAY2119-T108999.99,DELTA,17,25,21,2250,796,no,79,1250
2025-05-21T15:06:54.011852,KXBTCD-25MAY2119-T108999.99,DELTA,17,25,21,1000,797,no,79,-1250
2025-05-21T15:06:54.072593,KXBTCD-25MAY2119-T108999.99,DELTA,17,25,21,1000,798,no,78,1250
2025-05-21T15:06:54.354481,KXBTCD-25MAY2119-T108999.99,DELTA,17,25,21,1000,799,yes,15,100
2025-05-21T15:06:54.372882,KXBTCD-25MAY2119-T108999.99,DELTA,17,25,21,1000,800,no,77,72
2025-05-21T15:06:54.392840,KXBTCD-25MAY2119-T108999.99,DELTA,17,25,21,1000,801,no,8,-4050
2025-05-21T15:06:54.393177,KXBTCD-25MAY2119-T108999.99,DELTA,17,25,21,1000,802,no,10,3240
2025-05-21T15:06:54.454268,KXBTCD-25MAY2119-T108999.99,DELTA,17,25,21,1000,803,no,9,-20000
2025-05-21T15:06:54.492094,KXBTCD-25MAY2119-T108999.99,DELTA,17,25,21,1000,804,no,11,20000
2025-05-21T15:06:54.572623,KXBTCD-25MAY2119-T108999.99,DELTA,17,25,21,1000,805,no,77,-72
2025-05-21T15:06:55.451872,KXBTCD-25MAY2119-T108999.99,DELTA,17,25,21,1000,806,no,78,72
2025-05-21T15:06:55.572423,KXBTCD-25MAY2119-T108999.99,DELTA,17,25,21,1000,807,no,10,-3240
2025-05-21T15:06:55.572871,KXBTCD-25MAY2119-T108999.99,DELTA,17,25,21,1000,808,no,12,2700
2025-05-21T15:06:55.631537,KXBTCD-25MAY2119-T108999.99,DELTA,17,25,21,1000,809,no,11,-20000
2025-05-21T15:06:55.672186,KXBTCD-25MAY2119-T108999.99,DELTA,17,25,21,1000,810,no,5,20000
2025-05-21T15:06:59.272759,KXBTCD-25MAY2119-T108999.99,DELTA,17,25,21,1000,811,no,12,-2700
2025-05-21T15:06:59.275095,KXBTCD-25MAY2119-T108999.99,DELTA,17,25,21,1000,812,no,6,5400
2025-05-21T15:06:59.326022,KXBTCD-25MAY2119-T108999.99,DELTA,17,25,21,1000,813,yes,15,-100
2025-05-21T15:06:59.333868,KXBTCD-25MAY2119-T108999.99,DELTA,17,25,21,1000,814,no,5,-20000
2025-05-21T15:06:59.392976,KXBTCD-25MAY2119-T108999.99,DELTA,17,25,21,1000,815,no,7,20000
2025-05-21T15:06:59.511584,KXBTCD-25MAY2119-T108999.99,DELTA,17,25,21,1000,816,no,78,-72
2025-05-21T15:07:00.031908,KXBTCD-25MAY2119-T108999.99,DELTA,17,25,21,1000,817,yes,13,100
2025-05-21T15:07:00.454474,KXBTCD-25MAY2119-T108999.99,DELTA,17,25,21,1000,818,yes,14,-30
2025-05-21T15:07:00.592880,KXBTCD-25MAY2119-T108999.99,DELTA,17,25,21,1072,819,no,79,72
2025-05-21T15:07:00.653117,KXBTCD-25MAY2119-T108999.99,DELTA,17,25,21,72,820,no,79,-1000
2025-05-21T15:07:00.691634,KXBTCD-25MAY2119-T108999.99,DELTA,17,25,20,1000,821,no,80,1000
2025-05-21T15:07:01.732155,KXBTCD-25MAY2119-T108999.99,DELTA,17,25,20,1000,822,no,6,-5400
2025-05-21T15:07:01.732801,KXBTCD-25MAY2119-T108999.99,DELTA,17,25,20,1000,823,no,8,4050
2025-05-21T15:07:01.852993,KXBTCD-25MAY2119-T108999.99,DELTA,17,25,20,1000,824,no,7,-20000
2025-05-21T15:07:01.891105,KXBTCD-25MAY2119-T108999.99,DELTA,17,25,20,1000,825,no,9,20000
2025-05-21T15:07:02.952968,KXBTCD-25MAY2119-T108999.99,DELTA,17,25,20,1000,826,no,8,-4050
2025-05-21T15:07:02.953616,KXBTCD-25MAY2119-T108999.99,DELTA,17,25,20,1000,827,no,10,3240
2025-05-21T15:07:03.012180,KXBTCD-25MAY2119-T108999.99,DELTA,17,25,20,1000,828,no,9,-20000
2025-05-21T15:07:03.053408,KXBTCD-25MAY2119-T108999.99,DELTA,17,25,20,1000,829,no,11,20000
2025-05-21T15:07:04.153911,KXBTCD-25MAY2119-T108999.99,DELTA,17,25,20,1000,830,no,10,-3240
2025-05-21T15:07:04.154642,KXBTCD-25MAY2119-T108999.99,DELTA,17,25,20,1000,831,no,12,2700
2025-05-21T15:07:04.212147,KXBTCD-25MAY2119-T108999.99,DELTA,17,25,20,1000,832,no,11,-20000
2025-05-21T15:07:04.251255,KXBTCD-25MAY2119-T108999.99,DELTA,17,25,20,1000,833,no,5,20000
2025-05-21T15:07:05.311772,KXBTCD-25MAY2119-T108999.99,DELTA,17,25,20,1000,834,no,12,-2700
2025-05-21T15:07:05.312518,KXBTCD-25MAY2119-T108999.99,DELTA,17,25,20,1000,835,no,6,5400
2025-05-21T15:07:05.372018,KXBTCD-25MAY2119-T108999.99,DELTA,17,25,20,1000,836,no,5,-20000
2025-05-21T15:07:05.432507,KXBTCD-25MAY2119-T108999.99,DELTA,17,25,20,1000,837,no,7,20000
2025-05-21T15:07:05.472020,KXBTCD-25MAY2119-T108999.99,DELTA,17,25,20,1000,838,yes,11,-2000
2025-05-21T15:07:05.473699,KXBTCD-25MAY2119-T108999.99,DELTA,17,25,20,1000,839,yes,14,-1000
2025-05-21T15:07:05.492852,KXBTCD-25MAY2119-T108999.99,DELTA,17,25,20,1000,840,no,78,-2000
2025-05-21T15:07:05.513058,KXBTCD-25MAY2119-T108999.99,DELTA,17,25,20,1000,841,yes,12,2000
2025-05-21T15:07:05.532207,KXBTCD-25MAY2119-T108999.99,DELTA,17,25,20,1000,842,yes,15,1000
2025-05-21T15:07:05.553396,KXBTCD-25MAY2119-T108999.99,DELTA,17,25,20,1000,843,no,77,2000
2025-05-21T15:07:06.550667,KXBTCD-25MAY2119-T108999.99,DELTA,17,25,20,1000,844,no,6,-5400
2025-05-21T15:07:06.551107,KXBTCD-25MAY2119-T108999.99,DELTA,17,25,20,1000,845,no,8,4050
2025-05-21T15:07:06.612211,KXBTCD-25MAY2119-T108999.99,DELTA,17,25,20,1000,846,no,7,-20000
2025-05-21T15:07:06.632318,KXBTCD-25MAY2119-T108999.99,DELTA,17,25,20,1000,847,yes,12,-2000
2025-05-21T15:07:06.652822,KXBTCD-25MAY2119-T108999.99,DELTA,17,25,20,1000,848,yes,15,-1000
2025-05-21T15:07:06.653159,KXBTCD-25MAY2119-T108999.99,DELTA,17,25,20,1000,849,no,77,-2000
2025-05-21T15:07:06.653378,KXBTCD-25MAY2119-T108999.99,DELTA,17,25,20,1000,850,no,9,20000
2025-05-21T15:07:06.691625,KXBTCD-25MAY2119-T108999.99,DELTA,17,25,20,1000,851,yes,14,1000
2025-05-21T15:07:06.692336,KXBTCD-25MAY2119-T108999.99,DELTA,17,25,20,1000,852,yes,11,2000
2025-05-21T15:07:06.692868,KXBTCD-25MAY2119-T108999.99,DELTA,17,25,20,1000,853,no,78,2000
2025-05-21T15:07:07.131878,KXBTCD-25MAY2119-T108999.99,DELTA,17,25,20,1000,854,yes,11,-2000
2025-05-21T15:07:07.152035,KXBTCD-25MAY2119-T108999.99,DELTA,17,25,20,1000,855,yes,14,-1000
2025-05-21T15:07:07.152245,KXBTCD-25MAY2119-T108999.99,DELTA,17,25,20,1000,856,no,78,-2000
2025-05-21T15:07:07.211082,KXBTCD-25MAY2119-T108999.99,DELTA,17,25,20,1000,857,yes,12,2000
2025-05-21T15:07:07.264683,KXBTCD-25MAY2119-T108999.99,DELTA,17,25,20,1000,858,no,77,2000
2025-05-21T15:07:07.265769,KXBTCD-25MAY2119-T108999.99,DELTA,17,25,20,1000,859,yes,15,1000
2025-05-21T15:07:08.391662,KXBTCD-25MAY2119-T108999.99,DELTA,17,25,20,1000,860,no,79,-72
2025-05-21T15:07:08.471741,KXBTCD-25MAY2119-T108999.99,DELTA,17,25,22,1500,861,no,80,-1000
2025-05-21T15:07:08.537500,KXBTCD-25MAY2119-T108999.99,DELTA,17,25,21,1000,862,no,79,1000
2025-05-21T15:07:09.366221,KXBTCD-25MAY2119-T108999.99,DELTA,17,25,21,1000,863,yes,12,-2000
2025-05-21T15:07:09.366951,KXBTCD-25MAY2119-T108999.99,DELTA,17,25,21,1000,864,yes,15,-1000
2025-05-21T15:07:09.385199,KXBTCD-25MAY2119-T108999.99,DELTA,17,25,21,1000,865,no,77,-2000
2025-05-21T15:07:09.414495,KXBTCD-25MAY2119-T108999.99,DELTA,17,25,21,1000,866,yes,11,2000
2025-05-21T15:07:09.431296,KXBTCD-25MAY2119-T108999.99,DELTA,17,25,21,1000,867,yes,14,1000
2025-05-21T15:07:09.431768,KXBTCD-25MAY2119-T108999.99,DELTA,17,25,21,1000,868,no,78,2000
2025-05-21T15:07:09.552803,KXBTCD-25MAY2119-T108999.99,DELTA,17,25,21,1000,869,yes,11,-2000
2025-05-21T15:07:09.553130,KXBTCD-25MAY2119-T108999.99,DELTA,17,25,21,1000,870,yes,14,-1000
2025-05-21T15:07:09.572263,KXBTCD-25MAY2119-T108999.99,DELTA,17,25,21,1000,871,no,78,-2000
2025-05-21T15:07:09.592771,KXBTCD-25MAY2119-T108999.99,DELTA,17,25,20,72,872,no,80,72
2025-05-21T15:07:09.611786,KXBTCD-25MAY2119-T108999.99,DELTA,17,25,20,72,873,yes,15,1000
2025-05-21T15:07:09.631816,KXBTCD-25MAY2119-T108999.99,DELTA,17,25,20,72,874,no,77,2000
2025-05-21T15:07:09.632185,KXBTCD-25MAY2119-T108999.99,DELTA,17,25,20,72,875,yes,12,2000
2025-05-21T15:07:09.672293,KXBTCD-25MAY2119-T108999.99,DELTA,17,25,20,72,876,no,79,-1000
2025-05-21T15:07:09.712385,KXBTCD-25MAY2119-T108999.99,DELTA,17,25,20,1072,877,no,80,1000
2025-05-21T15:07:09.971182,KXBTCD-25MAY2119-T108999.99,DELTA,17,25,20,1072,878,yes,12,-2000
2025-05-21T15:07:09.991219,KXBTCD-25MAY2119-T108999.99,DELTA,17,25,20,1072,879,yes,15,-1000
2025-05-21T15:07:09.991765,KXBTCD-25MAY2119-T108999.99,DELTA,17,25,20,1072,880,no,77,-2000
2025-05-21T15:07:10.012585,KXBTCD-25MAY2119-T108999.99,DELTA,17,25,20,72,881,no,80,-1000
2025-05-21T15:07:10.092427,KXBTCD-25MAY2119-T108999.99,DELTA,17,25,20,72,882,yes,14,1000
2025-05-21T15:07:10.092782,KXBTCD-25MAY2119-T108999.99,DELTA,17,25,20,72,883,no,78,2000
2025-05-21T15:07:10.093293,KXBTCD-25MAY2119-T108999.99,DELTA,17,25,20,72,884,yes,11,2000
2025-05-21T15:07:10.093983,KXBTCD-25MAY2119-T108999.99,DELTA,17,25,19,1000,885,no,81,1000
2025-05-21T15:07:10.094258,KXBTCD-25MAY2119-T108999.99,DELTA,17,25,19,1000,886,no,8,-4050
2025-05-21T15:07:10.094386,KXBTCD-25MAY2119-T108999.99,DELTA,17,25,19,1000,887,no,10,3240
2025-05-21T15:07:10.238249,KXBTCD-25MAY2119-T108999.99,DELTA,17,25,19,1000,888,no,9,-20000
2025-05-21T15:07:10.292252,KXBTCD-25MAY2119-T108999.99,DELTA,17,25,19,1000,889,no,11,20000
2025-05-21T15:07:11.753428,KXBTCD-25MAY2119-T108999.99,DELTA,17,25,19,1000,890,yes,11,-2000
2025-05-21T15:07:11.772893,KXBTCD-25MAY2119-T108999.99,DELTA,17,25,19,1000,891,yes,14,-1000
2025-05-21T15:07:11.773163,KXBTCD-25MAY2119-T108999.99,DELTA,17,25,19,1000,892,no,78,-2000
2025-05-21T15:07:11.792851,KXBTCD-25MAY2119-T108999.99,DELTA,17,25,20,72,893,no,81,-1000
2025-05-21T15:07:11.891604,KXBTCD-25MAY2119-T108999.99,DELTA,17,25,20,72,894,yes,12,2000
2025-05-21T15:07:11.892038,KXBTCD-25MAY2119-T108999.99,DELTA,17,25,20,1072,895,no,80,1000
2025-05-21T15:07:11.892411,KXBTCD-25MAY2119-T108999.99,DELTA,17,25,20,1072,896,no,77,2000
2025-05-21T15:07:11.892734,KXBTCD-25MAY2119-T108999.99,DELTA,17,25,20,1072,897,yes,15,1000
2025-05-21T15:07:12.132394,KXBTCD-25MAY2119-T108999.99,DELTA,17,25,20,1072,898,yes,12,-2000
2025-05-21T15:07:12.132625,KXBTCD-25MAY2119-T108999.99,DELTA,17,25,20,1072,899,yes,15,-1000
2025-05-21T15:07:12.151434,KXBTCD-25MAY2119-T108999.99,DELTA,17,25,20,1072,900,no,77,-2000
2025-05-21T15:07:12.151652,KXBTCD-25MAY2119-T108999.99,DELTA,17,25,20,72,901,no,80,-1000
2025-05-21T15:07:12.212702,KXBTCD-25MAY2119-T108999.99,DELTA,17,25,19,1000,902,no,81,1000
2025-05-21T15:07:12.213161,KXBTCD-25MAY2119-T108999.99,DELTA,17,25,19,1000,903,no,78,2000
2025-05-21T15:07:12.213432,KXBTCD-25MAY2119-T108999.99,DELTA,17,25,19,1000,904,yes,14,1000
2025-05-21T15:07:12.213648,KXBTCD-25MAY2119-T108999.99,DELTA,17,25,19,1000,905,yes,11,2000
2025-05-21T15:07:12.451731,KXBTCD-25MAY2119-T108999.99,DELTA,17,25,19,1000,906,no,10,-3240
2025-05-21T15:07:12.452440,KXBTCD-25MAY2119-T108999.99,DELTA,17,25,19,1000,907,no,12,2700
2025-05-21T15:07:12.510971,KXBTCD-25MAY2119-T108999.99,DELTA,17,25,19,1000,908,no,11,-20000
2025-05-21T15:07:12.551602,KXBTCD-25MAY2119-T108999.99,DELTA,17,25,19,1000,909,no,5,20000
2025-05-21T15:07:13.693679,KXBTCD-25MAY2119-T108999.99,DELTA,17,25,19,1000,910,no,12,-2700
2025-05-21T15:07:13.694514,KXBTCD-25MAY2119-T108999.99,DELTA,17,25,19,1000,911,no,6,5400
2025-05-21T15:07:13.772302,KXBTCD-25MAY2119-T108999.99,DELTA,17,25,19,1000,912,no,5,-20000
2025-05-21T15:07:13.831384,KXBTCD-25MAY2119-T108999.99,DELTA,17,25,19,1000,913,no,7,20000
2025-05-21T15:07:15.471811,KXBTCD-25MAY2119-T108999.99,DELTA,17,25,19,1000,914,no,6,-5400
2025-05-21T15:07:15.472228,KXBTCD-25MAY2119-T108999.99,DELTA,17,25,19,1000,915,no,8,4050
2025-05-21T15:07:15.671527,KXBTCD-25MAY2119-T108999.99,DELTA,17,25,19,1000,916,no,7,-20000
2025-05-21T15:07:15.791738,KXBTCD-25MAY2119-T108999.99,DELTA,17,25,19,1000,917,no,9,20000
2025-05-21T15:07:15.792120,KXBTCD-25MAY2119-T108999.99,DELTA,17,25,19,1000,918,no,78,-1250
2025-05-21T15:07:16.071017,KXBTCD-25MAY2119-T108999.99,DELTA,17,25,19,1000,919,no,79,1250
2025-05-21T15:07:17.272661,KXBTCD-25MAY2119-T108999.99,DELTA,17,25,19,1000,920,no,8,-4050
2025-05-21T15:07:17.273308,KXBTCD-25MAY2119-T108999.99,DELTA,17,25,19,1000,921,no,39,830
2025-05-21T15:07:17.373261,KXBTCD-25MAY2119-T108999.99,DELTA,17,25,19,1000,922,no,9,-20000
2025-05-21T15:07:17.572745,KXBTCD-25MAY2119-T108999.99,DELTA,17,25,19,1000,923,no,5,20000
2025-05-21T15:07:20.791798,KXBTCD-25MAY2119-T108999.99,DELTA,17,25,19,1000,924,no,79,-1250
2025-05-21T15:07:20.832400,KXBTCD-25MAY2119-T108999.99,DELTA,17,25,19,1000,925,no,78,1250
2025-05-21T15:07:24.432368,KXBTCD-25MAY2119-T108999.99,DELTA,17,25,19,1000,926,yes,4,24
2025-05-21T15:07:24.433260,KXBTCD-25MAY2119-T108999.99,DELTA,17,25,19,1000,927,yes,6,-24
2025-05-21T15:07:24.433629,KXBTCD-25MAY2119-T108999.99,DELTA,17,25,19,1000,928,no,79,24
2025-05-21T15:07:24.450938,KXBTCD-25MAY2119-T108999.99,DELTA,17,25,19,1000,929,no,77,-24
2025-05-21T15:07:25.711796,KXBTCD-25MAY2119-T108999.99,DELTA,17,25,19,980,930,no,81,-20
2025-05-21T15:07:25.712455,KXBTCD-25MAY2119-T108999.99,DELTA,14,1250,19,980,931,yes,17,-25
2025-05-21T15:07:25.833239,KXBTCD-25MAY2119-T108999.99,DELTA,14,1250,19,980,932,yes,11,-2000
2025-05-21T15:07:25.852156,KXBTCD-25MAY2119-T108999.99,DELTA,14,250,19,980,933,yes,14,-1000
2025-05-21T15:07:25.853074,KXBTCD-25MAY2119-T108999.99,DELTA,14,250,19,980,934,no,78,-2000
2025-05-21T15:07:25.871532,KXBTCD-25MAY2119-T108999.99,DELTA,14,250,20,72,935,no,81,-980
2025-05-21T15:07:25.912544,KXBTCD-25MAY2119-T108999.99,DELTA,14,250,20,72,936,yes,12,2000
2025-05-21T15:07:25.912937,KXBTCD-25MAY2119-T108999.99,DELTA,15,1000,20,72,937,yes,15,1000
2025-05-21T15:07:25.913284,KXBTCD-25MAY2119-T108999.99,DELTA,15,1000,20,72,938,no,77,2000
2025-05-21T15:07:25.913692,KXBTCD-25MAY2119-T108999.99,DELTA,15,1000,20,1072,939,no,80,1000
2025-05-21T15:07:28.492041,KXBTCD-25MAY2119-T108999.99,DELTA,15,1000,20,1000,940,no,80,-72
2025-05-21T15:07:28.512398,KXBTCD-25MAY2119-T108999.99,DELTA,15,1000,20,1000,941,yes,13,-100
2025-05-21T15:07:28.552672,KXBTCD-25MAY2119-T108999.99,DELTA,15,1000,21,24,942,no,80,-1000
2025-05-21T15:07:28.611844,KXBTCD-25MAY2119-T108999.99,DELTA,15,1000,21,1024,943,no,79,1000
2025-05-21T15:07:29.251542,KXBTCD-25MAY2119-T108999.99,DELTA,15,1000,21,1024,944,yes,12,100
2025-05-21T15:07:29.271918,KXBTCD-25MAY2119-T108999.99,DELTA,15,1000,20,72,945,no,80,72
2025-05-21T15:07:29.331719,KXBTCD-25MAY2119-T108999.99,DELTA,15,1000,20,72,946,no,79,-1000
2025-05-21T15:07:29.372725,KXBTCD-25MAY2119-T108999.99,DELTA,15,1000,20,1072,947,no,80,1000
2025-05-21T15:07:30.511820,KXBTCD-25MAY2119-T108999.99,DELTA,15,1000,20,1000,948,no,80,-72
2025-05-21T15:07:30.571570,KXBTCD-25MAY2119-T108999.99,DELTA,15,1000,21,24,949,no,80,-1000
2025-05-21T15:07:30.611976,KXBTCD-25MAY2119-T108999.99,DELTA,15,1000,21,1024,950,no,79,1000
2025-05-21T15:07:30.753366,KXBTCD-25MAY2119-T108999.99,DELTA,15,1000,21,1024,951,yes,12,-2000
2025-05-21T15:07:30.771650,KXBTCD-25MAY2119-T108999.99,DELTA,14,250,21,1024,952,yes,15,-1000
2025-05-21T15:07:30.772264,KXBTCD-25MAY2119-T108999.99,DELTA,14,250,21,1024,953,no,77,-2000
2025-05-21T15:07:30.832073,KXBTCD-25MAY2119-T108999.99,DELTA,14,1250,21,1024,954,yes,14,1000
2025-05-21T15:07:30.833355,KXBTCD-25MAY2119-T108999.99,DELTA,14,1250,21,1024,955,no,78,2000
2025-05-21T15:07:30.833748,KXBTCD-25MAY2119-T108999.99,DELTA,14,1250,21,1024,956,yes,11,2000
2025-05-21T15:07:31.771680,KXBTCD-25MAY2119-T108999.99,DELTA,14,1250,20,72,957,no,80,72
2025-05-21T15:07:31.832631,KXBTCD-25MAY2119-T108999.99,DELTA,14,1250,20,72,958,no,79,-1000
2025-05-21T15:07:31.872375,KXBTCD-25MAY2119-T108999.99,DELTA,14,1250,19,1000,959,no,81,1000
2025-05-21T15:07:34.792371,KXBTCD-25MAY2119-T108999.99,DELTA,14,1250,19,1000,960,yes,1,32400
2025-05-21T15:07:34.851963,KXBTCD-25MAY2119-T108999.99,DELTA,14,1250,19,1000,961,no,39,-830
2025-05-21T15:07:34.852879,KXBTCD-25MAY2119-T108999.99,DELTA,14,1250,19,1000,962,no,40,810
2025-05-21T15:07:34.853340,KXBTCD-25MAY2119-T108999.99,DELTA,14,1250,19,1000,963,yes,2,20000
2025-05-21T15:07:35.691493,KXBTCD-25MAY2119-T108999.99,DELTA,14,1250,19,1000,964,no,78,-1250
2025-05-21T15:07:35.752127,KXBTCD-25MAY2119-T108999.99,DELTA,14,1250,19,1000,965,no,79,1250
2025-05-21T15:07:37.170840,KXBTCD-25MAY2119-T108999.99,DELTA,14,1250,19,1000,966,yes,12,-1250
2025-05-21T15:07:37.210823,KXBTCD-25MAY2119-T108999.99,DELTA,14,1250,19,1000,967,yes,11,1250
2025-05-21T15:07:37.691413,KXBTCD-25MAY2119-T108999.99,DELTA,14,1250,19,1000,968,no,80,-72
2025-05-21T15:07:37.751994,KXBTCD-25MAY2119-T108999.99,DELTA,14,1250,21,1274,969,no,81,-1000
2025-05-21T15:07:37.791343,KXBTCD-25MAY2119-T108999.99,DELTA,14,1250,21,2274,970,no,79,1000
2025-05-21T15:07:38.151752,KXBTCD-25MAY2119-T108999.99,DELTA,14,1250,21,2274,971,yes,4,250
2025-05-21T15:07:38.152033,KXBTCD-25MAY2119-T108999.99,DELTA,14,1000,21,2274,972,yes,14,-250
2025-05-21T15:07:38.211911,KXBTCD-25MAY2119-T108999.99,DELTA,12,350,21,2274,973,yes,14,-1000
2025-05-21T15:07:38.290318,KXBTCD-25MAY2119-T108999.99,DELTA,13,1000,21,2274,974,yes,13,1000
2025-05-21T15:07:38.531616,KXBTCD-25MAY2119-T108999.99,DELTA,13,1000,19,72,975,no,81,72
2025-05-21T15:07:38.591807,KXBTCD-25MAY2119-T108999.99,DELTA,13,1000,19,72,976,no,79,-1000
2025-05-21T15:07:38.651423,KXBTCD-25MAY2119-T108999.99,DELTA,13,1000,19,1072,977,no,81,1000
2025-05-21T15:07:40.694375,KXBTCD-25MAY2119-T108999.99,DELTA,13,1000,19,1072,978,yes,11,-2000
2025-05-21T15:07:40.694920,KXBTCD-25MAY2119-T108999.99,DELTA,13,1000,19,1072,979,no,78,-2000
2025-05-21T15:07:40.712545,KXBTCD-25MAY2119-T108999.99,DELTA,13,1000,19,72,980,no,81,-1000
2025-05-21T15:07:40.752724,KXBTCD-25MAY2119-T108999.99,DELTA,13,1000,19,72,981,no,79,2000
2025-05-21T15:07:40.753365,KXBTCD-25MAY2119-T108999.99,DELTA,13,1000,18,1000,982,no,82,1000
2025-05-21T15:07:40.753766,KXBTCD-25MAY2119-T108999.99,DELTA,13,1000,18,1000,983,yes,10,2000
2025-05-21T15:07:44.152008,KXBTCD-25MAY2119-T108999.99,DELTA,13,1000,18,1000,984,no,80,250
2025-05-21T15:07:44.153144,KXBTCD-25MAY2119-T108999.99,DELTA,13,1000,18,1000,985,no,70,-250
2025-05-21T15:07:45.571879,KXBTCD-25MAY2119-T108999.99,DELTA,13,1000,18,1000,986,yes,10,-2000
2025-05-21T15:07:45.591881,KXBTCD-25MAY2119-T108999.99,DELTA,13,1000,18,1000,987,yes,11,-1250
2025-05-21T15:07:45.592276,KXBTCD-25MAY2119-T108999.99,DELTA,13,1000,18,1000,988,no,79,-2000
2025-05-21T15:07:45.611588,KXBTCD-25MAY2119-T108999.99,DELTA,13,1000,19,72,989,no,82,-1000
2025-05-21T15:07:45.652380,KXBTCD-25MAY2119-T108999.99,DELTA,13,1000,19,72,990,yes,12,1250
2025-05-21T15:07:45.652753,KXBTCD-25MAY2119-T108999.99,DELTA,13,1000,19,1072,991,no,81,1000
2025-05-21T15:07:45.652912,KXBTCD-25MAY2119-T108999.99,DELTA,13,1000,19,1072,992,no,78,2000
2025-05-21T15:07:45.653060,KXBTCD-25MAY2119-T108999.99,DELTA,13,1000,19,1072,993,yes,11,2000
2025-05-21T15:07:47.111672,KXBTCD-25MAY2119-T108999.99,DELTA,13,1000,19,1072,994,yes,12,-1250
2025-05-21T15:07:47.164909,KXBTCD-25MAY2119-T108999.99,DELTA,13,1000,19,1072,995,yes,11,1250
2025-05-21T15:07:47.172225,KXBTCD-25MAY2119-T108999.99,DELTA,13,1000,19,1072,996,yes,11,-2000
2025-05-21T15:07:47.191014,KXBTCD-25MAY2119-T108999.99,DELTA,13,1000,19,1072,997,yes,1,-3000
2025-05-21T15:07:47.191442,KXBTCD-25MAY2119-T108999.99,DELTA,13,1000,19,1072,998,no,78,-2000
2025-05-21T15:07:47.211864,KXBTCD-25MAY2119-T108999.99,DELTA,13,1000,19,72,999,no,81,-1000
2025-05-21T15:07:47.271546,KXBTCD-25MAY2119-T108999.99,DELTA,13,1000,19,72,1000,no,79,2000
2025-05-21T15:07:47.272526,KXBTCD-25MAY2119-T108999.99,DELTA,13,1000,19,72,1001,yes,10,2000
2025-05-21T15:07:47.272812,KXBTCD-25MAY2119-T108999.99,DELTA,13,1000,18,1000,1002,no,82,1000
2025-05-21T15:07:56.672005,KXBTCD-25MAY2119-T108999.99,DELTA,13,1000,18,1000,1003,yes,1,3000
2025-05-21T15:07:56.673612,KXBTCD-25MAY2119-T108999.99,DELTA,13,1000,18,1000,1004,yes,10,-2000
2025-05-21T15:07:56.673997,KXBTCD-25MAY2119-T108999.99,DELTA,13,1000,18,1000,1005,yes,11,-1250
2025-05-21T15:07:56.691510,KXBTCD-25MAY2119-T108999.99,DELTA,13,1000,18,1000,1006,no,79,-2000
2025-05-21T15:07:56.692647,KXBTCD-25MAY2119-T108999.99,DELTA,13,1000,19,72,1007,no,82,-1000
2025-05-21T15:07:56.711886,KXBTCD-25MAY2119-T108999.99,DELTA,13,1000,19,72,1008,no,79,-1250
2025-05-21T15:07:56.791232,KXBTCD-25MAY2119-T108999.99,DELTA,13,1000,19,72,1009,yes,12,1250
2025-05-21T15:07:56.791591,KXBTCD-25MAY2119-T108999.99,DELTA,13,1000,19,72,1010,yes,11,2000
2025-05-21T15:07:56.792027,KXBTCD-25MAY2119-T108999.99,DELTA,13,1000,19,1072,1011,no,81,1000
2025-05-21T15:07:56.792565,KXBTCD-25MAY2119-T108999.99,DELTA,13,1000,19,1072,1012,no,78,2000
2025-05-21T15:07:56.811678,KXBTCD-25MAY2119-T108999.99,DELTA,13,1000,19,1072,1013,no,78,1250
2025-05-21T15:07:57.132235,KXBTCD-25MAY2119-T108999.99,DELTA,13,1000,19,1072,1014,yes,4,-250
2025-05-21T15:07:57.132623,KXBTCD-25MAY2119-T108999.99,DELTA,13,1000,19,1072,1015,no,70,250
2025-05-21T15:07:57.152381,KXBTCD-25MAY2119-T108999.99,DELTA,14,250,19,1072,1016,yes,14,250
2025-05-21T15:07:57.170052,KXBTCD-25MAY2119-T108999.99,DELTA,14,250,19,1072,1017,no,80,-250
2025-05-21T15:07:57.212243,KXBTCD-25MAY2119-T108999.99,DELTA,14,250,19,1072,1018,yes,13,-1000
2025-05-21T15:07:57.253192,KXBTCD-25MAY2119-T108999.99,DELTA,14,1250,19,1072,1019,yes,14,1000
2025-05-21T15:07:58.231395,KXBTCD-25MAY2119-T108999.99,DELTA,14,1250,19,1072,1020,no,78,-1250
2025-05-21T15:07:58.291630,KXBTCD-25MAY2119-T108999.99,DELTA,14,1250,19,1072,1021,no,79,1250
2025-05-21T15:07:59.131389,KXBTCD-25MAY2119-T108999.99,DELTA,14,1250,19,1072,1022,yes,4,250
2025-05-21T15:07:59.151382,KXBTCD-25MAY2119-T108999.99,DELTA,14,1250,19,1072,1023,no,80,250
2025-05-21T15:07:59.170542,KXBTCD-25MAY2119-T108999.99,DELTA,14,1000,19,1072,1024,yes,14,-250
2025-05-21T15:07:59.170806,KXBTCD-25MAY2119-T108999.99,DELTA,14,1000,19,1072,1025,no,70,-250
2025-05-21T15:07:59.231096,KXBTCD-25MAY2119-T108999.99,DELTA,12,1600,19,1072,1026,yes,14,-1000
2025-05-21T15:07:59.272100,KXBTCD-25MAY2119-T108999.99,DELTA,13,1000,19,1072,1027,yes,13,1000
2025-05-21T15:08:00.311341,KXBTCD-25MAY2119-T108999.99,DELTA,13,1000,19,1072,1028,yes,12,-1250
2025-05-21T15:08:00.352490,KXBTCD-25MAY2119-T108999.99,DELTA,13,1000,19,1072,1029,yes,11,1250
2025-05-21T15:08:06.790837,KXBTCD-25MAY2119-T108999.99,DELTA,13,1000,19,1072,1030,yes,11,-1250
2025-05-21T15:08:06.792295,KXBTCD-25MAY2119-T108999.99,DELTA,13,1000,19,1072,1031,no,79,-1250
2025-05-21T15:08:06.871522,KXBTCD-25MAY2119-T108999.99,DELTA,13,1000,19,1072,1032,no,78,1250
2025-05-21T15:08:06.872311,KXBTCD-25MAY2119-T108999.99,DELTA,13,1000,19,1072,1033,yes,12,1250
2025-05-21T15:08:07.111268,KXBTCD-25MAY2119-T108999.99,DELTA,14,250,19,1072,1034,yes,14,250
2025-05-21T15:08:07.112498,KXBTCD-25MAY2119-T108999.99,DELTA,14,250,19,1072,1035,yes,4,-250
2025-05-21T15:08:07.131335,KXBTCD-25MAY2119-T108999.99,DELTA,14,250,19,1072,1036,no,70,250
2025-05-21T15:08:07.131660,KXBTCD-25MAY2119-T108999.99,DELTA,14,250,19,1072,1037,no,80,-250
2025-05-21T15:08:07.184777,KXBTCD-25MAY2119-T108999.99,DELTA,14,250,19,1072,1038,yes,13,-1000
2025-05-21T15:08:07.211220,KXBTCD-25MAY2119-T108999.99,DELTA,14,1250,19,1072,1039,yes,14,1000
2025-05-21T15:08:08.832038,KXBTCD-25MAY2119-T108999.99,DELTA,14,1250,19,1072,1040,no,78,-1250
2025-05-21T15:08:08.872490,KXBTCD-25MAY2119-T108999.99,DELTA,14,1250,19,1072,1041,no,79,1250
2025-05-21T15:08:08.892191,KXBTCD-25MAY2119-T108999.99,DELTA,14,1250,19,1072,1042,yes,12,-1250
2025-05-21T15:08:08.952325,KXBTCD-25MAY2119-T108999.99,DELTA,14,1250,19,1072,1043,yes,11,1250
2025-05-21T15:08:09.133311,KXBTCD-25MAY2119-T108999.99,DELTA,14,1250,19,1072,1044,no,70,-250
2025-05-21T15:08:09.134006,KXBTCD-25MAY2119-T108999.99,DELTA,14,1250,19,1072,1045,yes,4,250
2025-05-21T15:08:09.151843,KXBTCD-25MAY2119-T108999.99,DELTA,14,1000,19,1072,1046,yes,14,-250
2025-05-21T15:08:09.152617,KXBTCD-25MAY2119-T108999.99,DELTA,14,1000,19,1072,1047,no,80,250
2025-05-21T15:08:09.212616,KXBTCD-25MAY2119-T108999.99,DELTA,12,350,19,1072,1048,yes,14,-1000
2025-05-21T15:08:09.232286,KXBTCD-25MAY2119-T108999.99,DELTA,12,350,19,1072,1049,yes,3,24
2025-05-21T15:08:09.233055,KXBTCD-25MAY2119-T108999.99,DELTA,12,350,19,1072,1050,yes,4,-24
2025-05-21T15:08:09.252182,KXBTCD-25MAY2119-T108999.99,DELTA,12,350,19,1072,1051,no,79,-24
2025-05-21T15:08:09.252816,KXBTCD-25MAY2119-T108999.99,DELTA,12,350,19,1096,1052,no,81,24
2025-05-21T15:08:09.271252,KXBTCD-25MAY2119-T108999.99,DELTA,13,1000,19,1096,1053,yes,13,1000
2025-05-21T15:08:14.853585,KXBTCD-25MAY2119-T108999.99,DELTA,13,1000,19,1096,1054,yes,11,-2000
2025-05-21T15:08:14.872579,KXBTCD-25MAY2119-T108999.99,DELTA,13,1000,19,1096,1055,yes,1,-3000
2025-05-21T15:08:14.873070,KXBTCD-25MAY2119-T108999.99,DELTA,13,1000,19,1096,1056,no,78,-2000
2025-05-21T15:08:14.892710,KXBTCD-25MAY2119-T108999.99,DELTA,13,1000,19,96,1057,no,81,-1000
2025-05-21T15:08:14.893514,KXBTCD-25MAY2119-T108999.99,DELTA,13,1000,19,96,1058,no,79,-1250
2025-05-21T15:08:14.953221,KXBTCD-25MAY2119-T108999.99,DELTA,13,1000,19,96,1059,no,80,1250
2025-05-21T15:08:14.953999,KXBTCD-25MAY2119-T108999.99,DELTA,13,1000,19,96,1060,yes,10,2000
2025-05-21T15:08:14.954549,KXBTCD-25MAY2119-T108999.99,DELTA,13,1000,19,96,1061,no,79,2000
2025-05-21T15:08:14.954997,KXBTCD-25MAY2119-T108999.99,DELTA,13,1000,18,1000,1062,no,82,1000
2025-05-21T15:08:15.452229,KXBTCD-25MAY2119-T108999.99,DELTA,13,1000,18,1000,1063,no,81,-72
2025-05-21T15:08:15.471009,KXBTCD-25MAY2119-T108999.99,DELTA,13,1000,18,1000,1064,yes,12,-100
2025-05-21T15:08:15.512856,KXBTCD-25MAY2119-T108999.99,DELTA,13,1000,19,24,1065,no,82,-1000
2025-05-21T15:08:15.551480,KXBTCD-25MAY2119-T108999.99,DELTA,13,1000,19,1024,1066,no,81,1000
2025-05-21T15:08:16.630871,KXBTCD-25MAY2119-T108999.99,DELTA,13,1000,19,1024,1067,yes,10,100
2025-05-21T15:08:16.652622,KXBTCD-25MAY2119-T108999.99,DELTA,13,1000,18,72,1068,no,82,72
2025-05-21T15:08:16.711877,KXBTCD-25MAY2119-T108999.99,DELTA,13,1000,18,72,1069,no,81,-1000
2025-05-21T15:08:16.752119,KXBTCD-25MAY2119-T108999.99,DELTA,13,1000,18,1072,1070,no,82,1000
2025-05-21T15:08:17.191252,KXBTCD-25MAY2119-T108999.99,DELTA,13,1000,18,1072,1071,yes,10,-100
2025-05-21T15:08:18.073213,KXBTCD-25MAY2119-T108999.99,DELTA,13,1000,18,1072,1072,yes,11,100
2025-05-21T15:08:19.751467,KXBTCD-25MAY2119-T108999.99,DELTA,13,1000,18,1072,1073,yes,1,3000
2025-05-21T15:08:19.772941,KXBTCD-25MAY2119-T108999.99,DELTA,13,1000,18,1072,1074,yes,10,-2000
2025-05-21T15:08:19.773293,KXBTCD-25MAY2119-T108999.99,DELTA,13,1000,18,1072,1075,no,79,-2000
2025-05-21T15:08:19.791181,KXBTCD-25MAY2119-T108999.99,DELTA,13,1000,18,72,1076,no,82,-1000
2025-05-21T15:08:19.791832,KXBTCD-25MAY2119-T108999.99,DELTA,13,1000,18,72,1077,no,80,-1250
2025-05-21T15:08:19.852336,KXBTCD-25MAY2119-T108999.99,DELTA,13,1000,18,72,1078,no,78,2000
2025-05-21T15:08:19.855475,KXBTCD-25MAY2119-T108999.99,DELTA,13,1000,18,72,1079,yes,11,2000
2025-05-21T15:08:19.858484,KXBTCD-25MAY2119-T108999.99,DELTA,13,1000,18,72,1080,no,81,1000
2025-05-21T15:08:19.858863,KXBTCD-25MAY2119-T108999.99,DELTA,13,1000,18,72,1081,no,79,1250
2025-05-21T15:08:24.632623,KXBTCD-25MAY2119-T108999.99,DELTA,13,1000,18,72,1082,yes,11,-2000
2025-05-21T15:08:24.633058,KXBTCD-25MAY2119-T108999.99,DELTA,13,1000,18,72,1083,yes,1,-3000
2025-05-21T15:08:24.651541,KXBTCD-25MAY2119-T108999.99,DELTA,13,1000,18,72,1084,no,78,-2000
2025-05-21T15:08:24.651799,KXBTCD-25MAY2119-T108999.99,DELTA,13,1000,18,72,1085,no,81,-1000
2025-05-21T15:08:24.731845,KXBTCD-25MAY2119-T108999.99,DELTA,13,1000,18,72,1086,no,79,2000
2025-05-21T15:08:24.732738,KXBTCD-25MAY2119-T108999.99,DELTA,13,1000,18,72,1087,yes,10,2000
2025-05-21T15:08:24.733013,KXBTCD-25MAY2119-T108999.99,DELTA,13,1000,18,1072,1088,no,82,1000
2025-05-21T15:08:29.571559,KXBTCD-25MAY2119-T108999.99,DELTA,13,1000,18,1072,1089,yes,10,-2000
2025-05-21T15:08:29.572013,KXBTCD-25MAY2119-T108999.99,DELTA,13,1000,18,1072,1090,yes,1,3000
2025-05-21T15:08:29.572276,KXBTCD-25MAY2119-T108999.99,DELTA,13,1000,18,1072,1091,no,79,-2000
2025-05-21T15:08:29.592473,KXBTCD-25MAY2119-T108999.99,DELTA,13,1000,18,72,1092,no,82,-1000
2025-05-21T15:08:29.651759,KXBTCD-25MAY2119-T108999.99,DELTA,13,1000,18,72,1093,no,78,2000
2025-05-21T15:08:29.651949,KXBTCD-25MAY2119-T108999.99,DELTA,13,1000,18,72,1094,no,81,1000
2025-05-21T15:08:29.671365,KXBTCD-25MAY2119-T108999.99,DELTA,13,1000,18,72,1095,yes,11,2000
