timestamp,market_ticker,type,yes_bid_price_cents,yes_bid_qty,yes_ask_price_cents,yes_ask_qty_on_no_side,sequence_num,delta_side,delta_price_cents,delta_quantity
2025-05-21T14:00:30.977151,KXBTCD-25MAY2118-T107749.99,SNAPSHOT,74,150,80,50,1,,,
2025-05-21T14:00:32.500142,KXBTCD-25MAY2118-T107749.99,DELTA,74,150,80,50,2,yes,4,3028
2025-05-21T14:00:32.501035,KXBTCD-25MAY2118-T107749.99,DELTA,74,150,80,50,3,yes,2,2960
2025-05-21T14:00:32.520254,KXBTCD-25MAY2118-T107749.99,DELTA,74,150,80,50,4,yes,1,44781
2025-05-21T14:00:32.520550,KXBTCD-25MAY2118-T107749.99,DELTA,74,150,80,50,5,yes,1,15104
2025-05-21T14:00:33.000516,KXBTCD-25MAY2118-T107749.99,DELTA,74,150,80,50,6,no,19,-100
2025-05-21T14:00:33.001866,KXBTCD-25MAY2118-T107749.99,DELTA,74,50,80,50,7,yes,74,-100
2025-05-21T14:00:34.281835,KXBTCD-25MAY2118-T107749.99,DELTA,74,50,80,50,8,yes,72,100
2025-05-21T14:00:34.299418,KXBTCD-25MAY2118-T107749.99,DELTA,74,50,80,150,9,no,20,100
2025-05-21T14:00:34.939884,KXBTCD-25MAY2118-T107749.99,DELTA,72,100,80,150,10,yes,74,-50
2025-05-21T14:00:34.940134,KXBTCD-25MAY2118-T107749.99,DELTA,72,150,80,150,11,yes,72,50
2025-05-21T14:00:36.680888,KXBTCD-25MAY2118-T107749.99,DELTA,72,150,80,150,12,yes,1,-32400
2025-05-21T14:00:36.681932,KXBTCD-25MAY2118-T107749.99,DELTA,72,150,80,150,13,yes,5,6480
2025-05-21T14:00:37.519525,KXBTCD-25MAY2118-T107749.99,DELTA,72,150,80,150,14,yes,50,-200
2025-05-21T14:00:37.520260,KXBTCD-25MAY2118-T107749.99,DELTA,72,150,80,150,15,yes,40,200
2025-05-21T14:00:37.620746,KXBTCD-25MAY2118-T107749.99,DELTA,72,150,80,150,16,yes,51,-9
2025-05-21T14:00:37.640950,KXBTCD-25MAY2118-T107749.99,DELTA,72,150,80,150,17,yes,41,9
2025-05-21T14:00:38.180809,KXBTCD-25MAY2118-T107749.99,DELTA,72,50,80,150,18,yes,72,-100
2025-05-21T14:00:38.341719,KXBTCD-25MAY2118-T107749.99,DELTA,41,9,80,150,19,yes,72,-50
2025-05-21T14:00:38.342875,KXBTCD-25MAY2118-T107749.99,DELTA,41,59,80,150,20,yes,41,50
2025-05-21T14:00:38.479648,KXBTCD-25MAY2118-T107749.99,DELTA,41,50,80,150,21,yes,41,-9
2025-05-21T14:00:38.500171,KXBTCD-25MAY2118-T107749.99,DELTA,41,50,80,150,22,yes,6,9
2025-05-21T14:00:38.599680,KXBTCD-25MAY2118-T107749.99,DELTA,41,50,80,150,23,yes,40,-200
2025-05-21T14:00:38.600733,KXBTCD-25MAY2118-T107749.99,DELTA,50,200,80,150,24,yes,50,200
2025-05-21T14:00:38.659813,KXBTCD-25MAY2118-T107749.99,DELTA,50,200,80,150,25,yes,41,-50
2025-05-21T14:00:38.660499,KXBTCD-25MAY2118-T107749.99,DELTA,51,50,80,150,26,yes,51,50
2025-05-21T14:00:38.721050,KXBTCD-25MAY2118-T107749.99,DELTA,51,59,80,150,27,yes,51,9
2025-05-21T14:00:38.722144,KXBTCD-25MAY2118-T107749.99,DELTA,51,59,79,9,28,no,21,9
2025-05-21T14:00:39.280059,KXBTCD-25MAY2118-T107749.99,DELTA,74,100,79,9,29,yes,74,100
2025-05-21T14:00:39.280989,KXBTCD-25MAY2118-T107749.99,DELTA,74,100,79,9,30,no,20,-100
2025-05-21T14:00:39.339320,KXBTCD-25MAY2118-T107749.99,DELTA,74,100,79,9,31,yes,51,-50
2025-05-21T14:00:39.340219,KXBTCD-25MAY2118-T107749.99,DELTA,74,150,79,9,32,yes,74,50
2025-05-21T14:00:39.460604,KXBTCD-25MAY2118-T107749.99,DELTA,74,150,79,9,33,yes,52,9
2025-05-21T14:00:39.461634,KXBTCD-25MAY2118-T107749.99,DELTA,74,150,79,9,34,yes,6,-9
2025-05-21T14:00:39.462314,KXBTCD-25MAY2118-T107749.99,DELTA,74,150,80,50,35,no,21,-9
2025-05-21T14:00:39.462895,KXBTCD-25MAY2118-T107749.99,DELTA,74,150,80,50,36,yes,51,-9
2025-05-21T14:00:40.461544,KXBTCD-25MAY2118-T107749.99,DELTA,74,150,80,50,37,no,18,100
2025-05-21T14:00:40.521022,KXBTCD-25MAY2118-T107749.99,DELTA,74,150,82,100,38,no,20,-50
2025-05-21T14:00:40.521697,KXBTCD-25MAY2118-T107749.99,DELTA,74,150,81,50,39,no,19,50
2025-05-21T14:00:40.599216,KXBTCD-25MAY2118-T107749.99,DELTA,74,150,81,50,40,yes,52,-9
2025-05-21T14:00:40.599512,KXBTCD-25MAY2118-T107749.99,DELTA,74,150,81,50,41,yes,51,9
2025-05-21T14:00:43.279692,KXBTCD-25MAY2118-T107749.99,DELTA,74,150,81,50,42,no,18,-100
2025-05-21T14:00:44.478623,KXBTCD-25MAY2118-T107749.99,DELTA,74,150,81,150,43,no,19,100
2025-05-21T14:00:45.180030,KXBTCD-25MAY2118-T107749.99,DELTA,74,150,81,100,44,no,19,-50
2025-05-21T14:00:45.180405,KXBTCD-25MAY2118-T107749.99,DELTA,74,150,80,50,45,no,20,50
2025-05-21T14:00:48.588783,KXBTCD-25MAY2118-T107749.99,DELTA,74,150,80,50,46,yes,3,80000
2025-05-21T14:00:48.589934,KXBTCD-25MAY2118-T107749.99,DELTA,74,150,80,50,47,no,3,80000
2025-05-21T14:00:48.590671,KXBTCD-25MAY2118-T107749.99,DELTA,74,150,80,50,48,yes,67,3000
2025-05-21T14:00:48.593990,KXBTCD-25MAY2118-T107749.99,DELTA,74,150,80,50,49,no,1,3000
2025-05-21T14:00:48.761452,KXBTCD-25MAY2118-T107749.99,DELTA,74,150,80,50,50,yes,36,8000
2025-05-21T14:00:49.481698,KXBTCD-25MAY2118-T107749.99,DELTA,75,2000,80,50,51,yes,75,2000
2025-05-21T14:00:49.482325,KXBTCD-25MAY2118-T107749.99,DELTA,75,3000,80,50,52,yes,75,1000
2025-05-21T14:00:49.580425,KXBTCD-25MAY2118-T107749.99,DELTA,75,3000,80,50,53,yes,6,20000
2025-05-21T14:00:49.883024,KXBTCD-25MAY2118-T107749.99,DELTA,75,3000,80,50,54,yes,51,-9
2025-05-21T14:00:49.883666,KXBTCD-25MAY2118-T107749.99,DELTA,75,3000,80,50,55,no,4,9
2025-05-21T14:00:51.480343,KXBTCD-25MAY2118-T107749.99,DELTA,75,3000,80,50,56,yes,5,-6480
2025-05-21T14:00:51.480681,KXBTCD-25MAY2118-T107749.99,DELTA,75,3000,80,50,57,yes,37,875
2025-05-21T14:00:51.600179,KXBTCD-25MAY2118-T107749.99,DELTA,75,3000,80,50,58,yes,6,-20000
2025-05-21T14:00:51.719954,KXBTCD-25MAY2118-T107749.99,DELTA,75,3000,80,50,59,yes,5,20000
2025-05-21T14:00:51.899941,KXBTCD-25MAY2118-T107749.99,DELTA,75,3000,80,50,60,yes,73,24
2025-05-21T14:00:51.900488,KXBTCD-25MAY2118-T107749.99,DELTA,75,3000,80,50,61,no,10,24
2025-05-21T14:00:58.160975,KXBTCD-25MAY2118-T107749.99,DELTA,79,150,80,50,62,yes,79,150
2025-05-21T14:00:58.162026,KXBTCD-25MAY2118-T107749.99,DELTA,79,150,80,50,63,no,17,200
2025-05-21T14:00:58.259360,KXBTCD-25MAY2118-T107749.99,DELTA,79,150,80,50,64,yes,75,-1000
2025-05-21T14:00:58.339665,KXBTCD-25MAY2118-T107749.99,DELTA,79,1150,80,50,65,yes,79,1000
2025-05-21T14:01:03.000444,KXBTCD-25MAY2118-T107749.99,DELTA,79,1150,80,50,66,no,17,-200
2025-05-21T14:01:03.059338,KXBTCD-25MAY2118-T107749.99,DELTA,79,1150,80,50,67,no,16,450
2025-05-21T14:01:03.120532,KXBTCD-25MAY2118-T107749.99,DELTA,79,1000,80,50,68,yes,79,-150
2025-05-21T14:01:03.122170,KXBTCD-25MAY2118-T107749.99,DELTA,79,1000,80,50,69,no,4,-9
2025-05-21T14:01:03.122635,KXBTCD-25MAY2118-T107749.99,DELTA,79,1000,80,50,70,no,11,9
2025-05-21T14:01:03.200489,KXBTCD-25MAY2118-T107749.99,DELTA,75,2000,80,50,71,yes,79,-1000
2025-05-21T14:01:03.239594,KXBTCD-25MAY2118-T107749.99,DELTA,75,3000,80,50,72,yes,75,1000
2025-05-21T14:01:03.419998,KXBTCD-25MAY2118-T107749.99,DELTA,75,3000,81,100,73,no,20,-50
2025-05-21T14:01:03.420939,KXBTCD-25MAY2118-T107749.99,DELTA,80,150,81,100,74,yes,80,150
2025-05-21T14:01:03.479881,KXBTCD-25MAY2118-T107749.99,DELTA,80,150,81,100,75,yes,74,-50
2025-05-21T14:01:03.518461,KXBTCD-25MAY2118-T107749.99,DELTA,80,150,81,100,76,yes,75,-1000
2025-05-21T14:01:03.559703,KXBTCD-25MAY2118-T107749.99,DELTA,80,150,81,100,77,yes,75,-2000
2025-05-21T14:01:03.560550,KXBTCD-25MAY2118-T107749.99,DELTA,80,1150,81,100,78,yes,80,1000
2025-05-21T14:01:03.598979,KXBTCD-25MAY2118-T107749.99,DELTA,80,1150,81,100,79,yes,51,2000
2025-05-21T14:01:03.700266,KXBTCD-25MAY2118-T107749.99,DELTA,80,1150,81,150,80,no,19,50
2025-05-21T14:01:03.701459,KXBTCD-25MAY2118-T107749.99,DELTA,80,1150,81,150,81,yes,75,50
2025-05-21T14:01:03.739983,KXBTCD-25MAY2118-T107749.99,DELTA,80,1150,81,100,82,no,19,-50
2025-05-21T14:01:03.740693,KXBTCD-25MAY2118-T107749.99,DELTA,80,1150,81,100,83,yes,75,-50
2025-05-21T14:01:04.021280,KXBTCD-25MAY2118-T107749.99,DELTA,80,1000,81,100,84,yes,80,-150
2025-05-21T14:01:04.080961,KXBTCD-25MAY2118-T107749.99,DELTA,80,1050,81,100,85,yes,80,50
2025-05-21T14:01:04.099660,KXBTCD-25MAY2118-T107749.99,DELTA,80,50,81,100,86,yes,80,-1000
2025-05-21T14:01:04.140222,KXBTCD-25MAY2118-T107749.99,DELTA,80,50,81,100,87,no,11,-9
2025-05-21T14:01:04.200421,KXBTCD-25MAY2118-T107749.99,DELTA,80,50,81,100,88,yes,75,1000
2025-05-21T14:01:04.297953,KXBTCD-25MAY2118-T107749.99,DELTA,80,50,81,100,89,yes,75,-1000
2025-05-21T14:01:04.298627,KXBTCD-25MAY2118-T107749.99,DELTA,80,1050,81,100,90,yes,80,1000
2025-05-21T14:01:04.559509,KXBTCD-25MAY2118-T107749.99,DELTA,80,1000,81,100,91,yes,80,-50
2025-05-21T14:01:04.600541,KXBTCD-25MAY2118-T107749.99,DELTA,80,1000,81,100,92,yes,79,250
2025-05-21T14:01:04.660478,KXBTCD-25MAY2118-T107749.99,DELTA,79,250,81,100,93,yes,80,-1000
2025-05-21T14:01:04.719552,KXBTCD-25MAY2118-T107749.99,DELTA,80,1000,81,100,94,yes,80,1000
2025-05-21T14:01:04.780674,KXBTCD-25MAY2118-T107749.99,DELTA,80,950,81,100,95,yes,80,-50
2025-05-21T14:01:04.781665,KXBTCD-25MAY2118-T107749.99,DELTA,80,950,81,100,96,yes,74,50
2025-05-21T14:01:04.859817,KXBTCD-25MAY2118-T107749.99,DELTA,80,950,81,100,97,yes,74,-50
2025-05-21T14:01:04.860471,KXBTCD-25MAY2118-T107749.99,DELTA,80,950,81,100,98,yes,51,-2000
2025-05-21T14:01:04.920277,KXBTCD-25MAY2118-T107749.99,DELTA,80,950,81,100,99,yes,75,2000
2025-05-21T14:01:04.960816,KXBTCD-25MAY2118-T107749.99,DELTA,80,950,81,100,100,yes,75,-2000
2025-05-21T14:01:05.020598,KXBTCD-25MAY2118-T107749.99,DELTA,80,950,81,100,101,yes,51,2000
2025-05-21T14:01:05.120210,KXBTCD-25MAY2118-T107749.99,DELTA,80,950,81,100,102,yes,74,50
2025-05-21T14:01:05.121270,KXBTCD-25MAY2118-T107749.99,DELTA,80,950,81,125,103,no,19,25
2025-05-21T14:01:05.160475,KXBTCD-25MAY2118-T107749.99,DELTA,80,950,81,125,104,yes,74,-50
2025-05-21T14:01:05.180674,KXBTCD-25MAY2118-T107749.99,DELTA,80,950,81,100,105,no,19,-25
2025-05-21T14:01:05.199250,KXBTCD-25MAY2118-T107749.99,DELTA,80,950,81,100,106,yes,51,-2000
2025-05-21T14:01:05.260437,KXBTCD-25MAY2118-T107749.99,DELTA,80,950,81,100,107,yes,51,2000
2025-05-21T14:01:06.201515,KXBTCD-25MAY2118-T107749.99,DELTA,80,950,81,100,108,yes,74,50
2025-05-21T14:01:06.221198,KXBTCD-25MAY2118-T107749.99,DELTA,80,950,81,125,109,no,19,25
2025-05-21T14:01:06.240143,KXBTCD-25MAY2118-T107749.99,DELTA,80,950,81,125,110,yes,74,-50
2025-05-21T14:01:06.260580,KXBTCD-25MAY2118-T107749.99,DELTA,80,950,81,100,111,no,19,-25
2025-05-21T14:01:06.380272,KXBTCD-25MAY2118-T107749.99,DELTA,80,950,81,100,112,yes,51,-2000
2025-05-21T14:01:06.500479,KXBTCD-25MAY2118-T107749.99,DELTA,80,950,81,100,113,yes,51,2000
2025-05-21T14:01:06.760118,KXBTCD-25MAY2118-T107749.99,DELTA,80,950,81,99,114,no,19,-1
2025-05-21T14:01:07.280433,KXBTCD-25MAY2118-T107749.99,DELTA,80,950,81,99,115,yes,74,50
2025-05-21T14:01:07.299841,KXBTCD-25MAY2118-T107749.99,DELTA,80,950,81,124,116,no,19,25
2025-05-21T14:01:07.359648,KXBTCD-25MAY2118-T107749.99,DELTA,80,950,81,124,117,yes,51,-2000
2025-05-21T14:01:07.420622,KXBTCD-25MAY2118-T107749.99,DELTA,80,950,81,124,118,yes,75,2000
2025-05-21T14:01:08.040860,KXBTCD-25MAY2118-T107749.99,DELTA,80,950,81,124,119,yes,79,-250
2025-05-21T14:01:08.120275,KXBTCD-25MAY2118-T107749.99,DELTA,75,2000,81,124,120,yes,80,-950
2025-05-21T14:01:08.180271,KXBTCD-25MAY2118-T107749.99,DELTA,75,2000,81,99,121,no,19,-25
2025-05-21T14:01:08.180993,KXBTCD-25MAY2118-T107749.99,DELTA,75,2000,80,25,122,no,20,25
2025-05-21T14:01:08.200349,KXBTCD-25MAY2118-T107749.99,DELTA,75,3000,80,25,123,yes,75,1000
2025-05-21T14:01:08.200654,KXBTCD-25MAY2118-T107749.99,DELTA,75,3000,80,25,124,no,16,-450
2025-05-21T14:01:08.323760,KXBTCD-25MAY2118-T107749.99,DELTA,75,3000,80,25,125,yes,50,-200
2025-05-21T14:01:08.324110,KXBTCD-25MAY2118-T107749.99,DELTA,75,3000,80,25,126,yes,40,200
2025-05-21T14:01:08.324231,KXBTCD-25MAY2118-T107749.99,DELTA,78,200,80,25,127,yes,78,200
2025-05-21T14:01:08.324331,KXBTCD-25MAY2118-T107749.99,DELTA,78,200,80,25,128,no,18,150
2025-05-21T14:01:08.402716,KXBTCD-25MAY2118-T107749.99,DELTA,78,200,80,25,129,yes,75,-1000
2025-05-21T14:01:08.460796,KXBTCD-25MAY2118-T107749.99,DELTA,79,1000,80,25,130,yes,79,1000
2025-05-21T14:01:09.019144,KXBTCD-25MAY2118-T107749.99,DELTA,79,1000,80,25,131,yes,37,-875
2025-05-21T14:01:09.019628,KXBTCD-25MAY2118-T107749.99,DELTA,79,1000,80,25,132,yes,41,790
2025-05-21T14:01:09.140064,KXBTCD-25MAY2118-T107749.99,DELTA,79,1000,80,25,133,no,4,9
2025-05-21T14:01:09.501227,KXBTCD-25MAY2118-T107749.99,DELTA,79,1000,80,25,134,yes,74,-50
2025-05-21T14:01:09.501939,KXBTCD-25MAY2118-T107749.99,DELTA,79,1000,80,25,135,yes,73,50
2025-05-21T14:01:09.581096,KXBTCD-25MAY2118-T107749.99,DELTA,79,1000,80,25,136,yes,78,-200
2025-05-21T14:01:09.599681,KXBTCD-25MAY2118-T107749.99,DELTA,79,1000,80,25,137,yes,75,-2000
2025-05-21T14:01:09.640484,KXBTCD-25MAY2118-T107749.99,DELTA,79,1000,80,25,138,yes,42,2000
2025-05-21T14:01:09.641357,KXBTCD-25MAY2118-T107749.99,DELTA,79,1000,80,25,139,yes,77,400
2025-05-21T14:01:09.680557,KXBTCD-25MAY2118-T107749.99,DELTA,77,400,80,25,140,yes,79,-1000
2025-05-21T14:01:09.739824,KXBTCD-25MAY2118-T107749.99,DELTA,78,1000,80,25,141,yes,78,1000
2025-05-21T14:01:09.960186,KXBTCD-25MAY2118-T107749.99,DELTA,78,1000,80,25,142,yes,77,1250
2025-05-21T14:01:10.060124,KXBTCD-25MAY2118-T107749.99,DELTA,78,1000,80,25,143,yes,77,-1250
2025-05-21T14:01:10.061036,KXBTCD-25MAY2118-T107749.99,DELTA,78,1000,80,25,144,yes,67,-3000
2025-05-21T14:01:10.120433,KXBTCD-25MAY2118-T107749.99,DELTA,78,1000,80,25,145,yes,64,3000
2025-05-21T14:01:10.140313,KXBTCD-25MAY2118-T107749.99,DELTA,78,1000,80,25,146,yes,77,1250
2025-05-21T14:01:10.439006,KXBTCD-25MAY2118-T107749.99,DELTA,78,1000,80,25,147,yes,77,-1250
2025-05-21T14:01:10.679914,KXBTCD-25MAY2118-T107749.99,DELTA,78,1000,80,25,148,no,18,-150
2025-05-21T14:01:10.680195,KXBTCD-25MAY2118-T107749.99,DELTA,78,1000,80,25,149,no,18,350
2025-05-21T14:01:11.142860,KXBTCD-25MAY2118-T107749.99,DELTA,78,1000,80,25,150,yes,73,-24
2025-05-21T14:01:11.143126,KXBTCD-25MAY2118-T107749.99,DELTA,78,1000,80,25,151,yes,71,24
2025-05-21T14:01:11.143330,KXBTCD-25MAY2118-T107749.99,DELTA,78,1000,80,25,152,no,11,24
2025-05-21T14:01:11.143481,KXBTCD-25MAY2118-T107749.99,DELTA,78,1000,80,25,153,no,10,-24
2025-05-21T14:01:11.879142,KXBTCD-25MAY2118-T107749.99,DELTA,78,1000,80,25,154,no,19,-99
2025-05-21T14:01:11.899665,KXBTCD-25MAY2118-T107749.99,DELTA,78,1000,80,25,155,yes,74,-100
2025-05-21T14:01:11.941008,KXBTCD-25MAY2118-T107749.99,DELTA,78,1000,82,350,156,no,20,-25
2025-05-21T14:01:11.941329,KXBTCD-25MAY2118-T107749.99,DELTA,78,1000,81,25,157,no,19,25
2025-05-21T14:01:12.759252,KXBTCD-25MAY2118-T107749.99,DELTA,78,1000,81,25,158,yes,77,1250
2025-05-21T14:01:12.798676,KXBTCD-25MAY2118-T107749.99,DELTA,78,1000,81,25,159,yes,77,-1250
2025-05-21T14:01:13.180495,KXBTCD-25MAY2118-T107749.99,DELTA,78,1000,81,25,160,yes,72,100
2025-05-21T14:01:13.199649,KXBTCD-25MAY2118-T107749.99,DELTA,78,1000,80,100,161,no,20,100
2025-05-21T14:01:13.260250,KXBTCD-25MAY2118-T107749.99,DELTA,78,1000,80,100,162,no,19,-25
2025-05-21T14:01:13.260596,KXBTCD-25MAY2118-T107749.99,DELTA,78,1000,79,25,163,no,21,25
2025-05-21T14:01:16.359909,KXBTCD-25MAY2118-T107749.99,DELTA,78,1000,79,25,164,yes,77,1250
2025-05-21T14:01:16.439710,KXBTCD-25MAY2118-T107749.99,DELTA,78,1000,79,25,165,yes,42,-2000
2025-05-21T14:01:16.500206,KXBTCD-25MAY2118-T107749.99,DELTA,78,1000,79,25,166,yes,77,2000
2025-05-21T14:01:16.719843,KXBTCD-25MAY2118-T107749.99,DELTA,78,1000,79,25,167,yes,73,-50
2025-05-21T14:01:16.720495,KXBTCD-25MAY2118-T107749.99,DELTA,78,1000,79,25,168,yes,74,50
2025-05-21T14:01:16.898825,KXBTCD-25MAY2118-T107749.99,DELTA,78,1000,79,25,169,yes,72,-100
2025-05-21T14:01:17.179107,KXBTCD-25MAY2118-T107749.99,DELTA,78,1000,79,25,170,no,18,-350
2025-05-21T14:01:17.299292,KXBTCD-25MAY2118-T107749.99,DELTA,78,1000,79,25,171,no,4,-9
2025-05-21T14:01:17.299448,KXBTCD-25MAY2118-T107749.99,DELTA,78,1000,79,25,172,no,12,9
2025-05-21T14:01:17.360071,KXBTCD-25MAY2118-T107749.99,DELTA,78,1000,79,25,173,no,17,400
2025-05-21T14:01:17.379999,KXBTCD-25MAY2118-T107749.99,DELTA,78,1000,79,25,174,yes,77,-1250
2025-05-21T14:01:17.438716,KXBTCD-25MAY2118-T107749.99,DELTA,78,2250,79,25,175,yes,78,1250
2025-05-21T14:01:17.560101,KXBTCD-25MAY2118-T107749.99,DELTA,78,2250,79,25,176,no,20,-100
2025-05-21T14:01:17.620206,KXBTCD-25MAY2118-T107749.99,DELTA,78,2250,83,400,177,no,21,-25
2025-05-21T14:01:17.620852,KXBTCD-25MAY2118-T107749.99,DELTA,78,2250,82,25,178,no,18,25
2025-05-21T14:01:17.943465,KXBTCD-25MAY2118-T107749.99,DELTA,78,2250,82,25,179,yes,41,-790
2025-05-21T14:01:17.943924,KXBTCD-25MAY2118-T107749.99,DELTA,78,2250,82,25,180,yes,40,810
2025-05-21T14:01:18.059907,KXBTCD-25MAY2118-T107749.99,DELTA,78,2250,82,25,181,no,4,9
2025-05-21T14:01:18.082812,KXBTCD-25MAY2118-T107749.99,DELTA,78,2250,82,25,182,no,12,-9
2025-05-21T14:01:18.101014,KXBTCD-25MAY2118-T107749.99,DELTA,78,2250,82,25,183,yes,73,100
2025-05-21T14:01:18.440125,KXBTCD-25MAY2118-T107749.99,DELTA,78,2250,83,400,184,no,18,-25
2025-05-21T14:01:18.480096,KXBTCD-25MAY2118-T107749.99,DELTA,78,2250,83,400,185,yes,74,-50
2025-05-21T14:01:18.681040,KXBTCD-25MAY2118-T107749.99,DELTA,78,2250,81,100,186,no,19,100
2025-05-21T14:01:18.999786,KXBTCD-25MAY2118-T107749.99,DELTA,78,2250,81,100,187,yes,77,-400
2025-05-21T14:01:19.059730,KXBTCD-25MAY2118-T107749.99,DELTA,79,50,81,100,188,yes,79,50
2025-05-21T14:01:19.079955,KXBTCD-25MAY2118-T107749.99,DELTA,79,50,81,100,189,yes,77,-2000
2025-05-21T14:01:19.080155,KXBTCD-25MAY2118-T107749.99,DELTA,79,50,81,100,190,yes,78,-1000
2025-05-21T14:01:19.100763,KXBTCD-25MAY2118-T107749.99,DELTA,79,50,81,100,191,yes,78,-1250
2025-05-21T14:01:19.100938,KXBTCD-25MAY2118-T107749.99,DELTA,79,50,81,100,192,no,4,-9
2025-05-21T14:01:19.139931,KXBTCD-25MAY2118-T107749.99,DELTA,79,50,81,100,193,yes,41,2000
2025-05-21T14:01:19.140118,KXBTCD-25MAY2118-T107749.99,DELTA,80,1000,81,100,194,yes,80,1000
2025-05-21T14:01:19.521123,KXBTCD-25MAY2118-T107749.99,DELTA,80,1000,81,100,195,yes,74,50
2025-05-21T14:01:19.621329,KXBTCD-25MAY2118-T107749.99,DELTA,80,1000,81,125,196,no,19,25
2025-05-21T14:01:21.785377,KXBTCD-25MAY2118-T107749.99,DELTA,80,1000,81,125,197,yes,79,-50
2025-05-21T14:01:21.905236,KXBTCD-25MAY2118-T107749.99,DELTA,74,50,81,125,198,yes,80,-1000
2025-05-21T14:01:21.926031,KXBTCD-25MAY2118-T107749.99,DELTA,79,100,81,125,199,yes,79,100
2025-05-21T14:01:21.965978,KXBTCD-25MAY2118-T107749.99,DELTA,79,100,81,125,200,yes,75,1000
2025-05-21T14:01:21.966195,KXBTCD-25MAY2118-T107749.99,DELTA,79,100,81,100,201,no,19,-25
2025-05-21T14:01:21.966297,KXBTCD-25MAY2118-T107749.99,DELTA,79,100,80,25,202,no,20,25
2025-05-21T14:01:22.046759,KXBTCD-25MAY2118-T107749.99,DELTA,79,100,80,25,203,yes,75,-1000
2025-05-21T14:01:22.086336,KXBTCD-25MAY2118-T107749.99,DELTA,79,100,81,100,204,no,20,-25
2025-05-21T14:01:22.086487,KXBTCD-25MAY2118-T107749.99,DELTA,80,975,81,100,205,yes,80,975
2025-05-21T14:01:22.147172,KXBTCD-25MAY2118-T107749.99,DELTA,80,975,81,100,206,yes,74,-50
2025-05-21T14:01:22.365530,KXBTCD-25MAY2118-T107749.99,DELTA,80,975,81,100,207,yes,74,50
2025-05-21T14:01:22.446187,KXBTCD-25MAY2118-T107749.99,DELTA,80,975,81,100,208,yes,74,-50
2025-05-21T14:01:23.489079,KXBTCD-25MAY2118-T107749.99,DELTA,80,975,81,100,209,yes,74,50
2025-05-21T14:01:23.528506,KXBTCD-25MAY2118-T107749.99,DELTA,80,975,81,100,210,yes,74,-50
2025-05-21T14:01:23.547875,KXBTCD-25MAY2118-T107749.99,DELTA,80,975,81,100,211,yes,73,-100
2025-05-21T14:01:24.530183,KXBTCD-25MAY2118-T107749.99,DELTA,80,975,81,100,212,yes,74,100
2025-05-21T14:01:24.569638,KXBTCD-25MAY2118-T107749.99,DELTA,80,975,81,100,213,yes,74,50
2025-05-21T14:01:24.609973,KXBTCD-25MAY2118-T107749.99,DELTA,80,975,81,100,214,yes,74,-50
2025-05-21T14:01:24.651099,KXBTCD-25MAY2118-T107749.99,DELTA,80,975,81,100,215,yes,41,-2000
2025-05-21T14:01:24.690437,KXBTCD-25MAY2118-T107749.99,DELTA,80,975,81,100,216,yes,41,2000
2025-05-21T14:01:24.974058,KXBTCD-25MAY2118-T107749.99,DELTA,80,975,81,100,217,yes,79,-100
2025-05-21T14:01:25.091284,KXBTCD-25MAY2118-T107749.99,DELTA,74,100,81,100,218,yes,80,-975
2025-05-21T14:01:25.172220,KXBTCD-25MAY2118-T107749.99,DELTA,75,1000,81,100,219,yes,75,1000
2025-05-21T14:01:25.352038,KXBTCD-25MAY2118-T107749.99,DELTA,78,50,81,100,220,yes,78,50
2025-05-21T14:01:25.451910,KXBTCD-25MAY2118-T107749.99,DELTA,78,50,81,100,221,yes,75,-1000
2025-05-21T14:01:25.510861,KXBTCD-25MAY2118-T107749.99,DELTA,79,1000,81,100,222,yes,79,1000
2025-05-21T14:01:25.650905,KXBTCD-25MAY2118-T107749.99,DELTA,79,1000,81,100,223,yes,74,50
2025-05-21T14:01:25.752739,KXBTCD-25MAY2118-T107749.99,DELTA,79,1000,81,100,224,yes,41,-2000
2025-05-21T14:01:25.859598,KXBTCD-25MAY2118-T107749.99,DELTA,79,1000,81,100,225,yes,75,2000
2025-05-21T14:01:26.593253,KXBTCD-25MAY2118-T107749.99,DELTA,79,1000,81,100,226,yes,78,-50
2025-05-21T14:01:26.641739,KXBTCD-25MAY2118-T107749.99,DELTA,79,1000,81,100,227,yes,78,150
2025-05-21T14:01:26.693076,KXBTCD-25MAY2118-T107749.99,DELTA,78,150,81,100,228,yes,79,-1000
2025-05-21T14:01:26.752888,KXBTCD-25MAY2118-T107749.99,DELTA,79,1000,81,100,229,yes,79,1000
2025-05-21T14:01:29.196703,KXBTCD-25MAY2118-T107749.99,DELTA,79,1000,81,100,230,yes,78,-150
2025-05-21T14:01:29.197278,KXBTCD-25MAY2118-T107749.99,DELTA,79,1000,81,100,231,no,17,-400
2025-05-21T14:01:29.276918,KXBTCD-25MAY2118-T107749.99,DELTA,75,2000,81,100,232,yes,79,-1000
2025-05-21T14:01:29.315550,KXBTCD-25MAY2118-T107749.99,DELTA,77,200,81,100,233,yes,77,200
2025-05-21T14:01:29.315912,KXBTCD-25MAY2118-T107749.99,DELTA,77,200,81,200,234,no,19,100
2025-05-21T14:01:29.338044,KXBTCD-25MAY2118-T107749.99,DELTA,77,200,81,200,235,yes,75,1000
2025-05-21T14:01:29.355160,KXBTCD-25MAY2118-T107749.99,DELTA,77,200,81,100,236,no,19,-100
2025-05-21T14:01:29.375619,KXBTCD-25MAY2118-T107749.99,DELTA,77,200,81,100,237,yes,74,-100
2025-05-21T14:01:29.395674,KXBTCD-25MAY2118-T107749.99,DELTA,77,200,81,100,238,yes,75,-1000
2025-05-21T14:01:29.436738,KXBTCD-25MAY2118-T107749.99,DELTA,78,1000,81,100,239,yes,78,1000
2025-05-21T14:01:29.456069,KXBTCD-25MAY2118-T107749.99,DELTA,78,1000,81,100,240,yes,75,-2000
2025-05-21T14:01:29.535147,KXBTCD-25MAY2118-T107749.99,DELTA,78,1000,81,100,241,yes,41,2000
2025-05-21T14:01:30.638780,KXBTCD-25MAY2118-T107749.99,DELTA,78,1000,81,100,242,yes,74,-50
2025-05-21T14:01:30.639141,KXBTCD-25MAY2118-T107749.99,DELTA,78,1000,81,100,243,yes,72,50
2025-05-21T14:01:30.740007,KXBTCD-25MAY2118-T107749.99,DELTA,78,1000,89,24,244,no,19,-100
2025-05-21T14:01:30.757055,KXBTCD-25MAY2118-T107749.99,DELTA,78,1000,88,9,245,no,12,9
2025-05-21T14:01:30.777995,KXBTCD-25MAY2118-T107749.99,DELTA,78,1000,80,100,246,no,20,100
2025-05-21T14:01:30.778418,KXBTCD-25MAY2118-T107749.99,DELTA,78,1000,80,100,247,yes,72,100
2025-05-21T14:01:30.819239,KXBTCD-25MAY2118-T107749.99,DELTA,78,1000,80,100,248,yes,77,-200
2025-05-21T14:01:30.879171,KXBTCD-25MAY2118-T107749.99,DELTA,78,1000,80,100,249,yes,41,-2000
2025-05-21T14:01:30.939325,KXBTCD-25MAY2118-T107749.99,DELTA,72,150,80,100,250,yes,78,-1000
2025-05-21T14:01:30.939976,KXBTCD-25MAY2118-T107749.99,DELTA,76,350,80,100,251,yes,76,350
2025-05-21T14:01:30.957982,KXBTCD-25MAY2118-T107749.99,DELTA,76,350,80,100,252,yes,73,2000
2025-05-21T14:01:30.958612,KXBTCD-25MAY2118-T107749.99,DELTA,76,350,80,100,253,no,19,350
2025-05-21T14:01:31.018447,KXBTCD-25MAY2118-T107749.99,DELTA,76,350,80,100,254,yes,73,1000
2025-05-21T14:01:31.097461,KXBTCD-25MAY2118-T107749.99,DELTA,76,350,80,100,255,yes,73,-1000
2025-05-21T14:01:31.257795,KXBTCD-25MAY2118-T107749.99,DELTA,77,1000,80,100,256,yes,77,1000
2025-05-21T14:01:31.979348,KXBTCD-25MAY2118-T107749.99,DELTA,77,1000,80,100,257,yes,40,-810
2025-05-21T14:01:31.980320,KXBTCD-25MAY2118-T107749.99,DELTA,77,1000,80,100,258,yes,37,875
2025-05-21T14:01:32.099391,KXBTCD-25MAY2118-T107749.99,DELTA,77,1000,80,100,259,no,12,-9
2025-05-21T14:01:32.100396,KXBTCD-25MAY2118-T107749.99,DELTA,77,1000,80,100,260,no,4,9
2025-05-21T14:01:33.679043,KXBTCD-25MAY2118-T107749.99,DELTA,77,1000,81,350,261,no,20,-100
2025-05-21T14:01:34.782136,KXBTCD-25MAY2118-T107749.99,DELTA,77,1000,79,100,262,no,21,100
2025-05-21T14:01:35.521975,KXBTCD-25MAY2118-T107749.99,DELTA,77,1000,79,100,263,yes,76,-350
2025-05-21T14:01:35.542128,KXBTCD-25MAY2118-T107749.99,DELTA,77,1000,79,100,264,no,19,-350
2025-05-21T14:01:35.621957,KXBTCD-25MAY2118-T107749.99,DELTA,77,1000,79,100,265,yes,75,200
2025-05-21T14:01:35.622133,KXBTCD-25MAY2118-T107749.99,DELTA,75,200,79,100,266,yes,77,-1000
2025-05-21T14:01:35.622223,KXBTCD-25MAY2118-T107749.99,DELTA,75,200,79,150,267,no,21,50
2025-05-21T14:01:35.809720,KXBTCD-25MAY2118-T107749.99,DELTA,75,200,79,150,268,yes,73,1000
2025-05-21T14:01:35.810213,KXBTCD-25MAY2118-T107749.99,DELTA,75,200,79,150,269,yes,73,-1000
2025-05-21T14:01:35.810802,KXBTCD-25MAY2118-T107749.99,DELTA,76,1000,79,150,270,yes,76,1000
2025-05-21T14:01:36.622322,KXBTCD-25MAY2118-T107749.99,DELTA,76,1000,79,100,271,no,21,-50
2025-05-21T14:01:36.741818,KXBTCD-25MAY2118-T107749.99,DELTA,76,1000,79,100,272,no,4,-9
2025-05-21T14:01:36.742627,KXBTCD-25MAY2118-T107749.99,DELTA,76,1000,79,100,273,no,12,9
2025-05-21T14:01:36.802635,KXBTCD-25MAY2118-T107749.99,DELTA,76,1000,79,100,274,no,20,350
2025-05-21T14:01:39.304168,KXBTCD-25MAY2118-T107749.99,DELTA,76,1000,79,100,275,yes,73,-2000
2025-05-21T14:01:39.363698,KXBTCD-25MAY2118-T107749.99,DELTA,76,1000,79,100,276,yes,75,2000
2025-05-21T14:01:39.424779,KXBTCD-25MAY2118-T107749.99,DELTA,76,1000,79,100,277,no,4,9
2025-05-21T14:01:39.425182,KXBTCD-25MAY2118-T107749.99,DELTA,76,1000,79,100,278,no,12,-9
2025-05-21T14:01:40.650279,KXBTCD-25MAY2118-T107749.99,DELTA,76,1000,79,100,279,yes,75,-2000
2025-05-21T14:01:40.684397,KXBTCD-25MAY2118-T107749.99,DELTA,76,1000,79,100,280,yes,73,2000
2025-05-21T14:01:41.150200,KXBTCD-25MAY2118-T107749.99,DELTA,76,1000,79,100,281,yes,70,24
2025-05-21T14:01:41.150808,KXBTCD-25MAY2118-T107749.99,DELTA,76,1000,79,100,282,yes,71,-24
2025-05-21T14:01:41.151038,KXBTCD-25MAY2118-T107749.99,DELTA,76,1000,79,100,283,no,11,-24
2025-05-21T14:01:41.151205,KXBTCD-25MAY2118-T107749.99,DELTA,76,1000,79,100,284,no,13,24
2025-05-21T14:01:41.304802,KXBTCD-25MAY2118-T107749.99,DELTA,76,1000,79,100,285,yes,72,-50
2025-05-21T14:01:41.305715,KXBTCD-25MAY2118-T107749.99,DELTA,76,1000,79,100,286,yes,71,50
2025-05-21T14:01:41.385477,KXBTCD-25MAY2118-T107749.99,DELTA,76,1000,79,100,287,yes,73,-2000
2025-05-21T14:01:41.406338,KXBTCD-25MAY2118-T107749.99,DELTA,76,1000,79,100,288,yes,75,-200
2025-05-21T14:01:41.425773,KXBTCD-25MAY2118-T107749.99,DELTA,76,1000,79,100,289,yes,41,2000
2025-05-21T14:01:41.444982,KXBTCD-25MAY2118-T107749.99,DELTA,76,1000,80,350,290,no,21,-100
2025-05-21T14:01:41.445269,KXBTCD-25MAY2118-T107749.99,DELTA,76,1000,80,350,291,yes,72,-100
2025-05-21T14:01:41.465029,KXBTCD-25MAY2118-T107749.99,DELTA,76,1000,80,350,292,yes,37,-875
2025-05-21T14:01:41.465284,KXBTCD-25MAY2118-T107749.99,DELTA,76,1000,80,350,293,yes,36,900
2025-05-21T14:01:41.484478,KXBTCD-25MAY2118-T107749.99,DELTA,76,1000,80,350,294,yes,75,50
2025-05-21T14:01:41.484731,KXBTCD-25MAY2118-T107749.99,DELTA,75,50,80,350,295,yes,76,-1000
2025-05-21T14:01:41.545032,KXBTCD-25MAY2118-T107749.99,DELTA,75,50,80,350,296,yes,72,1000
2025-05-21T14:01:41.584526,KXBTCD-25MAY2118-T107749.99,DELTA,75,50,80,350,297,yes,72,-1000
2025-05-21T14:01:41.645141,KXBTCD-25MAY2118-T107749.99,DELTA,76,1000,80,350,298,yes,76,1000
2025-05-21T14:01:41.807183,KXBTCD-25MAY2118-T107749.99,DELTA,76,1000,80,350,299,yes,75,-50
2025-05-21T14:01:41.846446,KXBTCD-25MAY2118-T107749.99,DELTA,76,1000,80,350,300,yes,75,100
2025-05-21T14:01:41.905739,KXBTCD-25MAY2118-T107749.99,DELTA,75,100,80,350,301,yes,76,-1000
2025-05-21T14:01:41.944989,KXBTCD-25MAY2118-T107749.99,DELTA,76,1000,80,350,302,yes,76,1000
2025-05-21T14:01:42.646922,KXBTCD-25MAY2118-T107749.99,DELTA,76,1000,80,350,303,yes,70,100
2025-05-21T14:01:42.647958,KXBTCD-25MAY2118-T107749.99,DELTA,76,1000,78,100,304,no,22,100
2025-05-21T14:01:45.706974,KXBTCD-25MAY2118-T107749.99,DELTA,76,1000,78,100,305,yes,64,-3000
2025-05-21T14:01:45.767034,KXBTCD-25MAY2118-T107749.99,DELTA,76,1000,78,100,306,yes,59,3000
2025-05-21T14:01:46.155152,KXBTCD-25MAY2118-T107749.99,DELTA,76,1000,78,100,307,yes,75,-100
2025-05-21T14:01:46.387769,KXBTCD-25MAY2118-T107749.99,DELTA,71,50,78,100,308,yes,76,-1000
2025-05-21T14:01:46.508260,KXBTCD-25MAY2118-T107749.99,DELTA,72,1000,78,100,309,yes,72,1000
2025-05-21T14:01:46.587946,KXBTCD-25MAY2118-T107749.99,DELTA,76,100,78,100,310,yes,76,100
2025-05-21T14:01:46.788026,KXBTCD-25MAY2118-T107749.99,DELTA,76,100,78,100,311,yes,72,-1000
2025-05-21T14:01:46.988079,KXBTCD-25MAY2118-T107749.99,DELTA,77,1000,78,100,312,yes,77,1000
2025-05-21T14:01:47.588588,KXBTCD-25MAY2118-T107749.99,DELTA,77,1000,78,100,313,yes,70,-100
2025-05-21T14:01:48.713658,KXBTCD-25MAY2118-T107749.99,DELTA,77,1000,78,100,314,yes,70,100
2025-05-21T14:01:49.708455,KXBTCD-25MAY2118-T107749.99,DELTA,77,1000,78,100,315,yes,70,-100
2025-05-21T14:01:50.455670,KXBTCD-25MAY2118-T107749.99,DELTA,77,1000,78,100,316,yes,70,100
2025-05-21T14:01:50.627665,KXBTCD-25MAY2118-T107749.99,DELTA,77,1000,78,100,317,yes,70,-100
2025-05-21T14:01:51.447441,KXBTCD-25MAY2118-T107749.99,DELTA,77,1000,78,100,318,yes,71,100
2025-05-21T14:01:51.527622,KXBTCD-25MAY2118-T107749.99,DELTA,77,1000,78,100,319,yes,41,-2000
2025-05-21T14:01:51.568795,KXBTCD-25MAY2118-T107749.99,DELTA,77,1000,78,100,320,yes,72,2000
2025-05-21T14:01:53.118477,KXBTCD-25MAY2118-T107749.99,DELTA,77,1000,78,100,321,yes,36,-900
2025-05-21T14:01:53.119046,KXBTCD-25MAY2118-T107749.99,DELTA,77,1000,78,100,322,yes,37,875
2025-05-21T14:01:53.490023,KXBTCD-25MAY2118-T107749.99,DELTA,77,1000,80,350,323,no,22,-100
2025-05-21T14:01:54.249639,KXBTCD-25MAY2118-T107749.99,DELTA,77,1000,80,350,324,yes,76,-100
2025-05-21T14:01:54.289117,KXBTCD-25MAY2118-T107749.99,DELTA,77,1000,80,350,325,yes,76,250
2025-05-21T14:01:54.378614,KXBTCD-25MAY2118-T107749.99,DELTA,76,250,80,350,326,yes,77,-1000
2025-05-21T14:01:54.379748,KXBTCD-25MAY2118-T107749.99,DELTA,77,1000,80,350,327,yes,77,1000
2025-05-21T14:01:54.470570,KXBTCD-25MAY2118-T107749.99,DELTA,77,1000,80,350,328,yes,71,-50
2025-05-21T14:01:54.471653,KXBTCD-25MAY2118-T107749.99,DELTA,77,1000,80,350,329,yes,72,50
2025-05-21T14:01:54.510657,KXBTCD-25MAY2118-T107749.99,DELTA,77,1000,80,350,330,yes,71,-100
2025-05-21T14:01:54.533826,KXBTCD-25MAY2118-T107749.99,DELTA,77,1000,87,24,331,no,20,-350
2025-05-21T14:01:54.534871,KXBTCD-25MAY2118-T107749.99,DELTA,77,1000,87,24,332,yes,72,-2000
2025-05-21T14:01:54.569406,KXBTCD-25MAY2118-T107749.99,DELTA,77,1000,87,24,333,yes,76,1250
2025-05-21T14:01:54.652171,KXBTCD-25MAY2118-T107749.99,DELTA,77,1000,87,24,334,yes,76,2000
2025-05-21T14:01:54.771572,KXBTCD-25MAY2118-T107749.99,DELTA,77,1000,79,100,335,no,21,100
2025-05-21T14:01:54.851337,KXBTCD-25MAY2118-T107749.99,DELTA,77,1000,79,100,336,no,19,50
2025-05-21T14:01:55.170050,KXBTCD-25MAY2118-T107749.99,DELTA,77,1000,79,100,337,yes,76,-2000
2025-05-21T14:01:55.171059,KXBTCD-25MAY2118-T107749.99,DELTA,77,1000,79,100,338,yes,76,-1250
2025-05-21T14:01:55.270073,KXBTCD-25MAY2118-T107749.99,DELTA,77,1000,79,100,339,yes,76,2000
2025-05-21T14:01:55.270794,KXBTCD-25MAY2118-T107749.99,DELTA,77,2250,79,100,340,yes,77,1250
2025-05-21T14:01:55.289743,KXBTCD-25MAY2118-T107749.99,DELTA,77,2250,79,100,341,yes,76,-250
2025-05-21T14:01:55.310044,KXBTCD-25MAY2118-T107749.99,DELTA,77,2250,79,100,342,no,4,-9
2025-05-21T14:01:55.310297,KXBTCD-25MAY2118-T107749.99,DELTA,77,2250,79,100,343,no,19,-50
2025-05-21T14:01:55.310430,KXBTCD-25MAY2118-T107749.99,DELTA,77,2250,79,100,344,no,14,9
2025-05-21T14:01:55.369295,KXBTCD-25MAY2118-T107749.99,DELTA,77,2250,79,100,345,yes,76,-2000
2025-05-21T14:01:55.389383,KXBTCD-25MAY2118-T107749.99,DELTA,77,1250,79,100,346,yes,77,-1000
2025-05-21T14:01:55.390067,KXBTCD-25MAY2118-T107749.99,DELTA,77,1550,79,100,347,yes,77,300
2025-05-21T14:01:55.390590,KXBTCD-25MAY2118-T107749.99,DELTA,77,1550,79,100,348,no,18,400
2025-05-21T14:01:55.391029,KXBTCD-25MAY2118-T107749.99,DELTA,77,300,79,100,349,yes,77,-1250
2025-05-21T14:01:55.429193,KXBTCD-25MAY2118-T107749.99,DELTA,77,300,79,100,350,yes,73,1000
2025-05-21T14:01:55.449102,KXBTCD-25MAY2118-T107749.99,DELTA,77,300,79,100,351,yes,41,2000
2025-05-21T14:01:55.469378,KXBTCD-25MAY2118-T107749.99,DELTA,77,1550,79,100,352,yes,77,1250
2025-05-21T14:01:55.529123,KXBTCD-25MAY2118-T107749.99,DELTA,77,1550,79,100,353,yes,73,-1000
2025-05-21T14:01:55.590484,KXBTCD-25MAY2118-T107749.99,DELTA,78,1000,79,100,354,yes,78,1000
2025-05-21T14:01:55.629971,KXBTCD-25MAY2118-T107749.99,DELTA,78,1000,79,100,355,yes,72,100
2025-05-21T14:01:55.708644,KXBTCD-25MAY2118-T107749.99,DELTA,78,1000,79,100,356,yes,41,-2000
2025-05-21T14:01:55.749473,KXBTCD-25MAY2118-T107749.99,DELTA,78,1000,79,100,357,yes,73,2000
2025-05-21T14:01:59.070240,KXBTCD-25MAY2118-T107749.99,DELTA,78,1000,79,100,358,yes,70,-24
2025-05-21T14:01:59.071334,KXBTCD-25MAY2118-T107749.99,DELTA,78,1000,79,100,359,yes,71,24
2025-05-21T14:01:59.072288,KXBTCD-25MAY2118-T107749.99,DELTA,78,1000,79,100,360,no,13,-24
2025-05-21T14:01:59.072734,KXBTCD-25MAY2118-T107749.99,DELTA,78,1000,79,100,361,no,11,24
2025-05-21T14:01:59.090401,KXBTCD-25MAY2118-T107749.99,DELTA,78,1000,79,100,362,yes,73,-2000
2025-05-21T14:01:59.109530,KXBTCD-25MAY2118-T107749.99,DELTA,78,1000,79,100,363,yes,72,-50
2025-05-21T14:01:59.110211,KXBTCD-25MAY2118-T107749.99,DELTA,78,1000,79,100,364,yes,74,50
2025-05-21T14:01:59.170895,KXBTCD-25MAY2118-T107749.99,DELTA,78,1000,79,100,365,yes,77,2000
2025-05-21T14:01:59.190577,KXBTCD-25MAY2118-T107749.99,DELTA,78,1000,79,100,366,no,14,-9
2025-05-21T14:01:59.331089,KXBTCD-25MAY2118-T107749.99,DELTA,78,1000,79,100,367,no,18,-400
2025-05-21T14:01:59.350315,KXBTCD-25MAY2118-T107749.99,DELTA,78,1000,79,100,368,yes,77,-1250
2025-05-21T14:01:59.470479,KXBTCD-25MAY2118-T107749.99,DELTA,78,2250,79,100,369,yes,78,1250
2025-05-21T14:01:59.471308,KXBTCD-25MAY2118-T107749.99,DELTA,78,2250,79,100,370,no,17,350
2025-05-21T14:01:59.552014,KXBTCD-25MAY2118-T107749.99,DELTA,78,2250,83,350,371,no,21,-100
2025-05-21T14:01:59.811050,KXBTCD-25MAY2118-T107749.99,DELTA,78,2250,83,350,372,yes,77,-300
2025-05-21T14:01:59.849928,KXBTCD-25MAY2118-T107749.99,DELTA,78,2250,83,350,373,yes,72,-100
2025-05-21T14:01:59.891013,KXBTCD-25MAY2118-T107749.99,DELTA,78,2250,83,350,374,yes,77,-2000
2025-05-21T14:01:59.909660,KXBTCD-25MAY2118-T107749.99,DELTA,78,1250,83,350,375,yes,78,-1000
2025-05-21T14:01:59.910022,KXBTCD-25MAY2118-T107749.99,DELTA,74,50,83,350,376,yes,78,-1250
2025-05-21T14:01:59.950070,KXBTCD-25MAY2118-T107749.99,DELTA,79,150,83,350,377,yes,79,150
2025-05-21T14:01:59.950352,KXBTCD-25MAY2118-T107749.99,DELTA,79,150,83,350,378,yes,75,1000
2025-05-21T14:01:59.970024,KXBTCD-25MAY2118-T107749.99,DELTA,79,150,83,350,379,yes,41,2000
2025-05-21T14:01:59.970312,KXBTCD-25MAY2118-T107749.99,DELTA,79,150,83,350,380,no,4,9
2025-05-21T14:02:00.036486,KXBTCD-25MAY2118-T107749.99,DELTA,79,150,83,350,381,yes,75,-1000
2025-05-21T14:02:00.109721,KXBTCD-25MAY2118-T107749.99,DELTA,80,1000,83,350,382,yes,80,1000
2025-05-21T14:02:00.529632,KXBTCD-25MAY2118-T107749.99,DELTA,80,1000,81,100,383,no,19,100
2025-05-21T14:02:01.310724,KXBTCD-25MAY2118-T107749.99,DELTA,80,1000,81,100,384,yes,73,100
2025-05-21T14:02:01.851481,KXBTCD-25MAY2118-T107749.99,DELTA,80,1000,81,100,385,yes,79,-150
2025-05-21T14:02:01.930717,KXBTCD-25MAY2118-T107749.99,DELTA,74,50,81,100,386,yes,80,-1000
2025-05-21T14:02:01.950386,KXBTCD-25MAY2118-T107749.99,DELTA,78,250,81,100,387,yes,78,250
2025-05-21T14:02:01.970922,KXBTCD-25MAY2118-T107749.99,DELTA,78,250,81,100,388,yes,75,1000
2025-05-21T14:02:02.030484,KXBTCD-25MAY2118-T107749.99,DELTA,78,1500,81,100,389,yes,78,1250
2025-05-21T14:02:02.031018,KXBTCD-25MAY2118-T107749.99,DELTA,78,1500,81,100,390,yes,75,-1000
2025-05-21T14:02:02.070815,KXBTCD-25MAY2118-T107749.99,DELTA,79,1000,81,100,391,yes,79,1000
2025-05-21T14:02:02.150639,KXBTCD-25MAY2118-T107749.99,DELTA,79,1000,81,100,392,yes,78,-1250
2025-05-21T14:02:04.449410,KXBTCD-25MAY2118-T107749.99,DELTA,79,1000,81,100,393,yes,78,1250
2025-05-21T14:02:05.730337,KXBTCD-25MAY2118-T107749.99,DELTA,79,1000,81,100,394,yes,78,-1250
2025-05-21T14:02:08.352254,KXBTCD-25MAY2118-T107749.99,DELTA,79,1000,81,100,395,yes,78,-250
2025-05-21T14:02:08.396114,KXBTCD-25MAY2118-T107749.99,DELTA,79,1000,81,100,396,yes,77,350
2025-05-21T14:02:08.451252,KXBTCD-25MAY2118-T107749.99,DELTA,77,350,81,100,397,yes,79,-1000
2025-05-21T14:02:08.490785,KXBTCD-25MAY2118-T107749.99,DELTA,77,1600,81,100,398,yes,77,1250
2025-05-21T14:02:08.491501,KXBTCD-25MAY2118-T107749.99,DELTA,78,1000,81,100,399,yes,78,1000
2025-05-21T14:02:08.531093,KXBTCD-25MAY2118-T107749.99,DELTA,78,1000,81,100,400,yes,41,-2000
2025-05-21T14:02:08.596068,KXBTCD-25MAY2118-T107749.99,DELTA,78,1000,81,100,401,yes,77,2000
2025-05-21T14:02:08.730531,KXBTCD-25MAY2118-T107749.99,DELTA,78,1000,81,100,402,yes,74,-50
2025-05-21T14:02:08.730722,KXBTCD-25MAY2118-T107749.99,DELTA,78,1000,81,100,403,yes,73,50
2025-05-21T14:02:08.730892,KXBTCD-25MAY2118-T107749.99,DELTA,78,1000,81,100,404,yes,77,-2000
2025-05-21T14:02:08.770424,KXBTCD-25MAY2118-T107749.99,DELTA,78,1000,81,100,405,yes,41,2000
2025-05-21T14:02:08.809953,KXBTCD-25MAY2118-T107749.99,DELTA,78,1000,81,100,406,yes,41,-2000
2025-05-21T14:02:08.871601,KXBTCD-25MAY2118-T107749.99,DELTA,78,1000,81,100,407,yes,74,2000
2025-05-21T14:02:09.030737,KXBTCD-25MAY2118-T107749.99,DELTA,78,1000,81,100,408,no,17,-350
2025-05-21T14:02:09.110924,KXBTCD-25MAY2118-T107749.99,DELTA,78,1000,81,150,409,no,19,50
2025-05-21T14:02:09.156634,KXBTCD-25MAY2118-T107749.99,DELTA,78,1000,81,100,410,no,19,-50
2025-05-21T14:02:09.191807,KXBTCD-25MAY2118-T107749.99,DELTA,78,1000,89,24,411,no,19,-100
2025-05-21T14:02:09.211439,KXBTCD-25MAY2118-T107749.99,DELTA,78,1000,81,100,412,no,19,100
2025-05-21T14:02:09.231994,KXBTCD-25MAY2118-T107749.99,DELTA,78,1000,81,100,413,no,4,-9
2025-05-21T14:02:09.232694,KXBTCD-25MAY2118-T107749.99,DELTA,78,1000,81,100,414,no,12,9
2025-05-21T14:02:09.752629,KXBTCD-25MAY2118-T107749.99,DELTA,78,1000,81,100,415,yes,77,-1250
2025-05-21T14:02:09.833687,KXBTCD-25MAY2118-T107749.99,DELTA,78,1000,88,9,416,no,19,-100
2025-05-21T14:02:09.884130,KXBTCD-25MAY2118-T107749.99,DELTA,78,1000,82,400,417,no,18,400
2025-05-21T14:02:10.011647,KXBTCD-25MAY2118-T107749.99,DELTA,78,1000,82,400,418,no,12,-9
2025-05-21T14:02:10.012557,KXBTCD-25MAY2118-T107749.99,DELTA,78,1000,82,400,419,no,4,9
2025-05-21T14:02:10.132792,KXBTCD-25MAY2118-T107749.99,DELTA,78,1000,82,400,420,yes,77,1250
2025-05-21T14:02:10.611671,KXBTCD-25MAY2118-T107749.99,DELTA,78,1000,82,400,421,yes,77,-1250
2025-05-21T14:02:11.010852,KXBTCD-25MAY2118-T107749.99,DELTA,78,1000,80,100,422,no,20,100
2025-05-21T14:02:11.131707,KXBTCD-25MAY2118-T107749.99,DELTA,78,1000,80,100,423,no,4,-9
2025-05-21T14:02:20.051724,KXBTCD-25MAY2118-T107749.99,DELTA,78,1000,80,100,424,yes,77,1250
2025-05-21T14:02:20.071141,KXBTCD-25MAY2118-T107749.99,DELTA,78,1000,80,100,425,yes,73,-50
2025-05-21T14:02:20.071294,KXBTCD-25MAY2118-T107749.99,DELTA,78,1000,80,100,426,yes,74,50
2025-05-21T14:02:20.132181,KXBTCD-25MAY2118-T107749.99,DELTA,78,1000,80,100,427,yes,74,-2000
2025-05-21T14:02:20.172085,KXBTCD-25MAY2118-T107749.99,DELTA,78,1000,80,100,428,yes,41,2000
2025-05-21T14:02:20.511201,KXBTCD-25MAY2118-T107749.99,DELTA,78,1000,80,100,429,no,18,-400
2025-05-21T14:02:20.592119,KXBTCD-25MAY2118-T107749.99,DELTA,78,1000,80,100,430,no,18,50
2025-05-21T14:02:20.671565,KXBTCD-25MAY2118-T107749.99,DELTA,78,1000,80,100,431,no,18,-50
2025-05-21T14:02:20.731757,KXBTCD-25MAY2118-T107749.99,DELTA,78,1000,80,100,432,no,17,400
2025-05-21T14:02:20.812252,KXBTCD-25MAY2118-T107749.99,DELTA,78,1000,80,100,433,yes,77,-350
2025-05-21T14:02:20.812378,KXBTCD-25MAY2118-T107749.99,DELTA,78,1000,80,100,434,yes,41,-2000
2025-05-21T14:02:20.872954,KXBTCD-25MAY2118-T107749.99,DELTA,78,1350,80,100,435,yes,78,350
2025-05-21T14:02:20.893356,KXBTCD-25MAY2118-T107749.99,DELTA,78,350,80,100,436,yes,78,-1000
2025-05-21T14:02:20.912297,KXBTCD-25MAY2118-T107749.99,DELTA,78,350,80,100,437,yes,77,-1250
2025-05-21T14:02:20.912735,KXBTCD-25MAY2118-T107749.99,DELTA,78,350,80,100,438,yes,77,2000
2025-05-21T14:02:20.972050,KXBTCD-25MAY2118-T107749.99,DELTA,78,350,80,100,439,yes,77,-2000
2025-05-21T14:02:20.972198,KXBTCD-25MAY2118-T107749.99,DELTA,79,1000,80,100,440,yes,79,1000
2025-05-21T14:02:21.012067,KXBTCD-25MAY2118-T107749.99,DELTA,79,1000,80,100,441,yes,41,2000
2025-05-21T14:02:21.570992,KXBTCD-25MAY2118-T107749.99,DELTA,79,1000,80,100,442,yes,78,1250
2025-05-21T14:02:22.231214,KXBTCD-25MAY2118-T107749.99,DELTA,79,1000,80,100,443,yes,78,-1250
2025-05-21T14:02:23.596699,KXBTCD-25MAY2118-T107749.99,DELTA,79,1000,80,100,444,yes,78,1250
2025-05-21T14:02:23.728841,KXBTCD-25MAY2118-T107749.99,DELTA,79,1000,80,100,445,yes,41,-2000
2025-05-21T14:02:23.770387,KXBTCD-25MAY2118-T107749.99,DELTA,79,1000,80,100,446,yes,78,2000
2025-05-21T14:02:23.831899,KXBTCD-25MAY2118-T107749.99,DELTA,79,1000,80,100,447,yes,78,-2000
2025-05-21T14:02:23.891598,KXBTCD-25MAY2118-T107749.99,DELTA,79,1000,80,100,448,yes,41,2000
2025-05-21T14:02:23.911503,KXBTCD-25MAY2118-T107749.99,DELTA,79,1000,80,99,449,no,20,-1
2025-05-21T14:02:27.491427,KXBTCD-25MAY2118-T107749.99,DELTA,79,1000,80,99,450,yes,78,-1250
2025-05-21T14:02:32.137585,KXBTCD-25MAY2118-T107749.99,DELTA,79,1000,80,99,451,yes,71,-24
2025-05-21T14:02:32.137787,KXBTCD-25MAY2118-T107749.99,DELTA,79,1000,80,99,452,yes,73,24
2025-05-21T14:02:32.138079,KXBTCD-25MAY2118-T107749.99,DELTA,79,1000,80,99,453,no,10,24
2025-05-21T14:02:32.138195,KXBTCD-25MAY2118-T107749.99,DELTA,79,1000,80,99,454,no,11,-24
2025-05-21T14:02:33.473703,KXBTCD-25MAY2118-T107749.99,DELTA,79,1000,83,400,455,no,20,-99
2025-05-21T14:02:33.491688,KXBTCD-25MAY2118-T107749.99,DELTA,79,1000,83,400,456,yes,73,-100
2025-05-21T14:02:33.572511,KXBTCD-25MAY2118-T107749.99,DELTA,79,1000,83,400,457,no,4,9
2025-05-21T14:02:34.831700,KXBTCD-25MAY2118-T107749.99,DELTA,79,1000,83,400,458,yes,74,100
2025-05-21T14:02:34.831852,KXBTCD-25MAY2118-T107749.99,DELTA,79,1000,82,100,459,no,18,100
2025-05-21T14:02:34.932362,KXBTCD-25MAY2118-T107749.99,DELTA,79,1000,82,100,460,yes,41,-2000
2025-05-21T14:02:34.932513,KXBTCD-25MAY2118-T107749.99,DELTA,79,1000,82,100,461,no,4,-9
2025-05-21T14:02:34.991644,KXBTCD-25MAY2118-T107749.99,DELTA,79,1000,82,100,462,yes,75,2000
2025-05-21T14:02:38.572315,KXBTCD-25MAY2118-T107749.99,DELTA,79,1000,82,100,463,yes,78,1250
2025-05-21T14:02:43.052907,KXBTCD-25MAY2118-T107749.99,DELTA,79,1000,82,100,464,yes,37,-875
2025-05-21T14:02:43.053921,KXBTCD-25MAY2118-T107749.99,DELTA,79,1000,82,100,465,yes,40,810
2025-05-21T14:02:51.930862,KXBTCD-25MAY2118-T107749.99,DELTA,79,988,82,100,466,yes,79,-12
2025-05-21T14:02:53.976562,KXBTCD-25MAY2118-T107749.99,DELTA,79,988,82,100,467,yes,40,-810
2025-05-21T14:02:53.976784,KXBTCD-25MAY2118-T107749.99,DELTA,79,988,82,100,468,yes,41,790
2025-05-21T14:02:54.012356,KXBTCD-25MAY2118-T107749.99,DELTA,79,988,82,100,469,no,1,32400
2025-05-21T14:02:54.412171,KXBTCD-25MAY2118-T107749.99,DELTA,79,988,82,100,470,no,2,1250
2025-05-21T14:02:54.491883,KXBTCD-25MAY2118-T107749.99,DELTA,79,988,82,100,471,no,2,20000
2025-05-21T14:02:54.492104,KXBTCD-25MAY2118-T107749.99,DELTA,79,988,82,100,472,no,2,1000
2025-05-21T14:02:54.593371,KXBTCD-25MAY2118-T107749.99,DELTA,79,988,82,100,473,no,2,2000
2025-05-21T14:02:54.593592,KXBTCD-25MAY2118-T107749.99,DELTA,79,988,82,100,474,yes,78,-1250
2025-05-21T14:02:56.592194,KXBTCD-25MAY2118-T107749.99,DELTA,79,988,82,100,475,yes,78,-350
2025-05-21T14:02:57.193846,KXBTCD-25MAY2118-T107749.99,DELTA,75,2000,82,100,476,yes,79,-988
2025-05-21T14:02:57.195048,KXBTCD-25MAY2118-T107749.99,DELTA,75,2000,83,400,477,no,18,-100
2025-05-21T14:02:57.738180,KXBTCD-25MAY2118-T107749.99,DELTA,75,2000,83,400,478,yes,74,-50
2025-05-21T14:02:57.738308,KXBTCD-25MAY2118-T107749.99,DELTA,75,2000,83,400,479,yes,73,50
2025-05-21T14:02:57.815781,KXBTCD-25MAY2118-T107749.99,DELTA,75,3000,83,400,480,yes,75,1000
2025-05-21T14:02:57.912708,KXBTCD-25MAY2118-T107749.99,DELTA,75,3000,83,400,481,yes,73,-50
2025-05-21T14:02:57.912829,KXBTCD-25MAY2118-T107749.99,DELTA,75,3000,83,400,482,yes,74,50
2025-05-21T14:02:57.992785,KXBTCD-25MAY2118-T107749.99,DELTA,75,3000,83,400,483,no,4,9
2025-05-21T14:02:57.992932,KXBTCD-25MAY2118-T107749.99,DELTA,75,3000,83,400,484,yes,40,-200
2025-05-21T14:02:57.993246,KXBTCD-25MAY2118-T107749.99,DELTA,75,3000,83,400,485,yes,50,200
2025-05-21T14:02:57.993321,KXBTCD-25MAY2118-T107749.99,DELTA,75,1000,83,400,486,yes,75,-2000
2025-05-21T14:02:58.296455,KXBTCD-25MAY2118-T107749.99,DELTA,75,1000,83,400,487,yes,74,-50
2025-05-21T14:02:58.296566,KXBTCD-25MAY2118-T107749.99,DELTA,75,1050,83,400,488,yes,75,50
2025-05-21T14:02:58.296630,KXBTCD-25MAY2118-T107749.99,DELTA,75,3050,83,400,489,yes,75,2000
2025-05-21T14:02:58.313354,KXBTCD-25MAY2118-T107749.99,DELTA,78,50,83,400,490,yes,78,50
2025-05-21T14:02:58.472307,KXBTCD-25MAY2118-T107749.99,DELTA,75,3050,83,400,491,yes,78,-50
2025-05-21T14:02:58.492442,KXBTCD-25MAY2118-T107749.99,DELTA,75,3050,83,500,492,no,17,100
2025-05-21T14:02:58.594433,KXBTCD-25MAY2118-T107749.99,DELTA,75,1050,83,500,493,yes,75,-2000
2025-05-21T14:02:58.595209,KXBTCD-25MAY2118-T107749.99,DELTA,75,1050,83,500,494,yes,74,-100
2025-05-21T14:02:58.611756,KXBTCD-25MAY2118-T107749.99,DELTA,75,50,83,500,495,yes,75,-1000
2025-05-21T14:02:58.612552,KXBTCD-25MAY2118-T107749.99,DELTA,75,50,83,500,496,no,4,-9
2025-05-21T14:02:58.734813,KXBTCD-25MAY2118-T107749.99,DELTA,78,300,83,500,497,yes,78,300
2025-05-21T14:02:58.792792,KXBTCD-25MAY2118-T107749.99,DELTA,78,300,83,500,498,yes,51,2000
2025-05-21T14:02:58.792934,KXBTCD-25MAY2118-T107749.99,DELTA,78,300,83,500,499,yes,76,1000
2025-05-21T14:02:58.854775,KXBTCD-25MAY2118-T107749.99,DELTA,79,1250,83,500,500,yes,79,1250
2025-05-21T14:02:58.972259,KXBTCD-25MAY2118-T107749.99,DELTA,79,1250,83,500,501,yes,51,-2000
2025-05-21T14:02:58.990879,KXBTCD-25MAY2118-T107749.99,DELTA,79,1250,83,500,502,yes,76,-1000
2025-05-21T14:02:59.091943,KXBTCD-25MAY2118-T107749.99,DELTA,79,1250,83,500,503,yes,78,2000
2025-05-21T14:02:59.111964,KXBTCD-25MAY2118-T107749.99,DELTA,79,2250,83,500,504,yes,79,1000
2025-05-21T14:02:59.151737,KXBTCD-25MAY2118-T107749.99,DELTA,79,2250,83,500,505,yes,41,-790
2025-05-21T14:02:59.152164,KXBTCD-25MAY2118-T107749.99,DELTA,79,2250,83,500,506,yes,37,875
2025-05-21T14:02:59.172150,KXBTCD-25MAY2118-T107749.99,DELTA,79,2250,83,500,507,no,1,-32400
2025-05-21T14:02:59.332581,KXBTCD-25MAY2118-T107749.99,DELTA,79,2250,83,500,508,no,2,-20000
2025-05-21T14:02:59.332756,KXBTCD-25MAY2118-T107749.99,DELTA,79,2250,83,500,509,no,2,-2000
2025-05-21T14:02:59.351840,KXBTCD-25MAY2118-T107749.99,DELTA,79,2250,83,500,510,no,2,-1000
2025-05-21T14:02:59.351973,KXBTCD-25MAY2118-T107749.99,DELTA,79,2250,83,500,511,no,2,-1250
2025-05-21T14:02:59.793221,KXBTCD-25MAY2118-T107749.99,DELTA,79,2250,83,500,512,yes,75,100
2025-05-21T14:03:04.432782,KXBTCD-25MAY2118-T107749.99,DELTA,79,2250,83,500,513,yes,78,-300
2025-05-21T14:03:04.433000,KXBTCD-25MAY2118-T107749.99,DELTA,79,2250,83,100,514,no,17,-400
2025-05-21T14:03:04.532398,KXBTCD-25MAY2118-T107749.99,DELTA,79,2250,83,100,515,yes,78,50
2025-05-21T14:03:04.552788,KXBTCD-25MAY2118-T107749.99,DELTA,79,2250,82,250,516,no,18,250
2025-05-21T14:03:04.592797,KXBTCD-25MAY2118-T107749.99,DELTA,79,2250,82,250,517,yes,78,-2000
2025-05-21T14:03:04.592974,KXBTCD-25MAY2118-T107749.99,DELTA,79,1250,82,250,518,yes,79,-1000
2025-05-21T14:03:04.613466,KXBTCD-25MAY2118-T107749.99,DELTA,78,50,82,250,519,yes,79,-1250
2025-05-21T14:03:04.732606,KXBTCD-25MAY2118-T107749.99,DELTA,79,1000,82,250,520,yes,79,1000
2025-05-21T14:03:04.732797,KXBTCD-25MAY2118-T107749.99,DELTA,79,1000,82,250,521,yes,76,2000
2025-05-21T14:03:06.732359,KXBTCD-25MAY2118-T107749.99,DELTA,79,1000,82,250,522,yes,78,-50
2025-05-21T14:03:06.813771,KXBTCD-25MAY2118-T107749.99,DELTA,79,1000,82,250,523,yes,78,150
2025-05-21T14:03:06.833093,KXBTCD-25MAY2118-T107749.99,DELTA,79,1000,82,250,524,no,4,9
2025-05-21T14:03:06.872547,KXBTCD-25MAY2118-T107749.99,DELTA,78,150,82,250,525,yes,79,-1000
2025-05-21T14:03:07.002094,KXBTCD-25MAY2118-T107749.99,DELTA,79,1000,82,250,526,yes,79,1000
2025-05-21T14:03:07.003218,KXBTCD-25MAY2118-T107749.99,DELTA,79,1000,82,250,527,yes,76,-2000
2025-05-21T14:03:07.122332,KXBTCD-25MAY2118-T107749.99,DELTA,79,1000,82,250,528,yes,78,2000
2025-05-21T14:03:08.271982,KXBTCD-25MAY2118-T107749.99,DELTA,79,1000,83,100,529,no,18,-250
2025-05-21T14:03:08.332084,KXBTCD-25MAY2118-T107749.99,DELTA,79,1000,82,50,530,no,18,50
2025-05-21T14:03:08.371983,KXBTCD-25MAY2118-T107749.99,DELTA,79,1000,83,100,531,no,18,-50
2025-05-21T14:03:08.391508,KXBTCD-25MAY2118-T107749.99,DELTA,79,1000,83,100,532,no,4,-9
2025-05-21T14:03:08.391761,KXBTCD-25MAY2118-T107749.99,DELTA,79,1000,83,100,533,no,11,9
2025-05-21T14:03:08.432114,KXBTCD-25MAY2118-T107749.99,DELTA,79,1000,83,550,534,no,17,450
2025-05-21T14:03:08.794259,KXBTCD-25MAY2118-T107749.99,DELTA,79,1000,83,550,535,yes,78,-150
2025-05-21T14:03:08.832997,KXBTCD-25MAY2118-T107749.99,DELTA,79,1000,83,550,536,yes,78,400
2025-05-21T14:03:08.852960,KXBTCD-25MAY2118-T107749.99,DELTA,79,1000,83,550,537,yes,74,24
2025-05-21T14:03:08.853567,KXBTCD-25MAY2118-T107749.99,DELTA,79,1000,83,550,538,yes,73,-24
2025-05-21T14:03:08.854023,KXBTCD-25MAY2118-T107749.99,DELTA,79,1000,83,550,539,no,10,-24
2025-05-21T14:03:08.854159,KXBTCD-25MAY2118-T107749.99,DELTA,79,1000,83,550,540,no,8,24
2025-05-21T14:03:08.932178,KXBTCD-25MAY2118-T107749.99,DELTA,79,1000,83,550,541,yes,78,-2000
2025-05-21T14:03:08.951690,KXBTCD-25MAY2118-T107749.99,DELTA,78,400,83,550,542,yes,79,-1000
2025-05-21T14:03:09.052327,KXBTCD-25MAY2118-T107749.99,DELTA,78,400,83,550,543,no,1,-3000
2025-05-21T14:03:09.053933,KXBTCD-25MAY2118-T107749.99,DELTA,79,1250,83,550,544,yes,79,1250
2025-05-21T14:03:09.114041,KXBTCD-25MAY2118-T107749.99,DELTA,79,3250,83,550,545,yes,79,2000
2025-05-21T14:03:09.114329,KXBTCD-25MAY2118-T107749.99,DELTA,79,4250,83,550,546,yes,79,1000
2025-05-21T14:03:09.153122,KXBTCD-25MAY2118-T107749.99,DELTA,79,4250,83,100,547,no,17,-450
2025-05-21T14:03:09.192050,KXBTCD-25MAY2118-T107749.99,DELTA,79,4250,83,100,548,no,11,-9
2025-05-21T14:03:09.252023,KXBTCD-25MAY2118-T107749.99,DELTA,79,4250,83,100,549,no,16,450
2025-05-21T14:03:09.353686,KXBTCD-25MAY2118-T107749.99,DELTA,79,4250,83,100,550,yes,75,-50
2025-05-21T14:03:09.354079,KXBTCD-25MAY2118-T107749.99,DELTA,79,4250,83,100,551,yes,76,50
2025-05-21T14:03:09.586124,KXBTCD-25MAY2118-T107749.99,DELTA,79,4250,84,450,552,no,17,-100
2025-05-21T14:03:09.601286,KXBTCD-25MAY2118-T107749.99,DELTA,79,4250,84,450,553,yes,75,-100
2025-05-21T14:03:10.075706,KXBTCD-25MAY2118-T107749.99,DELTA,79,4250,84,450,554,yes,37,-875
2025-05-21T14:03:10.193346,KXBTCD-25MAY2118-T107749.99,DELTA,79,4250,84,450,555,no,4,9
2025-05-21T14:03:10.652220,KXBTCD-25MAY2118-T107749.99,DELTA,79,4250,84,550,556,no,16,100
2025-05-21T14:03:10.654281,KXBTCD-25MAY2118-T107749.99,DELTA,79,4250,84,550,557,yes,76,100
2025-05-21T14:03:10.732784,KXBTCD-25MAY2118-T107749.99,DELTA,79,4250,84,550,558,yes,78,-400
2025-05-21T14:03:10.912246,KXBTCD-25MAY2118-T107749.99,DELTA,79,2250,84,550,559,yes,79,-2000
2025-05-21T14:03:10.933727,KXBTCD-25MAY2118-T107749.99,DELTA,79,1250,84,550,560,yes,79,-1000
2025-05-21T14:03:10.934193,KXBTCD-25MAY2118-T107749.99,DELTA,76,150,84,550,561,yes,79,-1250
2025-05-21T14:03:10.992760,KXBTCD-25MAY2118-T107749.99,DELTA,79,150,84,550,562,yes,79,150
2025-05-21T14:03:11.035417,KXBTCD-25MAY2118-T107749.99,DELTA,79,150,84,550,563,no,1,3000
2025-05-21T14:03:11.036125,KXBTCD-25MAY2118-T107749.99,DELTA,79,150,84,550,564,no,4,-9
2025-05-21T14:03:11.096773,KXBTCD-25MAY2118-T107749.99,DELTA,79,150,84,550,565,yes,37,875
2025-05-21T14:03:11.113592,KXBTCD-25MAY2118-T107749.99,DELTA,79,150,84,550,566,yes,76,-100
2025-05-21T14:03:11.135110,KXBTCD-25MAY2118-T107749.99,DELTA,76,50,84,550,567,yes,79,-150
2025-05-21T14:03:11.135234,KXBTCD-25MAY2118-T107749.99,DELTA,76,50,84,100,568,no,16,-450
2025-05-21T14:03:11.155131,KXBTCD-25MAY2118-T107749.99,DELTA,77,2000,84,100,569,yes,77,2000
2025-05-21T14:03:11.155199,KXBTCD-25MAY2118-T107749.99,DELTA,77,3000,84,100,570,yes,77,1000
2025-05-21T14:03:11.233775,KXBTCD-25MAY2118-T107749.99,DELTA,78,200,84,100,571,yes,78,200
2025-05-21T14:03:11.253877,KXBTCD-25MAY2118-T107749.99,DELTA,78,200,82,100,572,no,18,100
2025-05-21T14:03:11.352956,KXBTCD-25MAY2118-T107749.99,DELTA,78,200,82,100,573,yes,77,-2000
2025-05-21T14:03:11.494150,KXBTCD-25MAY2118-T107749.99,DELTA,78,200,82,100,574,yes,77,-1000
2025-05-21T14:03:11.494919,KXBTCD-25MAY2118-T107749.99,DELTA,78,2200,82,100,575,yes,78,2000
2025-05-21T14:03:11.612893,KXBTCD-25MAY2118-T107749.99,DELTA,79,1000,82,100,576,yes,79,1000
2025-05-21T14:03:12.172813,KXBTCD-25MAY2118-T107749.99,DELTA,79,1000,82,100,577,yes,76,100
2025-05-21T14:03:12.313515,KXBTCD-25MAY2118-T107749.99,DELTA,79,1000,82,100,578,no,9,9
2025-05-21T14:03:12.432079,KXBTCD-25MAY2118-T107749.99,DELTA,79,1000,82,100,579,yes,76,-100
2025-05-21T14:03:12.513118,KXBTCD-25MAY2118-T107749.99,DELTA,79,1000,84,100,580,no,18,-100
2025-05-21T14:03:12.592219,KXBTCD-25MAY2118-T107749.99,DELTA,79,1000,84,100,581,yes,78,-200
2025-05-21T14:03:12.692559,KXBTCD-25MAY2118-T107749.99,DELTA,79,1000,84,100,582,yes,78,50
2025-05-21T14:03:12.693503,KXBTCD-25MAY2118-T107749.99,DELTA,79,1000,82,250,583,no,18,250
2025-05-21T14:03:12.752408,KXBTCD-25MAY2118-T107749.99,DELTA,79,1000,82,250,584,yes,78,-2000
2025-05-21T14:03:12.753170,KXBTCD-25MAY2118-T107749.99,DELTA,78,50,82,250,585,yes,79,-1000
2025-05-21T14:03:12.891530,KXBTCD-25MAY2118-T107749.99,DELTA,79,1000,82,250,586,yes,79,1000
2025-05-21T14:03:12.931991,KXBTCD-25MAY2118-T107749.99,DELTA,79,1000,82,250,587,yes,51,2000
2025-05-21T14:03:13.051472,KXBTCD-25MAY2118-T107749.99,DELTA,79,1000,82,250,588,no,9,-9
2025-05-21T14:03:13.073145,KXBTCD-25MAY2118-T107749.99,DELTA,79,1000,82,250,589,no,4,9
2025-05-21T14:03:13.553107,KXBTCD-25MAY2118-T107749.99,DELTA,79,1000,82,250,590,no,16,-100
2025-05-21T14:03:13.572747,KXBTCD-25MAY2118-T107749.99,DELTA,79,1000,82,250,591,yes,75,100
2025-05-21T14:03:13.772475,KXBTCD-25MAY2118-T107749.99,DELTA,79,1000,82,250,592,yes,75,-100
2025-05-21T14:03:14.813772,KXBTCD-25MAY2118-T107749.99,DELTA,79,1000,82,250,593,yes,76,100
2025-05-21T14:03:14.814462,KXBTCD-25MAY2118-T107749.99,DELTA,79,1000,82,250,594,yes,76,-50
2025-05-21T14:03:14.814965,KXBTCD-25MAY2118-T107749.99,DELTA,79,1000,82,250,595,yes,75,50
2025-05-21T14:03:14.815420,KXBTCD-25MAY2118-T107749.99,DELTA,79,1000,82,250,596,no,16,100
2025-05-21T14:03:14.833884,KXBTCD-25MAY2118-T107749.99,DELTA,79,1000,82,250,597,yes,78,-50
2025-05-21T14:03:14.913464,KXBTCD-25MAY2118-T107749.99,DELTA,79,1000,82,250,598,yes,77,350
2025-05-21T14:03:14.974304,KXBTCD-25MAY2118-T107749.99,DELTA,79,1000,82,250,599,yes,51,-2000
2025-05-21T14:03:14.993409,KXBTCD-25MAY2118-T107749.99,DELTA,77,350,82,250,600,yes,79,-1000
2025-05-21T14:03:15.073317,KXBTCD-25MAY2118-T107749.99,DELTA,78,1250,82,250,601,yes,78,1250
2025-05-21T14:03:15.132725,KXBTCD-25MAY2118-T107749.99,DELTA,78,3250,82,250,602,yes,78,2000
2025-05-21T14:03:15.134319,KXBTCD-25MAY2118-T107749.99,DELTA,78,4250,82,250,603,yes,78,1000
2025-05-21T14:03:15.753293,KXBTCD-25MAY2118-T107749.99,DELTA,78,4250,82,250,604,no,16,-100
2025-05-21T14:03:16.832209,KXBTCD-25MAY2118-T107749.99,DELTA,78,4250,82,250,605,no,17,100
2025-05-21T14:03:21.112599,KXBTCD-25MAY2118-T107749.99,DELTA,78,4250,82,250,606,yes,73,24
2025-05-21T14:03:21.112942,KXBTCD-25MAY2118-T107749.99,DELTA,78,4250,82,250,607,yes,74,-24
2025-05-21T14:03:21.132240,KXBTCD-25MAY2118-T107749.99,DELTA,78,4250,82,250,608,no,10,24
2025-05-21T14:03:21.132482,KXBTCD-25MAY2118-T107749.99,DELTA,78,4250,82,250,609,no,8,-24
2025-05-21T14:03:21.173352,KXBTCD-25MAY2118-T107749.99,DELTA,78,2250,82,250,610,yes,78,-2000
2025-05-21T14:03:21.214715,KXBTCD-25MAY2118-T107749.99,DELTA,78,1000,82,250,611,yes,78,-1250
2025-05-21T14:03:21.313503,KXBTCD-25MAY2118-T107749.99,DELTA,78,1000,82,250,612,yes,77,-350
2025-05-21T14:03:21.316237,KXBTCD-25MAY2118-T107749.99,DELTA,78,1000,82,250,613,yes,50,-200
2025-05-21T14:03:21.316436,KXBTCD-25MAY2118-T107749.99,DELTA,78,1000,82,250,614,yes,40,200
2025-05-21T14:03:21.333097,KXBTCD-25MAY2118-T107749.99,DELTA,78,1000,82,250,615,yes,77,2000
2025-05-21T14:03:21.354119,KXBTCD-25MAY2118-T107749.99,DELTA,78,1000,82,250,616,yes,77,1250
2025-05-21T14:03:21.413889,KXBTCD-25MAY2118-T107749.99,DELTA,78,1000,82,250,617,yes,76,300
2025-05-21T14:03:21.473827,KXBTCD-25MAY2118-T107749.99,DELTA,78,1000,82,250,618,yes,77,-2000
2025-05-21T14:03:21.493104,KXBTCD-25MAY2118-T107749.99,DELTA,77,1250,82,250,619,yes,78,-1000
2025-05-21T14:03:21.512773,KXBTCD-25MAY2118-T107749.99,DELTA,76,400,82,250,620,yes,77,-1250
2025-05-21T14:03:21.612691,KXBTCD-25MAY2118-T107749.99,DELTA,77,1000,82,250,621,yes,77,1000
2025-05-21T14:03:21.612934,KXBTCD-25MAY2118-T107749.99,DELTA,77,3000,82,250,622,yes,77,2000
2025-05-21T14:03:21.632962,KXBTCD-25MAY2118-T107749.99,DELTA,77,4250,82,250,623,yes,77,1250
2025-05-21T14:03:22.132611,KXBTCD-25MAY2118-T107749.99,DELTA,77,4250,82,250,624,no,17,-100
2025-05-21T14:03:22.133135,KXBTCD-25MAY2118-T107749.99,DELTA,77,4250,82,250,625,yes,76,-100
2025-05-21T14:03:23.633559,KXBTCD-25MAY2118-T107749.99,DELTA,77,4250,82,350,626,no,18,100
2025-05-21T14:03:23.652268,KXBTCD-25MAY2118-T107749.99,DELTA,77,4250,82,350,627,yes,74,100
2025-05-21T14:03:25.894466,KXBTCD-25MAY2118-T107749.99,DELTA,77,2250,82,350,628,yes,77,-2000
2025-05-21T14:03:25.991904,KXBTCD-25MAY2118-T107749.99,DELTA,77,2250,82,100,629,no,18,-250
2025-05-21T14:03:26.032005,KXBTCD-25MAY2118-T107749.99,DELTA,77,1000,82,100,630,yes,77,-1250
2025-05-21T14:03:26.052199,KXBTCD-25MAY2118-T107749.99,DELTA,77,1000,82,100,631,yes,76,2000
2025-05-21T14:03:26.172162,KXBTCD-25MAY2118-T107749.99,DELTA,77,1000,80,150,632,no,20,150
2025-05-21T14:03:26.172288,KXBTCD-25MAY2118-T107749.99,DELTA,77,1000,80,150,633,yes,76,1250
2025-05-21T14:03:26.352467,KXBTCD-25MAY2118-T107749.99,DELTA,77,1000,80,150,634,yes,76,-300
2025-05-21T14:03:26.352578,KXBTCD-25MAY2118-T107749.99,DELTA,77,1000,80,150,635,yes,75,-50
2025-05-21T14:03:26.352641,KXBTCD-25MAY2118-T107749.99,DELTA,77,1000,80,150,636,yes,74,50
2025-05-21T14:03:26.452259,KXBTCD-25MAY2118-T107749.99,DELTA,77,1000,80,150,637,yes,76,50
2025-05-21T14:03:26.493138,KXBTCD-25MAY2118-T107749.99,DELTA,77,1000,80,150,638,yes,76,-2000
2025-05-21T14:03:26.493449,KXBTCD-25MAY2118-T107749.99,DELTA,76,1300,80,150,639,yes,77,-1000
2025-05-21T14:03:26.513006,KXBTCD-25MAY2118-T107749.99,DELTA,76,50,80,150,640,yes,76,-1250
2025-05-21T14:03:26.551945,KXBTCD-25MAY2118-T107749.99,DELTA,76,50,80,150,641,no,18,-100
2025-05-21T14:03:26.633146,KXBTCD-25MAY2118-T107749.99,DELTA,76,50,80,150,642,yes,75,2000
2025-05-21T14:03:26.633323,KXBTCD-25MAY2118-T107749.99,DELTA,77,1000,80,150,643,yes,77,1000
2025-05-21T14:03:27.452351,KXBTCD-25MAY2118-T107749.99,DELTA,77,1000,80,150,644,no,19,100
2025-05-21T14:03:27.591487,KXBTCD-25MAY2118-T107749.99,DELTA,77,1000,80,150,645,yes,76,-50
2025-05-21T14:03:27.672141,KXBTCD-25MAY2118-T107749.99,DELTA,77,1000,80,150,646,yes,76,200
2025-05-21T14:03:27.732279,KXBTCD-25MAY2118-T107749.99,DELTA,76,200,80,150,647,yes,77,-1000
2025-05-21T14:03:27.852956,KXBTCD-25MAY2118-T107749.99,DELTA,77,1000,80,150,648,yes,77,1000
2025-05-21T14:03:27.872102,KXBTCD-25MAY2118-T107749.99,DELTA,77,1000,80,150,649,yes,75,-2000
2025-05-21T14:03:27.993603,KXBTCD-25MAY2118-T107749.99,DELTA,77,1000,80,150,650,yes,76,2000
2025-05-21T14:03:31.833809,KXBTCD-25MAY2118-T107749.99,DELTA,77,1000,80,150,651,yes,76,-2000
2025-05-21T14:03:31.933585,KXBTCD-25MAY2118-T107749.99,DELTA,77,1000,80,150,652,yes,75,2000
2025-05-21T14:03:32.074837,KXBTCD-25MAY2118-T107749.99,DELTA,77,1000,80,150,653,yes,75,-2000
2025-05-21T14:03:32.133380,KXBTCD-25MAY2118-T107749.99,DELTA,77,1000,80,150,654,no,19,-100
2025-05-21T14:03:32.193580,KXBTCD-25MAY2118-T107749.99,DELTA,77,1000,80,150,655,yes,76,2000
2025-05-21T14:03:32.214688,KXBTCD-25MAY2118-T107749.99,DELTA,77,1000,80,150,656,yes,74,-100
2025-05-21T14:03:32.233213,KXBTCD-25MAY2118-T107749.99,DELTA,77,1000,80,150,657,yes,76,-200
2025-05-21T14:03:32.353146,KXBTCD-25MAY2118-T107749.99,DELTA,77,1000,80,150,658,yes,75,250
2025-05-21T14:03:32.372634,KXBTCD-25MAY2118-T107749.99,DELTA,77,1000,80,150,659,yes,76,-2000
2025-05-21T14:03:32.373030,KXBTCD-25MAY2118-T107749.99,DELTA,75,250,80,150,660,yes,77,-1000
2025-05-21T14:03:32.513886,KXBTCD-25MAY2118-T107749.99,DELTA,76,1250,80,150,661,yes,76,1250
2025-05-21T14:03:32.514106,KXBTCD-25MAY2118-T107749.99,DELTA,76,3250,80,150,662,yes,76,2000
2025-05-21T14:03:32.532364,KXBTCD-25MAY2118-T107749.99,DELTA,76,4250,80,150,663,yes,76,1000
2025-05-21T14:03:33.312746,KXBTCD-25MAY2118-T107749.99,DELTA,76,4250,80,150,664,yes,72,100
2025-05-21T14:03:33.313118,KXBTCD-25MAY2118-T107749.99,DELTA,76,4250,80,150,665,no,19,100
2025-05-21T14:03:33.873656,KXBTCD-25MAY2118-T107749.99,DELTA,76,4250,80,150,666,no,19,-100
2025-05-21T14:03:34.794198,KXBTCD-25MAY2118-T107749.99,DELTA,76,4250,80,150,667,no,19,100
2025-05-21T14:03:35.472351,KXBTCD-25MAY2118-T107749.99,DELTA,76,4250,80,150,668,no,19,-100
2025-05-21T14:03:36.232006,KXBTCD-25MAY2118-T107749.99,DELTA,76,4250,80,150,669,no,19,100
2025-05-21T14:03:36.291521,KXBTCD-25MAY2118-T107749.99,DELTA,76,4250,80,150,670,yes,72,-100
2025-05-21T14:03:37.651799,KXBTCD-25MAY2118-T107749.99,DELTA,76,4250,80,150,671,yes,73,100
2025-05-21T14:03:38.831940,KXBTCD-25MAY2118-T107749.99,DELTA,76,4250,80,149,672,no,20,-1
2025-05-21T14:03:38.874736,KXBTCD-25MAY2118-T107749.99,DELTA,76,2250,80,149,673,yes,76,-2000
2025-05-21T14:03:38.891119,KXBTCD-25MAY2118-T107749.99,DELTA,76,1000,80,149,674,yes,76,-1250
2025-05-21T14:03:39.011851,KXBTCD-25MAY2118-T107749.99,DELTA,76,1000,80,149,675,no,19,-100
2025-05-21T14:03:39.032583,KXBTCD-25MAY2118-T107749.99,DELTA,76,1000,80,149,676,yes,75,2000
2025-05-21T14:03:39.032719,KXBTCD-25MAY2118-T107749.99,DELTA,76,1000,80,149,677,yes,75,1250
2025-05-21T14:03:39.477344,KXBTCD-25MAY2118-T107749.99,DELTA,76,1000,80,149,678,yes,73,-24
2025-05-21T14:03:39.477506,KXBTCD-25MAY2118-T107749.99,DELTA,76,1000,80,149,679,yes,71,24
2025-05-21T14:03:39.477593,KXBTCD-25MAY2118-T107749.99,DELTA,76,1000,80,149,680,no,10,-24
2025-05-21T14:03:39.477651,KXBTCD-25MAY2118-T107749.99,DELTA,76,1000,80,149,681,no,12,24
2025-05-21T14:03:39.512418,KXBTCD-25MAY2118-T107749.99,DELTA,76,1000,80,149,682,yes,75,-2000
2025-05-21T14:03:39.531481,KXBTCD-25MAY2118-T107749.99,DELTA,76,1000,80,149,683,yes,75,-1250
2025-05-21T14:03:39.654036,KXBTCD-25MAY2118-T107749.99,DELTA,76,1000,80,149,684,yes,41,2000
2025-05-21T14:03:39.673310,KXBTCD-25MAY2118-T107749.99,DELTA,76,1000,80,249,685,no,20,100
2025-05-21T14:03:39.772197,KXBTCD-25MAY2118-T107749.99,DELTA,76,1000,80,249,686,no,4,-9
2025-05-21T14:03:39.794447,KXBTCD-25MAY2118-T107749.99,DELTA,76,1000,80,249,687,no,13,9
2025-05-21T14:03:41.893730,KXBTCD-25MAY2118-T107749.99,DELTA,76,1000,80,249,688,yes,74,-50
2025-05-21T14:03:41.893866,KXBTCD-25MAY2118-T107749.99,DELTA,76,1000,80,249,689,yes,73,50
2025-05-21T14:03:41.912289,KXBTCD-25MAY2118-T107749.99,DELTA,76,1000,80,249,690,yes,75,-250
2025-05-21T14:03:41.932075,KXBTCD-25MAY2118-T107749.99,DELTA,76,1000,80,100,691,no,20,-149
2025-05-21T14:03:42.033094,KXBTCD-25MAY2118-T107749.99,DELTA,76,1000,80,100,692,no,13,-9
2025-05-21T14:03:42.033394,KXBTCD-25MAY2118-T107749.99,DELTA,76,1000,80,100,693,no,4,9
2025-05-21T14:03:42.033562,KXBTCD-25MAY2118-T107749.99,DELTA,76,1000,80,100,694,yes,41,-2000
2025-05-21T14:03:42.093226,KXBTCD-25MAY2118-T107749.99,DELTA,73,150,80,100,695,yes,76,-1000
2025-05-21T14:03:42.112998,KXBTCD-25MAY2118-T107749.99,DELTA,74,300,80,100,696,yes,74,300
2025-05-21T14:03:42.113131,KXBTCD-25MAY2118-T107749.99,DELTA,74,300,79,300,697,no,21,300
2025-05-21T14:03:42.151811,KXBTCD-25MAY2118-T107749.99,DELTA,74,2300,79,300,698,yes,74,2000
2025-05-21T14:03:42.233347,KXBTCD-25MAY2118-T107749.99,DELTA,74,3300,79,300,699,yes,74,1000
2025-05-21T14:03:42.272919,KXBTCD-25MAY2118-T107749.99,DELTA,74,4550,79,300,700,yes,74,1250
2025-05-21T14:03:42.331861,KXBTCD-25MAY2118-T107749.99,DELTA,74,4550,79,300,701,no,20,-100
2025-05-21T14:03:42.332015,KXBTCD-25MAY2118-T107749.99,DELTA,74,4550,79,300,702,yes,73,-100
2025-05-21T14:03:42.414344,KXBTCD-25MAY2118-T107749.99,DELTA,74,3550,79,300,703,yes,74,-1000
2025-05-21T14:03:42.552673,KXBTCD-25MAY2118-T107749.99,DELTA,75,1000,79,300,704,yes,75,1000
2025-05-21T14:03:43.692319,KXBTCD-25MAY2118-T107749.99,DELTA,75,1000,79,300,705,yes,72,100
2025-05-21T14:03:43.692516,KXBTCD-25MAY2118-T107749.99,DELTA,75,1000,79,300,706,no,20,100
2025-05-21T14:03:44.173780,KXBTCD-25MAY2118-T107749.99,DELTA,75,1000,79,300,707,yes,37,-875
2025-05-21T14:03:44.173971,KXBTCD-25MAY2118-T107749.99,DELTA,75,1000,79,300,708,yes,36,900
2025-05-21T14:03:44.192413,KXBTCD-25MAY2118-T107749.99,DELTA,75,1000,79,300,709,no,20,-100
2025-05-21T14:03:45.173980,KXBTCD-25MAY2118-T107749.99,DELTA,75,1000,79,300,710,no,20,100
2025-05-21T14:03:48.613012,KXBTCD-25MAY2118-T107749.99,DELTA,75,1000,79,300,711,yes,36,-900
2025-05-21T14:03:48.613200,KXBTCD-25MAY2118-T107749.99,DELTA,75,1000,79,300,712,yes,6,5400
2025-05-21T14:03:48.652272,KXBTCD-25MAY2118-T107749.99,DELTA,75,1000,79,300,713,no,20,-100
2025-05-21T14:03:48.788761,KXBTCD-25MAY2118-T107749.99,DELTA,75,1000,79,300,714,yes,5,-20000
2025-05-21T14:03:48.872328,KXBTCD-25MAY2118-T107749.99,DELTA,75,1000,79,300,715,yes,7,20000
2025-05-21T14:03:49.511938,KXBTCD-25MAY2118-T107749.99,DELTA,75,1000,79,300,716,no,20,100
2025-05-21T14:03:49.853671,KXBTCD-25MAY2118-T107749.99,DELTA,75,1000,79,300,717,no,4,3
2025-05-21T14:03:52.012481,KXBTCD-25MAY2118-T107749.99,DELTA,75,1000,79,300,718,yes,71,-24
2025-05-21T14:03:52.032165,KXBTCD-25MAY2118-T107749.99,DELTA,75,1000,79,300,719,no,12,-24
2025-05-21T14:03:52.113358,KXBTCD-25MAY2118-T107749.99,DELTA,75,1000,79,300,720,yes,70,24
2025-05-21T14:03:52.192499,KXBTCD-25MAY2118-T107749.99,DELTA,75,1000,79,300,721,no,13,24
2025-05-21T14:03:52.192726,KXBTCD-25MAY2118-T107749.99,DELTA,75,1000,79,300,722,yes,74,-2000
2025-05-21T14:03:52.313226,KXBTCD-25MAY2118-T107749.99,DELTA,75,1000,79,300,723,yes,6,-5400
2025-05-21T14:03:52.313421,KXBTCD-25MAY2118-T107749.99,DELTA,75,1000,79,300,724,yes,8,4050
2025-05-21T14:03:52.313662,KXBTCD-25MAY2118-T107749.99,DELTA,75,1000,79,300,725,yes,74,-1250
2025-05-21T14:03:52.612191,KXBTCD-25MAY2118-T107749.99,DELTA,75,1000,79,300,726,yes,41,2000
2025-05-21T14:03:52.713139,KXBTCD-25MAY2118-T107749.99,DELTA,75,1000,79,300,727,yes,73,-50
2025-05-21T14:03:52.713256,KXBTCD-25MAY2118-T107749.99,DELTA,75,1000,79,300,728,yes,71,50
2025-05-21T14:03:52.792769,KXBTCD-25MAY2118-T107749.99,DELTA,75,1000,79,300,729,no,20,1000
2025-05-21T14:03:52.794025,KXBTCD-25MAY2118-T107749.99,DELTA,75,1000,79,300,730,no,20,-100
2025-05-21T14:03:52.794120,KXBTCD-25MAY2118-T107749.99,DELTA,75,1000,79,300,731,yes,74,-300
2025-05-21T14:03:52.794192,KXBTCD-25MAY2118-T107749.99,DELTA,75,1000,79,300,732,yes,7,-20000
2025-05-21T14:03:52.794256,KXBTCD-25MAY2118-T107749.99,DELTA,75,1000,80,1000,733,no,21,-300
2025-05-21T14:03:52.993003,KXBTCD-25MAY2118-T107749.99,DELTA,75,1000,80,1000,734,no,4,-9
2025-05-21T14:03:53.112942,KXBTCD-25MAY2118-T107749.99,DELTA,75,1000,80,1000,735,yes,9,20000
2025-05-21T14:03:53.113128,KXBTCD-25MAY2118-T107749.99,DELTA,72,100,80,1000,736,yes,75,-1000
2025-05-21T14:03:53.192368,KXBTCD-25MAY2118-T107749.99,DELTA,72,100,87,24,737,no,20,-1000
2025-05-21T14:03:53.693989,KXBTCD-25MAY2118-T107749.99,DELTA,73,1000,87,24,738,yes,73,1000
2025-05-21T14:03:53.814005,KXBTCD-25MAY2118-T107749.99,DELTA,73,1000,87,24,739,yes,72,-100
2025-05-21T14:03:54.366148,KXBTCD-25MAY2118-T107749.99,DELTA,73,1000,87,24,740,no,5,9
2025-05-21T14:03:54.366351,KXBTCD-25MAY2118-T107749.99,DELTA,71,50,87,24,741,yes,73,-1000
2025-05-21T14:03:54.612870,KXBTCD-25MAY2118-T107749.99,DELTA,73,200,87,24,742,yes,73,200
2025-05-21T14:03:54.709829,KXBTCD-25MAY2118-T107749.99,DELTA,73,200,87,24,743,yes,72,1000
2025-05-21T14:03:54.712257,KXBTCD-25MAY2118-T107749.99,DELTA,73,200,77,100,744,no,23,100
2025-05-21T14:03:54.793635,KXBTCD-25MAY2118-T107749.99,DELTA,73,200,77,100,745,yes,60,9
2025-05-21T14:03:54.898451,KXBTCD-25MAY2118-T107749.99,DELTA,73,200,77,100,746,yes,41,-2000
2025-05-21T14:03:54.913822,KXBTCD-25MAY2118-T107749.99,DELTA,73,200,77,100,747,no,22,100
2025-05-21T14:03:55.011948,KXBTCD-25MAY2118-T107749.99,DELTA,73,200,77,100,748,yes,72,-1000
2025-05-21T14:03:55.213495,KXBTCD-25MAY2118-T107749.99,DELTA,74,1000,77,100,749,yes,74,1000
2025-05-21T14:03:55.393089,KXBTCD-25MAY2118-T107749.99,DELTA,74,1000,77,100,750,yes,73,2000
2025-05-21T14:03:55.593546,KXBTCD-25MAY2118-T107749.99,DELTA,74,1000,77,100,751,yes,60,-9
2025-05-21T14:03:55.612523,KXBTCD-25MAY2118-T107749.99,DELTA,74,1000,77,100,752,no,5,-9
2025-05-21T14:03:55.612635,KXBTCD-25MAY2118-T107749.99,DELTA,74,1000,77,100,753,no,14,9
2025-05-21T14:03:56.093916,KXBTCD-25MAY2118-T107749.99,DELTA,74,1000,77,100,754,yes,73,-2000
2025-05-21T14:03:56.171858,KXBTCD-25MAY2118-T107749.99,DELTA,74,1000,77,100,755,yes,41,2000
2025-05-21T14:03:56.192157,KXBTCD-25MAY2118-T107749.99,DELTA,74,1000,77,100,756,yes,73,-200
2025-05-21T14:03:56.215589,KXBTCD-25MAY2118-T107749.99,DELTA,74,1000,78,100,757,no,23,-100
2025-05-21T14:03:56.271747,KXBTCD-25MAY2118-T107749.99,DELTA,71,50,78,100,758,yes,74,-1000
2025-05-21T14:03:56.292328,KXBTCD-25MAY2118-T107749.99,DELTA,72,250,78,100,759,yes,72,250
2025-05-21T14:03:56.312793,KXBTCD-25MAY2118-T107749.99,DELTA,72,250,77,350,760,no,23,350
2025-05-21T14:03:56.332641,KXBTCD-25MAY2118-T107749.99,DELTA,72,250,77,350,761,yes,70,100
2025-05-21T14:03:56.332794,KXBTCD-25MAY2118-T107749.99,DELTA,72,1250,77,350,762,yes,72,1000
2025-05-21T14:03:56.373139,KXBTCD-25MAY2118-T107749.99,DELTA,72,2500,77,350,763,yes,72,1250
2025-05-21T14:03:56.433451,KXBTCD-25MAY2118-T107749.99,DELTA,72,2500,77,350,764,yes,41,-2000
2025-05-21T14:03:56.433656,KXBTCD-25MAY2118-T107749.99,DELTA,72,1500,77,350,765,yes,72,-1000
2025-05-21T14:03:56.495330,KXBTCD-25MAY2118-T107749.99,DELTA,73,1000,77,350,766,yes,73,1000
2025-05-21T14:03:56.513956,KXBTCD-25MAY2118-T107749.99,DELTA,73,1000,77,350,767,yes,72,2000
2025-05-21T14:03:57.452099,KXBTCD-25MAY2118-T107749.99,DELTA,73,1000,77,350,768,yes,8,-4050
2025-05-21T14:03:57.452316,KXBTCD-25MAY2118-T107749.99,DELTA,73,1000,77,350,769,yes,10,3240
2025-05-21T14:03:57.532706,KXBTCD-25MAY2118-T107749.99,DELTA,73,1000,77,350,770,yes,9,-20000
2025-05-21T14:03:57.572271,KXBTCD-25MAY2118-T107749.99,DELTA,73,1000,77,350,771,no,4,9
2025-05-21T14:03:57.572456,KXBTCD-25MAY2118-T107749.99,DELTA,73,1000,77,350,772,no,14,-9
2025-05-21T14:03:57.572534,KXBTCD-25MAY2118-T107749.99,DELTA,73,1000,77,350,773,yes,11,20000
2025-05-21T14:03:58.733610,KXBTCD-25MAY2118-T107749.99,DELTA,73,1000,77,350,774,yes,10,-3240
2025-05-21T14:03:58.733793,KXBTCD-25MAY2118-T107749.99,DELTA,73,1000,77,350,775,yes,12,2700
2025-05-21T14:03:58.812072,KXBTCD-25MAY2118-T107749.99,DELTA,73,1000,77,350,776,yes,11,-20000
2025-05-21T14:03:58.852873,KXBTCD-25MAY2118-T107749.99,DELTA,73,1000,77,350,777,yes,5,20000
2025-05-21T14:03:59.692500,KXBTCD-25MAY2118-T107749.99,DELTA,73,1000,77,350,778,yes,70,-24
2025-05-21T14:03:59.692629,KXBTCD-25MAY2118-T107749.99,DELTA,73,1000,77,350,779,yes,68,24
2025-05-21T14:03:59.730251,KXBTCD-25MAY2118-T107749.99,DELTA,73,1000,77,350,780,no,13,-24
2025-05-21T14:03:59.730408,KXBTCD-25MAY2118-T107749.99,DELTA,73,1000,77,350,781,no,15,24
2025-05-21T14:03:59.813057,KXBTCD-25MAY2118-T107749.99,DELTA,73,1000,77,350,782,yes,72,-2000
2025-05-21T14:03:59.832553,KXBTCD-25MAY2118-T107749.99,DELTA,73,1000,77,350,783,yes,72,-1250
2025-05-21T14:03:59.873722,KXBTCD-25MAY2118-T107749.99,DELTA,73,1000,77,350,784,yes,36,-8000
2025-05-21T14:03:59.873854,KXBTCD-25MAY2118-T107749.99,DELTA,73,1000,77,350,785,no,22,1000
2025-05-21T14:03:59.893079,KXBTCD-25MAY2118-T107749.99,DELTA,73,1000,77,350,786,yes,66,24
2025-05-21T14:03:59.893193,KXBTCD-25MAY2118-T107749.99,DELTA,73,1000,77,350,787,yes,68,-24
2025-05-21T14:03:59.893536,KXBTCD-25MAY2118-T107749.99,DELTA,73,1000,77,350,788,yes,41,2000
2025-05-21T14:03:59.893605,KXBTCD-25MAY2118-T107749.99,DELTA,73,1000,77,350,789,no,16,24
2025-05-21T14:03:59.893670,KXBTCD-25MAY2118-T107749.99,DELTA,73,1000,77,350,790,yes,72,-250
2025-05-21T14:03:59.893725,KXBTCD-25MAY2118-T107749.99,DELTA,73,1000,77,350,791,no,15,-24
2025-05-21T14:03:59.932874,KXBTCD-25MAY2118-T107749.99,DELTA,73,1000,77,350,792,yes,71,-50
2025-05-21T14:03:59.933008,KXBTCD-25MAY2118-T107749.99,DELTA,73,1000,77,350,793,yes,69,50
2025-05-21T14:03:59.952656,KXBTCD-25MAY2118-T107749.99,DELTA,73,1000,78,1100,794,no,23,-350
2025-05-21T14:03:59.972953,KXBTCD-25MAY2118-T107749.99,DELTA,73,1000,78,1100,795,yes,16,8000
2025-05-21T14:04:00.014759,KXBTCD-25MAY2118-T107749.99,DELTA,73,1000,78,1000,796,no,22,-100
2025-05-21T14:04:00.014900,KXBTCD-25MAY2118-T107749.99,DELTA,73,1000,78,1000,797,yes,12,-2700
2025-05-21T14:04:00.014970,KXBTCD-25MAY2118-T107749.99,DELTA,73,1000,78,1000,798,yes,6,5400
2025-05-21T14:04:00.093124,KXBTCD-25MAY2118-T107749.99,DELTA,70,100,78,1000,799,yes,73,-1000
2025-05-21T14:04:00.113224,KXBTCD-25MAY2118-T107749.99,DELTA,70,100,84,24,800,no,22,-1000
2025-05-21T14:04:00.174589,KXBTCD-25MAY2118-T107749.99,DELTA,71,150,84,24,801,yes,71,150
2025-05-21T14:04:00.174708,KXBTCD-25MAY2118-T107749.99,DELTA,71,150,84,24,802,yes,5,-20000
2025-05-21T14:04:00.193367,KXBTCD-25MAY2118-T107749.99,DELTA,71,1150,84,24,803,yes,71,1000
2025-05-21T14:04:00.193529,KXBTCD-25MAY2118-T107749.99,DELTA,71,1150,75,100,804,no,25,100
2025-05-21T14:04:00.292368,KXBTCD-25MAY2118-T107749.99,DELTA,71,1150,75,100,805,yes,7,20000
2025-05-21T14:04:00.292514,KXBTCD-25MAY2118-T107749.99,DELTA,71,1150,84,24,806,no,25,-100
2025-05-21T14:04:00.374282,KXBTCD-25MAY2118-T107749.99,DELTA,71,1000,84,24,807,yes,71,-150
2025-05-21T14:04:00.393146,KXBTCD-25MAY2118-T107749.99,DELTA,70,100,84,24,808,yes,71,-1000
2025-05-21T14:04:00.472276,KXBTCD-25MAY2118-T107749.99,DELTA,72,1000,84,24,809,yes,72,1000
2025-05-21T14:04:00.491742,KXBTCD-25MAY2118-T107749.99,DELTA,72,1000,84,24,810,yes,70,-100
2025-05-21T14:04:00.512920,KXBTCD-25MAY2118-T107749.99,DELTA,72,1000,84,24,811,yes,69,-50
2025-05-21T14:04:00.513081,KXBTCD-25MAY2118-T107749.99,DELTA,72,1000,84,24,812,yes,68,50
2025-05-21T14:04:00.533551,KXBTCD-25MAY2118-T107749.99,DELTA,68,50,84,24,813,yes,72,-1000
2025-05-21T14:04:00.635164,KXBTCD-25MAY2118-T107749.99,DELTA,69,1000,84,24,814,yes,69,1000
2025-05-21T14:04:00.636095,KXBTCD-25MAY2118-T107749.99,DELTA,69,1000,84,24,815,no,4,-9
2025-05-21T14:04:00.636286,KXBTCD-25MAY2118-T107749.99,DELTA,69,1000,84,24,816,no,5,9
2025-05-21T14:04:00.652435,KXBTCD-25MAY2118-T107749.99,DELTA,69,1250,84,24,817,yes,69,250
2025-05-21T14:04:00.653033,KXBTCD-25MAY2118-T107749.99,DELTA,69,1250,74,300,818,no,26,300
2025-05-21T14:04:00.773479,KXBTCD-25MAY2118-T107749.99,DELTA,69,1250,74,300,819,yes,41,-2000
2025-05-21T14:04:00.774079,KXBTCD-25MAY2118-T107749.99,DELTA,69,1250,74,300,820,yes,65,24
2025-05-21T14:04:00.774162,KXBTCD-25MAY2118-T107749.99,DELTA,69,1250,74,300,821,yes,66,-24
2025-05-21T14:04:00.774221,KXBTCD-25MAY2118-T107749.99,DELTA,69,250,74,300,822,yes,69,-1000
2025-05-21T14:04:00.792444,KXBTCD-25MAY2118-T107749.99,DELTA,69,250,74,300,823,no,18,24
2025-05-21T14:04:00.792548,KXBTCD-25MAY2118-T107749.99,DELTA,69,250,74,300,824,no,16,-24
2025-05-21T14:04:00.956761,KXBTCD-25MAY2118-T107749.99,DELTA,69,250,74,300,825,yes,59,-3000
2025-05-21T14:04:00.956877,KXBTCD-25MAY2118-T107749.99,DELTA,70,1000,74,300,826,yes,70,1000
2025-05-21T14:04:00.956941,KXBTCD-25MAY2118-T107749.99,DELTA,70,1000,74,300,827,yes,41,2000
2025-05-21T14:04:00.992923,KXBTCD-25MAY2118-T107749.99,DELTA,70,1000,74,300,828,no,25,100
2025-05-21T14:04:01.053023,KXBTCD-25MAY2118-T107749.99,DELTA,70,1000,74,300,829,yes,52,3000
2025-05-21T14:04:01.212553,KXBTCD-25MAY2118-T107749.99,DELTA,70,1000,74,300,830,yes,68,-50
2025-05-21T14:04:01.212778,KXBTCD-25MAY2118-T107749.99,DELTA,70,1000,74,300,831,yes,67,50
2025-05-21T14:04:01.212935,KXBTCD-25MAY2118-T107749.99,DELTA,70,1000,74,300,832,no,25,-100
2025-05-21T14:04:01.293021,KXBTCD-25MAY2118-T107749.99,DELTA,70,1000,74,300,833,yes,69,-250
2025-05-21T14:04:01.353245,KXBTCD-25MAY2118-T107749.99,DELTA,70,1000,74,300,834,yes,68,250
2025-05-21T14:04:01.372470,KXBTCD-25MAY2118-T107749.99,DELTA,68,250,74,300,835,yes,70,-1000
2025-05-21T14:04:01.415724,KXBTCD-25MAY2118-T107749.99,DELTA,68,250,74,300,836,no,5,-9
2025-05-21T14:04:01.432832,KXBTCD-25MAY2118-T107749.99,DELTA,68,1250,74,300,837,yes,68,1000
2025-05-21T14:04:01.432994,KXBTCD-25MAY2118-T107749.99,DELTA,68,1250,74,300,838,no,4,9
2025-05-21T14:04:01.472896,KXBTCD-25MAY2118-T107749.99,DELTA,68,250,74,300,839,yes,68,-1000
2025-05-21T14:04:01.495379,KXBTCD-25MAY2118-T107749.99,DELTA,68,250,74,300,840,yes,6,-5400
2025-05-21T14:04:01.495502,KXBTCD-25MAY2118-T107749.99,DELTA,68,250,74,300,841,yes,17,1905
2025-05-21T14:04:01.552463,KXBTCD-25MAY2118-T107749.99,DELTA,69,1000,74,300,842,yes,69,1000
2025-05-21T14:04:01.572561,KXBTCD-25MAY2118-T107749.99,DELTA,69,1000,74,300,843,yes,7,-20000
2025-05-21T14:04:01.572688,KXBTCD-25MAY2118-T107749.99,DELTA,69,1000,74,300,844,yes,67,100
2025-05-21T14:04:01.633806,KXBTCD-25MAY2118-T107749.99,DELTA,69,1000,74,300,845,yes,5,20000
2025-05-21T14:04:01.672605,KXBTCD-25MAY2118-T107749.99,DELTA,69,1000,74,300,846,yes,41,-2000
2025-05-21T14:04:01.732557,KXBTCD-25MAY2118-T107749.99,DELTA,69,1000,74,300,847,yes,67,2000
2025-05-21T14:04:01.932875,KXBTCD-25MAY2118-T107749.99,DELTA,69,1000,74,300,848,yes,65,-24
2025-05-21T14:04:01.933038,KXBTCD-25MAY2118-T107749.99,DELTA,69,1000,74,300,849,yes,63,24
2025-05-21T14:04:01.953176,KXBTCD-25MAY2118-T107749.99,DELTA,69,1000,74,300,850,no,18,-24
2025-05-21T14:04:01.953292,KXBTCD-25MAY2118-T107749.99,DELTA,69,1000,74,300,851,no,20,24
2025-05-21T14:04:02.192268,KXBTCD-25MAY2118-T107749.99,DELTA,69,1000,80,24,852,no,26,-300
2025-05-21T14:04:02.212406,KXBTCD-25MAY2118-T107749.99,DELTA,69,1000,74,100,853,no,26,100
2025-05-21T14:04:02.417858,KXBTCD-25MAY2118-T107749.99,DELTA,69,1000,72,100,854,no,28,100
2025-05-21T14:04:02.418040,KXBTCD-25MAY2118-T107749.99,DELTA,69,1000,72,100,855,no,4,-9
2025-05-21T14:04:02.418349,KXBTCD-25MAY2118-T107749.99,DELTA,69,1000,72,100,856,no,5,9
2025-05-21T14:04:02.509759,KXBTCD-25MAY2118-T107749.99,DELTA,69,1000,72,100,857,yes,67,-100
2025-05-21T14:04:02.572885,KXBTCD-25MAY2118-T107749.99,DELTA,69,1000,72,100,858,yes,67,-2000
2025-05-21T14:04:02.612684,KXBTCD-25MAY2118-T107749.99,DELTA,69,1000,72,100,859,yes,41,2000
2025-05-21T14:04:02.731172,KXBTCD-25MAY2118-T107749.99,DELTA,69,1000,72,100,860,no,26,-100
2025-05-21T14:04:03.351832,KXBTCD-25MAY2118-T107749.99,DELTA,69,1000,72,200,861,no,28,100
2025-05-21T14:04:03.472057,KXBTCD-25MAY2118-T107749.99,DELTA,69,1000,72,200,862,no,21,9
2025-05-21T14:04:03.472240,KXBTCD-25MAY2118-T107749.99,DELTA,69,1000,72,200,863,no,5,-9
2025-05-21T14:04:04.832547,KXBTCD-25MAY2118-T107749.99,DELTA,69,1000,72,200,864,yes,65,100
2025-05-21T14:04:13.692179,KXBTCD-25MAY2118-T107749.99,DELTA,69,1000,72,100,865,no,28,-100
2025-05-21T14:04:13.732956,KXBTCD-25MAY2118-T107749.99,DELTA,69,1000,72,100,866,no,27,350
2025-05-21T14:04:18.712670,KXBTCD-25MAY2118-T107749.99,DELTA,69,1000,72,100,867,yes,67,-50
2025-05-21T14:04:18.713503,KXBTCD-25MAY2118-T107749.99,DELTA,69,1000,72,100,868,yes,66,50
2025-05-21T14:04:18.854260,KXBTCD-25MAY2118-T107749.99,DELTA,69,1000,72,100,869,no,21,-9
2025-05-21T14:04:18.854502,KXBTCD-25MAY2118-T107749.99,DELTA,69,1000,72,100,870,no,4,9
2025-05-21T14:04:20.453404,KXBTCD-25MAY2118-T107749.99,DELTA,69,1000,72,100,871,yes,68,-250
2025-05-21T14:04:20.532973,KXBTCD-25MAY2118-T107749.99,DELTA,66,50,72,100,872,yes,69,-1000
2025-05-21T14:04:20.573096,KXBTCD-25MAY2118-T107749.99,DELTA,67,300,72,100,873,yes,67,300
2025-05-21T14:04:20.592929,KXBTCD-25MAY2118-T107749.99,DELTA,67,1300,72,100,874,yes,67,1000
2025-05-21T14:04:20.754426,KXBTCD-25MAY2118-T107749.99,DELTA,67,300,72,100,875,yes,67,-1000
2025-05-21T14:04:20.794419,KXBTCD-25MAY2118-T107749.99,DELTA,68,1000,72,100,876,yes,68,1000
2025-05-21T14:04:21.412104,KXBTCD-25MAY2118-T107749.99,DELTA,68,1000,72,100,877,yes,41,-2000
2025-05-21T14:04:21.492673,KXBTCD-25MAY2118-T107749.99,DELTA,68,1000,72,100,878,yes,67,2000
2025-05-21T14:04:21.775381,KXBTCD-25MAY2118-T107749.99,DELTA,68,1000,72,100,879,yes,67,1250
2025-05-21T14:04:21.854137,KXBTCD-25MAY2118-T107749.99,DELTA,68,1000,72,100,880,yes,67,-300
2025-05-21T14:04:21.932355,KXBTCD-25MAY2118-T107749.99,DELTA,68,1000,72,100,881,yes,67,-2000
2025-05-21T14:04:21.932634,KXBTCD-25MAY2118-T107749.99,DELTA,69,200,72,100,882,yes,69,200
2025-05-21T14:04:21.952476,KXBTCD-25MAY2118-T107749.99,DELTA,69,200,72,100,883,yes,68,-1000
2025-05-21T14:04:21.952635,KXBTCD-25MAY2118-T107749.99,DELTA,69,200,72,100,884,yes,67,-1250
2025-05-21T14:04:22.012207,KXBTCD-25MAY2118-T107749.99,DELTA,69,200,72,100,885,yes,41,2000
2025-05-21T14:04:22.012639,KXBTCD-25MAY2118-T107749.99,DELTA,69,200,72,100,886,yes,67,1000
2025-05-21T14:04:22.053495,KXBTCD-25MAY2118-T107749.99,DELTA,69,200,72,100,887,yes,67,-1000
2025-05-21T14:04:22.093079,KXBTCD-25MAY2118-T107749.99,DELTA,70,1000,72,100,888,yes,70,1000
2025-05-21T14:04:22.213282,KXBTCD-25MAY2118-T107749.99,DELTA,70,1000,72,100,889,no,27,-350
2025-05-21T14:04:22.312686,KXBTCD-25MAY2118-T107749.99,DELTA,70,1000,72,100,890,no,26,250
2025-05-21T14:04:22.332736,KXBTCD-25MAY2118-T107749.99,DELTA,70,1000,72,100,891,no,4,-9
2025-05-21T14:04:22.332943,KXBTCD-25MAY2118-T107749.99,DELTA,70,1000,72,100,892,no,21,9
2025-05-21T14:04:22.513042,KXBTCD-25MAY2118-T107749.99,DELTA,70,1000,72,100,893,yes,65,-100
2025-05-21T14:04:22.532390,KXBTCD-25MAY2118-T107749.99,DELTA,70,1000,74,250,894,no,28,-100
2025-05-21T14:04:22.572148,KXBTCD-25MAY2118-T107749.99,DELTA,70,1000,74,250,895,yes,41,-2000
2025-05-21T14:04:22.592396,KXBTCD-25MAY2118-T107749.99,DELTA,70,1000,74,250,896,yes,64,24
2025-05-21T14:04:22.592574,KXBTCD-25MAY2118-T107749.99,DELTA,70,1000,74,250,897,yes,63,-24
2025-05-21T14:04:22.612579,KXBTCD-25MAY2118-T107749.99,DELTA,70,1000,74,250,898,no,19,24
2025-05-21T14:04:22.612727,KXBTCD-25MAY2118-T107749.99,DELTA,70,1000,74,250,899,no,20,-24
2025-05-21T14:04:22.612833,KXBTCD-25MAY2118-T107749.99,DELTA,70,1000,74,250,900,yes,66,-50
2025-05-21T14:04:22.612929,KXBTCD-25MAY2118-T107749.99,DELTA,70,1000,74,250,901,yes,68,50
2025-05-21T14:04:22.633024,KXBTCD-25MAY2118-T107749.99,DELTA,70,1000,74,250,902,yes,69,2000
2025-05-21T14:04:22.714915,KXBTCD-25MAY2118-T107749.99,DELTA,70,1000,79,9,903,no,26,-250
2025-05-21T14:04:22.793083,KXBTCD-25MAY2118-T107749.99,DELTA,70,1000,79,9,904,yes,69,-2000
2025-05-21T14:04:22.853131,KXBTCD-25MAY2118-T107749.99,DELTA,70,1000,75,250,905,no,25,250
2025-05-21T14:04:22.873209,KXBTCD-25MAY2118-T107749.99,DELTA,70,3000,75,250,906,yes,70,2000
2025-05-21T14:04:22.933498,KXBTCD-25MAY2118-T107749.99,DELTA,70,3000,75,250,907,yes,69,-200
2025-05-21T14:04:22.953524,KXBTCD-25MAY2118-T107749.99,DELTA,70,3000,79,9,908,no,25,-250
2025-05-21T14:04:23.013649,KXBTCD-25MAY2118-T107749.99,DELTA,70,1000,79,9,909,yes,70,-2000
2025-05-21T14:04:23.033616,KXBTCD-25MAY2118-T107749.99,DELTA,68,50,79,9,910,yes,70,-1000
2025-05-21T14:04:23.053089,KXBTCD-25MAY2118-T107749.99,DELTA,71,250,79,9,911,yes,71,250
2025-05-21T14:04:23.074179,KXBTCD-25MAY2118-T107749.99,DELTA,71,250,76,300,912,no,24,300
2025-05-21T14:04:23.093900,KXBTCD-25MAY2118-T107749.99,DELTA,71,250,76,300,913,yes,41,2000
2025-05-21T14:04:23.118407,KXBTCD-25MAY2118-T107749.99,DELTA,71,250,76,300,914,yes,69,1000
2025-05-21T14:04:23.153629,KXBTCD-25MAY2118-T107749.99,DELTA,71,250,76,300,915,no,21,-9
2025-05-21T14:04:23.154244,KXBTCD-25MAY2118-T107749.99,DELTA,71,250,76,300,916,no,5,9
2025-05-21T14:04:23.154756,KXBTCD-25MAY2118-T107749.99,DELTA,71,250,76,300,917,yes,69,-1000
2025-05-21T14:04:23.272676,KXBTCD-25MAY2118-T107749.99,DELTA,72,1000,76,300,918,yes,72,1000
2025-05-21T14:04:23.734153,KXBTCD-25MAY2118-T107749.99,DELTA,72,1000,76,300,919,yes,68,100
2025-05-21T14:04:23.737661,KXBTCD-25MAY2118-T107749.99,DELTA,72,1000,76,300,920,yes,41,-2000
2025-05-21T14:04:23.758376,KXBTCD-25MAY2118-T107749.99,DELTA,72,1000,76,400,921,no,24,100
2025-05-21T14:04:23.813503,KXBTCD-25MAY2118-T107749.99,DELTA,72,1000,76,400,922,yes,71,2000
2025-05-21T14:04:23.933214,KXBTCD-25MAY2118-T107749.99,DELTA,72,1000,76,400,923,no,5,-9
2025-05-21T14:04:23.933458,KXBTCD-25MAY2118-T107749.99,DELTA,72,1000,76,400,924,no,4,9
2025-05-21T14:04:23.933735,KXBTCD-25MAY2118-T107749.99,DELTA,72,1000,76,300,925,no,24,-100
2025-05-21T14:04:23.953062,KXBTCD-25MAY2118-T107749.99,DELTA,72,1000,76,300,926,yes,71,-2000
2025-05-21T14:04:24.012754,KXBTCD-25MAY2118-T107749.99,DELTA,72,1000,76,300,927,yes,69,2000
2025-05-21T14:04:25.013630,KXBTCD-25MAY2118-T107749.99,DELTA,72,1000,75,100,928,no,25,100
2025-05-21T14:04:25.434535,KXBTCD-25MAY2118-T107749.99,DELTA,72,1000,75,100,929,yes,69,-2000
2025-05-21T14:04:25.434667,KXBTCD-25MAY2118-T107749.99,DELTA,72,1000,75,100,930,yes,71,1250
2025-05-21T14:04:25.453337,KXBTCD-25MAY2118-T107749.99,DELTA,72,1000,75,100,931,yes,16,-8000
2025-05-21T14:04:25.593010,KXBTCD-25MAY2118-T107749.99,DELTA,72,1000,75,100,932,yes,71,2000
2025-05-21T14:04:25.593186,KXBTCD-25MAY2118-T107749.99,DELTA,72,1000,75,100,933,yes,18,8000
2025-05-21T14:04:27.493085,KXBTCD-25MAY2118-T107749.99,DELTA,72,1000,75,100,934,yes,71,-2000
2025-05-21T14:04:27.493340,KXBTCD-25MAY2118-T107749.99,DELTA,72,1000,75,100,935,yes,71,-1250
2025-05-21T14:04:27.552848,KXBTCD-25MAY2118-T107749.99,DELTA,72,1000,75,100,936,yes,68,-50
2025-05-21T14:04:27.553458,KXBTCD-25MAY2118-T107749.99,DELTA,72,1000,75,100,937,yes,69,50
2025-05-21T14:04:27.693505,KXBTCD-25MAY2118-T107749.99,DELTA,72,2250,75,100,938,yes,72,1250
2025-05-21T14:04:27.713604,KXBTCD-25MAY2118-T107749.99,DELTA,72,4250,75,100,939,yes,72,2000
2025-05-21T14:04:28.033830,KXBTCD-25MAY2118-T107749.99,DELTA,72,4250,75,100,940,yes,66,24
2025-05-21T14:04:28.053401,KXBTCD-25MAY2118-T107749.99,DELTA,72,4250,75,100,941,yes,64,-24
2025-05-21T14:04:28.053594,KXBTCD-25MAY2118-T107749.99,DELTA,72,4250,75,100,942,no,17,24
2025-05-21T14:04:28.053734,KXBTCD-25MAY2118-T107749.99,DELTA,72,4250,75,100,943,no,19,-24
2025-05-21T14:04:28.194245,KXBTCD-25MAY2118-T107749.99,DELTA,72,4250,75,100,944,yes,71,-250
2025-05-21T14:04:28.213593,KXBTCD-25MAY2118-T107749.99,DELTA,72,4250,75,100,945,no,24,-300
2025-05-21T14:04:28.293242,KXBTCD-25MAY2118-T107749.99,DELTA,73,50,75,100,946,yes,73,50
2025-05-21T14:04:28.312988,KXBTCD-25MAY2118-T107749.99,DELTA,73,50,75,100,947,no,23,250
2025-05-21T14:04:28.353164,KXBTCD-25MAY2118-T107749.99,DELTA,73,50,75,100,948,yes,72,-2000
2025-05-21T14:04:28.372473,KXBTCD-25MAY2118-T107749.99,DELTA,73,50,75,100,949,yes,72,-1000
2025-05-21T14:04:28.373162,KXBTCD-25MAY2118-T107749.99,DELTA,72,1250,75,100,950,yes,73,-50
2025-05-21T14:04:28.373698,KXBTCD-25MAY2118-T107749.99,DELTA,69,50,75,100,951,yes,72,-1250
2025-05-21T14:04:28.392836,KXBTCD-25MAY2118-T107749.99,DELTA,69,50,75,100,952,yes,18,-8000
2025-05-21T14:04:28.412498,KXBTCD-25MAY2118-T107749.99,DELTA,69,50,75,100,953,no,4,-9
2025-05-21T14:04:28.412737,KXBTCD-25MAY2118-T107749.99,DELTA,69,50,75,100,954,no,18,9
2025-05-21T14:04:28.492933,KXBTCD-25MAY2118-T107749.99,DELTA,73,200,75,100,955,yes,73,200
2025-05-21T14:04:28.532756,KXBTCD-25MAY2118-T107749.99,DELTA,73,200,75,100,956,yes,41,2000
2025-05-21T14:04:28.532934,KXBTCD-25MAY2118-T107749.99,DELTA,73,200,75,100,957,yes,17,-1905
2025-05-21T14:04:28.533011,KXBTCD-25MAY2118-T107749.99,DELTA,73,200,75,100,958,yes,6,5400
2025-05-21T14:04:28.533069,KXBTCD-25MAY2118-T107749.99,DELTA,73,200,75,100,959,yes,70,1000
2025-05-21T14:04:28.533120,KXBTCD-25MAY2118-T107749.99,DELTA,73,200,75,100,960,yes,23,8000
2025-05-21T14:04:28.653491,KXBTCD-25MAY2118-T107749.99,DELTA,73,200,75,100,961,yes,41,-2000
2025-05-21T14:04:28.673093,KXBTCD-25MAY2118-T107749.99,DELTA,73,200,75,100,962,yes,67,24
2025-05-21T14:04:28.673261,KXBTCD-25MAY2118-T107749.99,DELTA,73,200,75,100,963,yes,70,-1000
2025-05-21T14:04:28.673346,KXBTCD-25MAY2118-T107749.99,DELTA,73,200,75,100,964,no,15,24
2025-05-21T14:04:28.712627,KXBTCD-25MAY2118-T107749.99,DELTA,73,200,75,100,965,yes,66,-24
2025-05-21T14:04:28.712820,KXBTCD-25MAY2118-T107749.99,DELTA,73,200,75,100,966,no,17,-24
2025-05-21T14:04:28.854250,KXBTCD-25MAY2118-T107749.99,DELTA,73,200,75,100,967,no,23,-250
2025-05-21T14:04:28.873179,KXBTCD-25MAY2118-T107749.99,DELTA,74,2000,75,100,968,yes,74,2000
2025-05-21T14:04:28.873837,KXBTCD-25MAY2118-T107749.99,DELTA,74,3000,75,100,969,yes,74,1000
2025-05-21T14:04:28.874352,KXBTCD-25MAY2118-T107749.99,DELTA,74,3000,75,100,970,yes,5,-20000
2025-05-21T14:04:28.972599,KXBTCD-25MAY2118-T107749.99,DELTA,74,3000,75,100,971,no,22,150
2025-05-21T14:04:29.074155,KXBTCD-25MAY2118-T107749.99,DELTA,74,3000,75,100,972,yes,7,20000
2025-05-21T14:04:29.172739,KXBTCD-25MAY2118-T107749.99,DELTA,74,3000,75,100,973,yes,69,-50
2025-05-21T14:04:29.173415,KXBTCD-25MAY2118-T107749.99,DELTA,74,3000,75,100,974,yes,71,50
2025-05-21T14:04:29.213220,KXBTCD-25MAY2118-T107749.99,DELTA,74,1000,75,100,975,yes,74,-2000
2025-05-21T14:04:29.213906,KXBTCD-25MAY2118-T107749.99,DELTA,74,1000,75,100,976,no,4,9
2025-05-21T14:04:29.233732,KXBTCD-25MAY2118-T107749.99,DELTA,74,1000,75,100,977,no,18,-9
2025-05-21T14:04:29.333180,KXBTCD-25MAY2118-T107749.99,DELTA,74,1000,75,100,978,yes,73,2000
2025-05-21T14:04:29.613246,KXBTCD-25MAY2118-T107749.99,DELTA,74,1000,75,100,979,yes,73,-2000
2025-05-21T14:04:29.712554,KXBTCD-25MAY2118-T107749.99,DELTA,74,1000,78,150,980,no,25,-100
2025-05-21T14:04:29.752753,KXBTCD-25MAY2118-T107749.99,DELTA,74,3000,78,150,981,yes,74,2000
2025-05-21T14:04:29.934428,KXBTCD-25MAY2118-T107749.99,DELTA,74,3000,78,150,982,yes,68,-100
2025-05-21T14:04:30.054539,KXBTCD-25MAY2118-T107749.99,DELTA,74,3000,78,150,983,no,16,9
2025-05-21T14:04:30.054773,KXBTCD-25MAY2118-T107749.99,DELTA,74,3000,78,150,984,no,4,-9
2025-05-21T14:04:30.140095,KXBTCD-25MAY2118-T107749.99,DELTA,74,1000,78,150,985,yes,74,-2000
2025-05-21T14:04:30.253124,KXBTCD-25MAY2118-T107749.99,DELTA,74,1000,78,150,986,yes,73,2000
2025-05-21T14:04:30.913218,KXBTCD-25MAY2118-T107749.99,DELTA,74,1000,78,150,987,yes,6,-5400
2025-05-21T14:04:30.913574,KXBTCD-25MAY2118-T107749.99,DELTA,74,1000,78,150,988,yes,24,1350
2025-05-21T14:04:30.932597,KXBTCD-25MAY2118-T107749.99,DELTA,74,1000,78,150,989,yes,69,100
2025-05-21T14:04:30.992398,KXBTCD-25MAY2118-T107749.99,DELTA,74,1000,77,100,990,no,23,100
2025-05-21T14:04:31.033498,KXBTCD-25MAY2118-T107749.99,DELTA,74,1000,77,100,991,yes,7,-20000
2025-05-21T14:04:31.133444,KXBTCD-25MAY2118-T107749.99,DELTA,74,1000,77,100,992,yes,5,20000
2025-05-21T14:04:38.532972,KXBTCD-25MAY2118-T107749.99,DELTA,74,1000,77,100,993,yes,73,-2000
2025-05-21T14:04:38.652165,KXBTCD-25MAY2118-T107749.99,DELTA,74,3000,77,100,994,yes,74,2000
2025-05-21T14:04:38.652627,KXBTCD-25MAY2118-T107749.99,DELTA,74,3000,77,100,995,no,16,-9
2025-05-21T14:04:38.652900,KXBTCD-25MAY2118-T107749.99,DELTA,74,3000,77,100,996,no,4,9
2025-05-21T14:04:38.675234,KXBTCD-25MAY2118-T107749.99,DELTA,74,3000,77,100,997,no,22,-150
2025-05-21T14:04:38.732704,KXBTCD-25MAY2118-T107749.99,DELTA,74,3000,77,100,998,no,21,400
2025-05-21T14:04:40.352357,KXBTCD-25MAY2118-T107749.99,DELTA,74,3000,77,100,999,yes,69,-100
2025-05-21T14:04:40.472354,KXBTCD-25MAY2118-T107749.99,DELTA,74,3000,77,100,1000,no,4,-9
2025-05-21T14:04:40.693531,KXBTCD-25MAY2118-T107749.99,DELTA,74,3000,77,100,1001,yes,71,-50
2025-05-21T14:04:41.054196,KXBTCD-25MAY2118-T107749.99,DELTA,74,3000,77,100,1002,yes,70,100
2025-05-21T14:04:41.367832,KXBTCD-25MAY2118-T107749.99,DELTA,74,3000,77,100,1003,yes,69,24
2025-05-21T14:04:41.369153,KXBTCD-25MAY2118-T107749.99,DELTA,74,3000,77,100,1004,yes,67,-24
2025-05-21T14:04:41.370000,KXBTCD-25MAY2118-T107749.99,DELTA,74,3000,77,100,1005,no,15,-24
2025-05-21T14:04:41.370625,KXBTCD-25MAY2118-T107749.99,DELTA,74,3000,77,100,1006,no,14,24
2025-05-21T14:04:41.715801,KXBTCD-25MAY2118-T107749.99,DELTA,74,3000,77,100,1007,yes,73,-200
2025-05-21T14:04:41.733204,KXBTCD-25MAY2118-T107749.99,DELTA,74,3000,77,100,1008,yes,72,50
2025-05-21T14:04:41.793477,KXBTCD-25MAY2118-T107749.99,DELTA,75,100,77,100,1009,yes,75,100
2025-05-21T14:04:41.873094,KXBTCD-25MAY2118-T107749.99,DELTA,75,100,77,100,1010,yes,74,-2000
2025-05-21T14:04:41.873281,KXBTCD-25MAY2118-T107749.99,DELTA,74,1000,77,100,1011,yes,75,-100
2025-05-21T14:04:41.892892,KXBTCD-25MAY2118-T107749.99,DELTA,72,50,77,100,1012,yes,74,-1000
2025-05-21T14:04:41.972687,KXBTCD-25MAY2118-T107749.99,DELTA,75,250,77,100,1013,yes,75,250
2025-05-21T14:04:42.032877,KXBTCD-25MAY2118-T107749.99,DELTA,75,250,77,100,1014,yes,73,1000
2025-05-21T14:04:42.033083,KXBTCD-25MAY2118-T107749.99,DELTA,75,250,77,100,1015,yes,41,2000
2025-05-21T14:04:42.172730,KXBTCD-25MAY2118-T107749.99,DELTA,75,250,77,100,1016,yes,73,-1000
2025-05-21T14:04:42.272853,KXBTCD-25MAY2118-T107749.99,DELTA,75,250,77,100,1017,yes,71,9
2025-05-21T14:04:42.292377,KXBTCD-25MAY2118-T107749.99,DELTA,76,1000,77,100,1018,yes,76,1000
2025-05-21T14:04:42.412793,KXBTCD-25MAY2118-T107749.99,DELTA,76,1000,77,100,1019,no,21,-400
2025-05-21T14:04:42.473550,KXBTCD-25MAY2118-T107749.99,DELTA,76,1000,77,100,1020,no,20,350
2025-05-21T14:04:42.772120,KXBTCD-25MAY2118-T107749.99,DELTA,76,1000,80,350,1021,no,23,-100
2025-05-21T14:04:42.792115,KXBTCD-25MAY2118-T107749.99,DELTA,76,1000,80,350,1022,yes,70,-100
2025-05-21T14:04:42.833047,KXBTCD-25MAY2118-T107749.99,DELTA,76,1000,80,350,1023,yes,75,1250
2025-05-21T14:04:42.852460,KXBTCD-25MAY2118-T107749.99,DELTA,76,1000,80,350,1024,yes,41,-2000
2025-05-21T14:04:42.972456,KXBTCD-25MAY2118-T107749.99,DELTA,76,1000,80,350,1025,yes,75,2000
2025-05-21T14:04:43.093203,KXBTCD-25MAY2118-T107749.99,DELTA,76,1000,80,350,1026,yes,71,-9
2025-05-21T14:04:43.093949,KXBTCD-25MAY2118-T107749.99,DELTA,76,1000,80,350,1027,no,4,9
2025-05-21T14:04:44.079394,KXBTCD-25MAY2118-T107749.99,DELTA,76,1000,79,100,1028,no,21,100
2025-05-21T14:04:44.079778,KXBTCD-25MAY2118-T107749.99,DELTA,76,1000,79,100,1029,yes,71,100
2025-05-21T14:04:46.674471,KXBTCD-25MAY2118-T107749.99,DELTA,76,1000,79,100,1030,yes,72,-50
2025-05-21T14:04:46.675194,KXBTCD-25MAY2118-T107749.99,DELTA,76,1000,79,100,1031,yes,73,50
2025-05-21T14:04:46.813778,KXBTCD-25MAY2118-T107749.99,DELTA,76,1000,79,100,1032,yes,75,-250
2025-05-21T14:04:46.814425,KXBTCD-25MAY2118-T107749.99,DELTA,76,1000,79,100,1033,no,20,-350
2025-05-21T14:04:46.954575,KXBTCD-25MAY2118-T107749.99,DELTA,76,1000,79,100,1034,yes,75,-2000
2025-05-21T14:04:46.974884,KXBTCD-25MAY2118-T107749.99,DELTA,75,1250,79,100,1035,yes,76,-1000
2025-05-21T14:04:46.976019,KXBTCD-25MAY2118-T107749.99,DELTA,73,50,79,100,1036,yes,75,-1250
2025-05-21T14:04:46.993041,KXBTCD-25MAY2118-T107749.99,DELTA,77,200,79,100,1037,yes,77,200
2025-05-21T14:04:47.014450,KXBTCD-25MAY2118-T107749.99,DELTA,77,200,79,100,1038,no,19,150
2025-05-21T14:04:47.015242,KXBTCD-25MAY2118-T107749.99,DELTA,77,200,79,100,1039,yes,71,-100
2025-05-21T14:04:47.113034,KXBTCD-25MAY2118-T107749.99,DELTA,77,200,79,100,1040,yes,41,2000
2025-05-21T14:04:47.132569,KXBTCD-25MAY2118-T107749.99,DELTA,77,200,79,100,1041,yes,74,1000
2025-05-21T14:04:47.254128,KXBTCD-25MAY2118-T107749.99,DELTA,77,200,79,100,1042,yes,74,-1000
2025-05-21T14:04:47.353901,KXBTCD-25MAY2118-T107749.99,DELTA,73,50,79,100,1043,yes,77,-200
2025-05-21T14:04:47.374576,KXBTCD-25MAY2118-T107749.99,DELTA,73,50,79,100,1044,no,19,-150
2025-05-21T14:04:47.433669,KXBTCD-25MAY2118-T107749.99,DELTA,78,1000,79,100,1045,yes,78,1000
2025-05-21T14:04:47.492907,KXBTCD-25MAY2118-T107749.99,DELTA,78,1000,79,100,1046,yes,76,300
2025-05-21T14:04:47.493384,KXBTCD-25MAY2118-T107749.99,DELTA,78,1000,79,100,1047,no,19,400
2025-05-21T14:04:47.553726,KXBTCD-25MAY2118-T107749.99,DELTA,78,1000,79,100,1048,no,4,-9
2025-05-21T14:04:47.554552,KXBTCD-25MAY2118-T107749.99,DELTA,78,1000,79,100,1049,no,15,9
2025-05-21T14:04:47.555090,KXBTCD-25MAY2118-T107749.99,DELTA,76,300,79,100,1050,yes,78,-1000
2025-05-21T14:04:47.654177,KXBTCD-25MAY2118-T107749.99,DELTA,76,300,79,100,1051,yes,69,-24
2025-05-21T14:04:47.655097,KXBTCD-25MAY2118-T107749.99,DELTA,76,300,79,100,1052,yes,71,24
2025-05-21T14:04:47.655765,KXBTCD-25MAY2118-T107749.99,DELTA,76,1550,79,100,1053,yes,76,1250
2025-05-21T14:04:47.656170,KXBTCD-25MAY2118-T107749.99,DELTA,76,1550,79,100,1054,no,12,24
2025-05-21T14:04:47.656522,KXBTCD-25MAY2118-T107749.99,DELTA,76,1550,79,100,1055,no,14,-24
2025-05-21T14:04:47.673890,KXBTCD-25MAY2118-T107749.99,DELTA,77,1000,79,100,1056,yes,77,1000
2025-05-21T14:04:47.793825,KXBTCD-25MAY2118-T107749.99,DELTA,77,1000,79,100,1057,yes,41,-2000
2025-05-21T14:04:47.913272,KXBTCD-25MAY2118-T107749.99,DELTA,77,1000,79,100,1058,yes,76,2000
2025-05-21T14:04:48.233943,KXBTCD-25MAY2118-T107749.99,DELTA,77,1000,79,100,1059,yes,72,100
2025-05-21T14:04:48.352814,KXBTCD-25MAY2118-T107749.99,DELTA,77,1000,79,100,1060,no,15,-9
2025-05-21T14:05:00.435718,KXBTCD-25MAY2118-T107749.99,DELTA,77,1000,79,100,1061,yes,76,-2000
2025-05-21T14:05:00.454994,KXBTCD-25MAY2118-T107749.99,DELTA,77,1000,79,100,1062,yes,76,-1250
2025-05-21T14:05:00.515129,KXBTCD-25MAY2118-T107749.99,DELTA,77,1000,79,100,1063,yes,73,-50
2025-05-21T14:05:00.515814,KXBTCD-25MAY2118-T107749.99,DELTA,77,1000,79,100,1064,yes,72,50
2025-05-21T14:05:00.533850,KXBTCD-25MAY2118-T107749.99,DELTA,77,1000,79,100,1065,yes,76,-300
2025-05-21T14:05:00.573778,KXBTCD-25MAY2118-T107749.99,DELTA,77,1000,79,100,1066,no,19,-400
2025-05-21T14:05:00.634862,KXBTCD-25MAY2118-T107749.99,DELTA,77,1000,79,100,1067,yes,41,2000
2025-05-21T14:05:00.715555,KXBTCD-25MAY2118-T107749.99,DELTA,77,1000,79,100,1068,yes,72,-50
2025-05-21T14:05:00.716068,KXBTCD-25MAY2118-T107749.99,DELTA,77,1000,79,100,1069,yes,71,50
2025-05-21T14:05:00.716236,KXBTCD-25MAY2118-T107749.99,DELTA,77,1000,79,100,1070,yes,75,100
2025-05-21T14:05:00.733301,KXBTCD-25MAY2118-T107749.99,DELTA,77,1000,79,300,1071,no,21,200
2025-05-21T14:05:00.752696,KXBTCD-25MAY2118-T107749.99,DELTA,75,100,79,300,1072,yes,77,-1000
2025-05-21T14:05:00.912825,KXBTCD-25MAY2118-T107749.99,DELTA,76,1000,79,300,1073,yes,76,1000
2025-05-21T14:05:01.214114,KXBTCD-25MAY2118-T107749.99,DELTA,76,1000,79,300,1074,yes,70,250
2025-05-21T14:05:01.233180,KXBTCD-25MAY2118-T107749.99,DELTA,76,1000,79,300,1075,no,6,250
2025-05-21T14:05:01.233896,KXBTCD-25MAY2118-T107749.99,DELTA,76,1000,79,300,1076,no,8,250
2025-05-21T14:05:01.253537,KXBTCD-25MAY2118-T107749.99,DELTA,76,1000,79,300,1077,no,10,250
2025-05-21T14:05:01.254021,KXBTCD-25MAY2118-T107749.99,DELTA,76,1000,79,300,1078,no,12,250
2025-05-21T14:05:01.273531,KXBTCD-25MAY2118-T107749.99,DELTA,76,1000,79,300,1079,no,14,250
2025-05-21T14:05:01.274078,KXBTCD-25MAY2118-T107749.99,DELTA,76,1000,79,300,1080,yes,68,250
2025-05-21T14:05:01.292880,KXBTCD-25MAY2118-T107749.99,DELTA,76,1000,79,300,1081,yes,72,250
2025-05-21T14:05:01.293680,KXBTCD-25MAY2118-T107749.99,DELTA,76,1000,79,300,1082,yes,66,250
2025-05-21T14:05:01.312947,KXBTCD-25MAY2118-T107749.99,DELTA,76,1000,79,300,1083,yes,64,250
2025-05-21T14:05:01.334977,KXBTCD-25MAY2118-T107749.99,DELTA,76,1000,79,300,1084,no,4,9
2025-05-21T14:05:01.373323,KXBTCD-25MAY2118-T107749.99,DELTA,76,1000,79,300,1085,yes,71,1250
2025-05-21T14:05:01.374243,KXBTCD-25MAY2118-T107749.99,DELTA,76,1000,79,300,1086,yes,41,-2000
2025-05-21T14:05:01.417763,KXBTCD-25MAY2118-T107749.99,DELTA,76,1000,79,300,1087,no,9,1000
2025-05-21T14:05:01.452785,KXBTCD-25MAY2118-T107749.99,DELTA,76,1000,79,300,1088,yes,72,-100
2025-05-21T14:05:01.453434,KXBTCD-25MAY2118-T107749.99,DELTA,76,1000,79,300,1089,no,9,1250
