timestamp,market_ticker,type,yes_bid_price_cents,yes_bid_qty,yes_ask_price_cents,yes_ask_qty_on_no_side,sequence_num,delta_side,delta_price_cents,delta_quantity
2025-05-20T12:34:21.814096,KXBTCD-25MAY2016-T106499.99,SNAPSHOT,51,264,55,2877,1,,,
2025-05-20T12:34:22.170209,KXBTCD-25MAY2016-T106499.99,DELTA,51,264,55,2877,2,yes,49,-100
2025-05-20T12:34:22.209408,KXBTCD-25MAY2016-T106499.99,DELTA,51,264,55,2877,3,no,4,-5670
2025-05-20T12:34:22.210185,KXBTCD-25MAY2016-T106499.99,DELTA,51,264,55,2877,4,no,10,2268
2025-05-20T12:34:22.289387,KXBTCD-25MAY2016-T106499.99,DELTA,51,264,55,2877,5,no,5,-20000
2025-05-20T12:34:22.709605,KXBTCD-25MAY2016-T106499.99,DELTA,51,14,55,2877,6,yes,51,-250
2025-05-20T12:34:22.770549,KXBTCD-25MAY2016-T106499.99,DELTA,53,150,55,2877,7,yes,53,150
2025-05-20T12:34:22.771689,KXBTCD-25MAY2016-T106499.99,DELTA,53,150,55,2877,8,yes,44,-2000
2025-05-20T12:34:22.791032,KXBTCD-25MAY2016-T106499.99,DELTA,53,150,55,2877,9,yes,47,-1000
2025-05-20T12:34:22.791507,KXBTCD-25MAY2016-T106499.99,DELTA,53,150,55,2877,10,yes,42,-1250
2025-05-20T12:34:22.791922,KXBTCD-25MAY2016-T106499.99,DELTA,53,150,55,2877,11,no,41,-500
2025-05-20T12:34:22.792367,KXBTCD-25MAY2016-T106499.99,DELTA,53,150,55,2877,12,no,40,500
2025-05-20T12:34:22.809759,KXBTCD-25MAY2016-T106499.99,DELTA,53,150,55,877,13,no,45,-2000
2025-05-20T12:34:22.810214,KXBTCD-25MAY2016-T106499.99,DELTA,53,150,55,877,14,no,43,-1250
2025-05-20T12:34:22.829795,KXBTCD-25MAY2016-T106499.99,DELTA,53,150,55,877,15,yes,50,-500
2025-05-20T12:34:22.830108,KXBTCD-25MAY2016-T106499.99,DELTA,53,150,55,877,16,yes,51,500
2025-05-20T12:34:22.958603,KXBTCD-25MAY2016-T106499.99,DELTA,53,150,55,877,17,yes,46,2000
2025-05-20T12:34:22.958918,KXBTCD-25MAY2016-T106499.99,DELTA,53,150,55,877,18,no,41,1250
2025-05-20T12:34:22.959304,KXBTCD-25MAY2016-T106499.99,DELTA,53,150,55,877,19,yes,44,1250
2025-05-20T12:34:22.959432,KXBTCD-25MAY2016-T106499.99,DELTA,53,150,55,877,20,no,43,2000
2025-05-20T12:34:22.959550,KXBTCD-25MAY2016-T106499.99,DELTA,53,150,55,877,21,yes,48,1000
2025-05-20T12:34:23.379849,KXBTCD-25MAY2016-T106499.99,DELTA,53,150,55,877,22,yes,50,100
2025-05-20T12:34:24.790727,KXBTCD-25MAY2016-T106499.99,DELTA,53,150,55,877,23,yes,12,-1890
2025-05-20T12:34:24.792296,KXBTCD-25MAY2016-T106499.99,DELTA,53,150,55,877,24,yes,13,1744
2025-05-20T12:34:25.509103,KXBTCD-25MAY2016-T106499.99,DELTA,53,150,55,877,25,yes,50,100
2025-05-20T12:34:25.729760,KXBTCD-25MAY2016-T106499.99,DELTA,53,150,55,877,26,no,10,-2268
2025-05-20T12:34:25.730520,KXBTCD-25MAY2016-T106499.99,DELTA,53,150,55,877,27,no,11,2061
2025-05-20T12:34:27.015203,KXBTCD-25MAY2016-T106499.99,DELTA,53,150,55,877,28,yes,51,-500
2025-05-20T12:34:27.084664,KXBTCD-25MAY2016-T106499.99,DELTA,53,150,55,877,29,no,40,-500
2025-05-20T12:34:27.148944,KXBTCD-25MAY2016-T106499.99,DELTA,53,164,55,877,30,yes,53,14
2025-05-20T12:34:27.149443,KXBTCD-25MAY2016-T106499.99,DELTA,53,164,55,877,31,yes,51,-14
2025-05-20T12:34:27.149855,KXBTCD-25MAY2016-T106499.99,DELTA,53,164,55,877,32,no,40,14
2025-05-20T12:34:27.149991,KXBTCD-25MAY2016-T106499.99,DELTA,53,164,55,877,33,no,41,-14
2025-05-20T12:34:27.970129,KXBTCD-25MAY2016-T106499.99,DELTA,53,164,55,877,34,yes,46,-2000
2025-05-20T12:34:27.970613,KXBTCD-25MAY2016-T106499.99,DELTA,53,164,55,877,35,yes,44,-1250
2025-05-20T12:34:27.988440,KXBTCD-25MAY2016-T106499.99,DELTA,53,164,55,877,36,no,43,-2000
2025-05-20T12:34:27.988878,KXBTCD-25MAY2016-T106499.99,DELTA,53,164,55,877,37,no,41,-1250
2025-05-20T12:34:28.050051,KXBTCD-25MAY2016-T106499.99,DELTA,53,164,55,877,38,yes,45,2000
2025-05-20T12:34:28.068858,KXBTCD-25MAY2016-T106499.99,DELTA,53,164,55,877,39,no,44,2000
2025-05-20T12:34:28.069383,KXBTCD-25MAY2016-T106499.99,DELTA,53,164,55,877,40,yes,43,1250
2025-05-20T12:34:28.069568,KXBTCD-25MAY2016-T106499.99,DELTA,53,164,55,877,41,no,42,1250
2025-05-20T12:34:28.489178,KXBTCD-25MAY2016-T106499.99,DELTA,53,164,55,877,42,no,40,500
2025-05-20T12:34:28.489528,KXBTCD-25MAY2016-T106499.99,DELTA,53,164,55,877,43,yes,51,500
2025-05-20T12:34:30.142374,KXBTCD-25MAY2016-T106499.99,DELTA,53,164,55,877,44,yes,51,30
2025-05-20T12:34:30.143637,KXBTCD-25MAY2016-T106499.99,DELTA,53,164,55,877,45,no,39,30
2025-05-20T12:34:30.144220,KXBTCD-25MAY2016-T106499.99,DELTA,53,164,55,877,46,yes,50,-30
2025-05-20T12:34:30.144630,KXBTCD-25MAY2016-T106499.99,DELTA,53,164,55,877,47,no,40,-30
2025-05-20T12:34:30.930260,KXBTCD-25MAY2016-T106499.99,DELTA,53,164,55,877,48,yes,45,-2000
2025-05-20T12:34:30.949937,KXBTCD-25MAY2016-T106499.99,DELTA,53,164,55,877,49,yes,43,-1250
2025-05-20T12:34:30.950325,KXBTCD-25MAY2016-T106499.99,DELTA,53,164,55,877,50,no,44,-2000
2025-05-20T12:34:30.969776,KXBTCD-25MAY2016-T106499.99,DELTA,53,164,55,877,51,no,42,-1250
2025-05-20T12:34:31.009752,KXBTCD-25MAY2016-T106499.99,DELTA,53,164,55,877,52,yes,46,2000
2025-05-20T12:34:31.009987,KXBTCD-25MAY2016-T106499.99,DELTA,53,164,55,877,53,no,41,1250
2025-05-20T12:34:31.010099,KXBTCD-25MAY2016-T106499.99,DELTA,53,164,55,877,54,no,43,2000
2025-05-20T12:34:31.010179,KXBTCD-25MAY2016-T106499.99,DELTA,53,164,55,877,55,yes,44,1250
2025-05-20T12:34:31.886673,KXBTCD-25MAY2016-T106499.99,DELTA,53,164,55,877,56,yes,51,-500
2025-05-20T12:34:31.888008,KXBTCD-25MAY2016-T106499.99,DELTA,53,164,55,877,57,no,40,-500
2025-05-20T12:34:33.415739,KXBTCD-25MAY2016-T106499.99,DELTA,53,164,55,877,58,no,40,500
2025-05-20T12:34:33.434503,KXBTCD-25MAY2016-T106499.99,DELTA,53,164,55,877,59,yes,51,500
2025-05-20T12:34:33.810076,KXBTCD-25MAY2016-T106499.99,DELTA,53,164,55,877,60,no,44,-250
2025-05-20T12:34:33.830935,KXBTCD-25MAY2016-T106499.99,DELTA,53,164,55,877,61,no,43,300
2025-05-20T12:34:34.069280,KXBTCD-25MAY2016-T106499.99,DELTA,53,164,55,877,62,yes,46,-2000
2025-05-20T12:34:34.090143,KXBTCD-25MAY2016-T106499.99,DELTA,53,164,55,877,63,yes,44,-1250
2025-05-20T12:34:34.090581,KXBTCD-25MAY2016-T106499.99,DELTA,53,164,57,2400,64,no,45,-877
2025-05-20T12:34:34.109124,KXBTCD-25MAY2016-T106499.99,DELTA,53,164,57,2400,65,no,41,-1250
2025-05-20T12:34:34.328653,KXBTCD-25MAY2016-T106499.99,DELTA,53,164,57,2400,66,yes,45,2000
2025-05-20T12:34:34.329013,KXBTCD-25MAY2016-T106499.99,DELTA,53,164,57,400,67,no,43,-2000
2025-05-20T12:34:34.348320,KXBTCD-25MAY2016-T106499.99,DELTA,53,164,57,400,68,no,42,1250
2025-05-20T12:34:34.348563,KXBTCD-25MAY2016-T106499.99,DELTA,53,164,57,400,69,yes,43,1250
2025-05-20T12:34:34.410044,KXBTCD-25MAY2016-T106499.99,DELTA,53,164,56,1000,70,no,44,1000
2025-05-20T12:34:34.629544,KXBTCD-25MAY2016-T106499.99,DELTA,53,164,56,3000,71,no,44,2000
2025-05-20T12:34:39.251731,KXBTCD-25MAY2016-T106499.99,DELTA,53,164,56,3000,72,no,32,500
2025-05-20T12:34:39.251973,KXBTCD-25MAY2016-T106499.99,DELTA,53,164,56,3000,73,no,42,-500
2025-05-20T12:34:39.472991,KXBTCD-25MAY2016-T106499.99,DELTA,53,164,56,3000,74,no,42,-1250
2025-05-20T12:34:39.473642,KXBTCD-25MAY2016-T106499.99,DELTA,53,164,56,3000,75,no,41,1250
2025-05-20T12:34:39.509599,KXBTCD-25MAY2016-T106499.99,DELTA,53,164,56,3000,76,no,43,-100
2025-05-20T12:34:40.230413,KXBTCD-25MAY2016-T106499.99,DELTA,53,164,56,3000,77,yes,45,-2000
2025-05-20T12:34:40.231669,KXBTCD-25MAY2016-T106499.99,DELTA,53,164,56,3000,78,yes,43,-1250
2025-05-20T12:34:40.250159,KXBTCD-25MAY2016-T106499.99,DELTA,53,164,56,1000,79,no,44,-2000
2025-05-20T12:34:40.289670,KXBTCD-25MAY2016-T106499.99,DELTA,53,164,56,1000,80,yes,44,1250
2025-05-20T12:34:40.290609,KXBTCD-25MAY2016-T106499.99,DELTA,53,164,56,1000,81,no,43,2000
2025-05-20T12:34:40.311332,KXBTCD-25MAY2016-T106499.99,DELTA,53,164,56,1000,82,yes,46,2000
2025-05-20T12:34:40.430110,KXBTCD-25MAY2016-T106499.99,DELTA,53,164,56,1000,83,no,42,100
2025-05-20T12:34:41.608300,KXBTCD-25MAY2016-T106499.99,DELTA,53,164,56,1000,84,yes,46,-2000
2025-05-20T12:34:41.610189,KXBTCD-25MAY2016-T106499.99,DELTA,53,164,56,1000,85,yes,48,-1000
2025-05-20T12:34:41.610865,KXBTCD-25MAY2016-T106499.99,DELTA,53,14,56,1000,86,yes,53,-150
2025-05-20T12:34:41.611429,KXBTCD-25MAY2016-T106499.99,DELTA,53,14,56,1000,87,yes,44,-1250
2025-05-20T12:34:41.630652,KXBTCD-25MAY2016-T106499.99,DELTA,53,14,56,1000,88,no,43,-2000
2025-05-20T12:34:41.650417,KXBTCD-25MAY2016-T106499.99,DELTA,53,14,56,1000,89,yes,52,250
2025-05-20T12:34:41.689710,KXBTCD-25MAY2016-T106499.99,DELTA,53,14,56,1000,90,no,43,-300
2025-05-20T12:34:41.751405,KXBTCD-25MAY2016-T106499.99,DELTA,53,14,56,1000,91,yes,43,1250
2025-05-20T12:34:41.752407,KXBTCD-25MAY2016-T106499.99,DELTA,53,14,56,3000,92,no,44,2000
2025-05-20T12:34:41.752992,KXBTCD-25MAY2016-T106499.99,DELTA,53,14,56,3000,93,yes,47,1000
2025-05-20T12:34:41.753518,KXBTCD-25MAY2016-T106499.99,DELTA,53,14,56,3000,94,yes,45,2000
2025-05-20T12:34:41.753985,KXBTCD-25MAY2016-T106499.99,DELTA,53,14,55,150,95,no,45,150
2025-05-20T12:34:41.790372,KXBTCD-25MAY2016-T106499.99,DELTA,53,14,55,150,96,no,44,-1000
2025-05-20T12:34:41.850822,KXBTCD-25MAY2016-T106499.99,DELTA,53,14,55,150,97,no,44,-2000
2025-05-20T12:34:41.851359,KXBTCD-25MAY2016-T106499.99,DELTA,53,14,55,150,98,yes,51,-500
2025-05-20T12:34:41.851680,KXBTCD-25MAY2016-T106499.99,DELTA,53,14,55,150,99,yes,50,500
2025-05-20T12:34:41.852071,KXBTCD-25MAY2016-T106499.99,DELTA,53,14,54,1000,100,no,46,1000
2025-05-20T12:34:41.869877,KXBTCD-25MAY2016-T106499.99,DELTA,53,14,54,1000,101,no,40,-500
2025-05-20T12:34:41.870143,KXBTCD-25MAY2016-T106499.99,DELTA,53,14,54,1000,102,no,41,500
2025-05-20T12:34:41.950239,KXBTCD-25MAY2016-T106499.99,DELTA,53,14,54,1000,103,no,41,2000
2025-05-20T12:34:42.030373,KXBTCD-25MAY2016-T106499.99,DELTA,53,14,54,1000,104,no,41,-2000
2025-05-20T12:34:42.030765,KXBTCD-25MAY2016-T106499.99,DELTA,53,14,54,1000,105,no,41,-1250
2025-05-20T12:34:42.091272,KXBTCD-25MAY2016-T106499.99,DELTA,53,14,54,1000,106,no,42,2000
2025-05-20T12:34:42.091999,KXBTCD-25MAY2016-T106499.99,DELTA,53,14,54,1000,107,no,42,1250
2025-05-20T12:34:42.129977,KXBTCD-25MAY2016-T106499.99,DELTA,53,14,54,1000,108,no,45,-150
2025-05-20T12:34:42.150581,KXBTCD-25MAY2016-T106499.99,DELTA,53,14,54,1000,109,no,32,-500
2025-05-20T12:34:42.151414,KXBTCD-25MAY2016-T106499.99,DELTA,53,14,54,1000,110,no,42,500
2025-05-20T12:34:42.169579,KXBTCD-25MAY2016-T106499.99,DELTA,53,14,54,1000,111,no,44,250
2025-05-20T12:34:42.188823,KXBTCD-25MAY2016-T106499.99,DELTA,53,14,56,250,112,no,46,-1000
2025-05-20T12:34:42.270402,KXBTCD-25MAY2016-T106499.99,DELTA,53,14,56,250,113,no,42,-2000
2025-05-20T12:34:42.271392,KXBTCD-25MAY2016-T106499.99,DELTA,53,14,55,1000,114,no,45,1000
2025-05-20T12:34:42.350174,KXBTCD-25MAY2016-T106499.99,DELTA,53,14,55,1000,115,no,44,2000
2025-05-20T12:34:42.488758,KXBTCD-25MAY2016-T106499.99,DELTA,53,14,55,1000,116,no,42,-100
2025-05-20T12:34:42.509815,KXBTCD-25MAY2016-T106499.99,DELTA,53,14,55,1000,117,yes,50,-100
2025-05-20T12:34:43.290675,KXBTCD-25MAY2016-T106499.99,DELTA,53,14,55,1000,118,yes,45,-2000
2025-05-20T12:34:43.310651,KXBTCD-25MAY2016-T106499.99,DELTA,53,14,55,1000,119,yes,43,-1250
2025-05-20T12:34:43.311760,KXBTCD-25MAY2016-T106499.99,DELTA,53,14,55,1000,120,no,44,-2000
2025-05-20T12:34:43.329154,KXBTCD-25MAY2016-T106499.99,DELTA,53,14,55,1000,121,no,42,-1250
2025-05-20T12:34:43.369498,KXBTCD-25MAY2016-T106499.99,DELTA,53,14,55,1000,122,no,43,1250
2025-05-20T12:34:43.370378,KXBTCD-25MAY2016-T106499.99,DELTA,53,14,55,1000,123,yes,42,1250
2025-05-20T12:34:43.370922,KXBTCD-25MAY2016-T106499.99,DELTA,53,14,55,1000,124,yes,44,2000
2025-05-20T12:34:43.469744,KXBTCD-25MAY2016-T106499.99,DELTA,53,14,55,3000,125,no,45,2000
2025-05-20T12:34:43.655098,KXBTCD-25MAY2016-T106499.99,DELTA,53,14,55,3000,126,yes,49,100
2025-05-20T12:34:43.669228,KXBTCD-25MAY2016-T106499.99,DELTA,53,14,55,3000,127,no,43,100
2025-05-20T12:34:43.969166,KXBTCD-25MAY2016-T106499.99,DELTA,53,14,55,3000,128,yes,49,-100
2025-05-20T12:34:44.730456,KXBTCD-25MAY2016-T106499.99,DELTA,53,14,55,3000,129,yes,49,100
2025-05-20T12:34:45.009877,KXBTCD-25MAY2016-T106499.99,DELTA,53,14,55,3000,130,yes,49,-100
2025-05-20T12:34:45.710688,KXBTCD-25MAY2016-T106499.99,DELTA,53,14,55,3000,131,yes,49,100
2025-05-20T12:34:46.150857,KXBTCD-25MAY2016-T106499.99,DELTA,53,14,55,3000,132,yes,49,-100
2025-05-20T12:34:46.370782,KXBTCD-25MAY2016-T106499.99,DELTA,53,14,55,3000,133,yes,44,-2000
2025-05-20T12:34:46.390634,KXBTCD-25MAY2016-T106499.99,DELTA,53,14,55,3000,134,yes,42,-1250
2025-05-20T12:34:46.391776,KXBTCD-25MAY2016-T106499.99,DELTA,53,14,55,1000,135,no,45,-2000
2025-05-20T12:34:46.409792,KXBTCD-25MAY2016-T106499.99,DELTA,53,14,55,1000,136,no,43,-1250
2025-05-20T12:34:46.469837,KXBTCD-25MAY2016-T106499.99,DELTA,53,14,55,1000,137,no,44,2000
2025-05-20T12:34:46.470304,KXBTCD-25MAY2016-T106499.99,DELTA,53,14,55,1000,138,yes,43,1250
2025-05-20T12:34:46.488934,KXBTCD-25MAY2016-T106499.99,DELTA,53,14,55,1000,139,no,42,1250
2025-05-20T12:34:46.489194,KXBTCD-25MAY2016-T106499.99,DELTA,53,14,55,1000,140,yes,45,2000
2025-05-20T12:34:47.151247,KXBTCD-25MAY2016-T106499.99,DELTA,53,14,55,1000,141,yes,50,100
2025-05-20T12:34:49.494354,KXBTCD-25MAY2016-T106499.99,DELTA,53,14,55,1000,142,yes,45,-2000
2025-05-20T12:34:49.495578,KXBTCD-25MAY2016-T106499.99,DELTA,53,14,55,1000,143,yes,43,-1250
2025-05-20T12:34:49.496360,KXBTCD-25MAY2016-T106499.99,DELTA,53,14,55,1000,144,no,44,-2000
2025-05-20T12:34:49.509614,KXBTCD-25MAY2016-T106499.99,DELTA,53,14,55,1000,145,no,42,-1250
2025-05-20T12:34:49.590405,KXBTCD-25MAY2016-T106499.99,DELTA,53,14,55,1000,146,yes,42,1250
2025-05-20T12:34:49.610604,KXBTCD-25MAY2016-T106499.99,DELTA,53,14,55,3000,147,no,45,2000
2025-05-20T12:34:49.611122,KXBTCD-25MAY2016-T106499.99,DELTA,53,14,55,3000,148,yes,44,2000
2025-05-20T12:34:49.611353,KXBTCD-25MAY2016-T106499.99,DELTA,53,14,55,3000,149,no,43,1250
2025-05-20T12:34:49.990881,KXBTCD-25MAY2016-T106499.99,DELTA,53,14,55,3000,150,no,41,-500
2025-05-20T12:34:49.991923,KXBTCD-25MAY2016-T106499.99,DELTA,53,14,55,3000,151,no,40,500
2025-05-20T12:34:50.009689,KXBTCD-25MAY2016-T106499.99,DELTA,53,14,55,3000,152,yes,50,-500
2025-05-20T12:34:50.010656,KXBTCD-25MAY2016-T106499.99,DELTA,53,14,55,3000,153,yes,51,500
2025-05-20T12:34:50.710272,KXBTCD-25MAY2016-T106499.99,DELTA,53,14,55,3000,154,yes,44,-2000
2025-05-20T12:34:50.730319,KXBTCD-25MAY2016-T106499.99,DELTA,53,14,55,3000,155,yes,42,-1250
2025-05-20T12:34:50.731179,KXBTCD-25MAY2016-T106499.99,DELTA,53,14,55,1000,156,no,45,-2000
2025-05-20T12:34:50.750073,KXBTCD-25MAY2016-T106499.99,DELTA,53,14,55,1000,157,no,43,-1250
2025-05-20T12:34:50.813433,KXBTCD-25MAY2016-T106499.99,DELTA,53,14,55,1000,158,no,44,2000
2025-05-20T12:34:50.813915,KXBTCD-25MAY2016-T106499.99,DELTA,53,14,55,1000,159,no,42,1250
2025-05-20T12:34:50.814102,KXBTCD-25MAY2016-T106499.99,DELTA,53,14,55,1000,160,yes,45,2000
2025-05-20T12:34:51.029136,KXBTCD-25MAY2016-T106499.99,DELTA,53,14,55,1000,161,yes,43,1250
2025-05-20T12:34:51.130265,KXBTCD-25MAY2016-T106499.99,DELTA,53,14,55,1000,162,yes,51,-500
2025-05-20T12:34:51.130566,KXBTCD-25MAY2016-T106499.99,DELTA,53,14,55,1000,163,yes,50,500
2025-05-20T12:34:51.149401,KXBTCD-25MAY2016-T106499.99,DELTA,53,14,55,1000,164,no,40,-500
2025-05-20T12:34:51.149670,KXBTCD-25MAY2016-T106499.99,DELTA,53,14,55,1000,165,no,41,500
2025-05-20T12:34:51.549921,KXBTCD-25MAY2016-T106499.99,DELTA,53,14,55,1000,166,no,41,-500
2025-05-20T12:34:51.550759,KXBTCD-25MAY2016-T106499.99,DELTA,53,14,55,1000,167,no,40,500
2025-05-20T12:34:51.690819,KXBTCD-25MAY2016-T106499.99,DELTA,53,14,55,1000,168,yes,47,-1000
2025-05-20T12:34:51.730301,KXBTCD-25MAY2016-T106499.99,DELTA,53,14,55,1000,169,yes,48,1000
2025-05-20T12:34:51.809929,KXBTCD-25MAY2016-T106499.99,DELTA,53,14,55,1000,170,yes,50,-500
2025-05-20T12:34:51.810178,KXBTCD-25MAY2016-T106499.99,DELTA,53,14,55,1000,171,yes,51,500
2025-05-20T12:34:52.469537,KXBTCD-25MAY2016-T106499.99,DELTA,53,14,55,1000,172,yes,48,-1000
2025-05-20T12:34:52.509621,KXBTCD-25MAY2016-T106499.99,DELTA,53,14,55,1000,173,yes,47,1000
2025-05-20T12:34:52.610766,KXBTCD-25MAY2016-T106499.99,DELTA,53,14,55,1000,174,yes,47,-1000
2025-05-20T12:34:52.670146,KXBTCD-25MAY2016-T106499.99,DELTA,53,14,55,1000,175,yes,48,1000
2025-05-20T12:34:54.471283,KXBTCD-25MAY2016-T106499.99,DELTA,53,14,55,1000,176,yes,40,500
2025-05-20T12:34:54.472540,KXBTCD-25MAY2016-T106499.99,DELTA,53,14,55,1000,177,yes,50,-500
2025-05-20T12:34:54.473364,KXBTCD-25MAY2016-T106499.99,DELTA,52,250,55,1000,178,yes,53,-14
2025-05-20T12:34:54.474094,KXBTCD-25MAY2016-T106499.99,DELTA,52,250,55,1000,179,yes,51,-30
2025-05-20T12:34:54.474790,KXBTCD-25MAY2016-T106499.99,DELTA,52,250,55,1000,180,yes,50,30
2025-05-20T12:34:54.491702,KXBTCD-25MAY2016-T106499.99,DELTA,52,250,55,1000,181,no,41,30
2025-05-20T12:34:54.492287,KXBTCD-25MAY2016-T106499.99,DELTA,52,250,55,1000,182,no,40,-14
2025-05-20T12:34:54.492807,KXBTCD-25MAY2016-T106499.99,DELTA,52,250,55,1000,183,no,39,-30
2025-05-20T12:34:54.493321,KXBTCD-25MAY2016-T106499.99,DELTA,52,250,55,1000,184,yes,45,-2000
2025-05-20T12:34:54.510219,KXBTCD-25MAY2016-T106499.99,DELTA,52,250,55,1000,185,yes,51,14
2025-05-20T12:34:54.510852,KXBTCD-25MAY2016-T106499.99,DELTA,52,250,55,1000,186,yes,48,-1000
2025-05-20T12:34:54.511233,KXBTCD-25MAY2016-T106499.99,DELTA,52,250,55,1000,187,no,41,14
2025-05-20T12:34:54.511669,KXBTCD-25MAY2016-T106499.99,DELTA,52,250,55,1000,188,yes,43,-1250
2025-05-20T12:34:54.529923,KXBTCD-25MAY2016-T106499.99,DELTA,52,250,55,1000,189,no,44,-2000
2025-05-20T12:34:54.530281,KXBTCD-25MAY2016-T106499.99,DELTA,52,250,55,1000,190,no,42,-1250
2025-05-20T12:34:54.553457,KXBTCD-25MAY2016-T106499.99,DELTA,52,250,55,1000,191,yes,51,-500
2025-05-20T12:34:54.554032,KXBTCD-25MAY2016-T106499.99,DELTA,52,250,55,1000,192,yes,50,500
2025-05-20T12:34:54.554297,KXBTCD-25MAY2016-T106499.99,DELTA,52,250,55,1000,193,no,40,-500
2025-05-20T12:34:54.554506,KXBTCD-25MAY2016-T106499.99,DELTA,52,250,55,1000,194,no,41,500
2025-05-20T12:34:54.569562,KXBTCD-25MAY2016-T106499.99,DELTA,51,14,55,1000,195,yes,52,-250
2025-05-20T12:34:54.570541,KXBTCD-25MAY2016-T106499.99,DELTA,51,14,55,1000,196,yes,48,-500
2025-05-20T12:34:54.571019,KXBTCD-25MAY2016-T106499.99,DELTA,51,14,55,1000,197,yes,38,500
2025-05-20T12:34:54.571397,KXBTCD-25MAY2016-T106499.99,DELTA,51,14,55,1000,198,no,44,-250
2025-05-20T12:34:54.611698,KXBTCD-25MAY2016-T106499.99,DELTA,51,14,55,1000,199,yes,48,500
2025-05-20T12:34:54.630239,KXBTCD-25MAY2016-T106499.99,DELTA,51,14,55,1000,200,yes,38,-500
2025-05-20T12:34:54.630963,KXBTCD-25MAY2016-T106499.99,DELTA,51,14,55,1000,201,no,10,-200
2025-05-20T12:34:54.631492,KXBTCD-25MAY2016-T106499.99,DELTA,51,14,55,1000,202,no,20,200
2025-05-20T12:34:54.683312,KXBTCD-25MAY2016-T106499.99,DELTA,51,14,55,1000,203,yes,50,150
2025-05-20T12:34:54.684302,KXBTCD-25MAY2016-T106499.99,DELTA,51,14,53,50,204,no,47,50
2025-05-20T12:34:54.691958,KXBTCD-25MAY2016-T106499.99,DELTA,51,14,53,50,205,no,45,2000
2025-05-20T12:34:54.692644,KXBTCD-25MAY2016-T106499.99,DELTA,51,14,53,50,206,yes,43,2000
2025-05-20T12:34:54.693463,KXBTCD-25MAY2016-T106499.99,DELTA,51,14,53,50,207,yes,45,1000
2025-05-20T12:34:54.694170,KXBTCD-25MAY2016-T106499.99,DELTA,51,14,53,50,208,yes,41,1250
2025-05-20T12:34:54.695811,KXBTCD-25MAY2016-T106499.99,DELTA,51,14,53,50,209,no,44,1250
2025-05-20T12:34:54.731543,KXBTCD-25MAY2016-T106499.99,DELTA,51,14,53,50,210,no,45,-1000
2025-05-20T12:34:54.731752,KXBTCD-25MAY2016-T106499.99,DELTA,51,14,53,50,211,yes,50,-500
2025-05-20T12:34:54.731859,KXBTCD-25MAY2016-T106499.99,DELTA,51,14,53,50,212,yes,49,500
2025-05-20T12:34:54.772855,KXBTCD-25MAY2016-T106499.99,DELTA,51,14,53,50,213,no,41,-500
2025-05-20T12:34:54.773555,KXBTCD-25MAY2016-T106499.99,DELTA,51,14,53,50,214,no,42,500
2025-05-20T12:34:54.811339,KXBTCD-25MAY2016-T106499.99,DELTA,51,14,55,2000,215,no,47,-50
2025-05-20T12:34:54.811755,KXBTCD-25MAY2016-T106499.99,DELTA,51,14,56,1250,216,no,45,-2000
2025-05-20T12:34:54.830139,KXBTCD-25MAY2016-T106499.99,DELTA,51,14,57,100,217,no,44,-1250
2025-05-20T12:34:54.830346,KXBTCD-25MAY2016-T106499.99,DELTA,51,14,54,250,218,no,46,250
2025-05-20T12:34:54.830921,KXBTCD-25MAY2016-T106499.99,DELTA,51,14,52,1000,219,no,48,1000
2025-05-20T12:34:54.850119,KXBTCD-25MAY2016-T106499.99,DELTA,51,14,52,1000,220,yes,38,500
2025-05-20T12:34:54.850461,KXBTCD-25MAY2016-T106499.99,DELTA,51,14,52,1000,221,yes,48,-500
2025-05-20T12:34:54.870172,KXBTCD-25MAY2016-T106499.99,DELTA,51,14,52,1000,222,yes,45,-1000
2025-05-20T12:34:54.909717,KXBTCD-25MAY2016-T106499.99,DELTA,51,14,54,250,223,no,48,-1000
2025-05-20T12:34:54.910545,KXBTCD-25MAY2016-T106499.99,DELTA,51,14,54,250,224,no,43,2000
2025-05-20T12:34:54.911363,KXBTCD-25MAY2016-T106499.99,DELTA,51,14,54,250,225,no,43,1250
2025-05-20T12:34:54.929656,KXBTCD-25MAY2016-T106499.99,DELTA,51,14,54,250,226,no,11,-2061
2025-05-20T12:34:54.929879,KXBTCD-25MAY2016-T106499.99,DELTA,51,14,54,250,227,no,4,5670
2025-05-20T12:34:54.950201,KXBTCD-25MAY2016-T106499.99,DELTA,51,14,54,250,228,yes,46,1000
2025-05-20T12:34:54.990473,KXBTCD-25MAY2016-T106499.99,DELTA,51,14,54,250,229,no,43,-2000
2025-05-20T12:34:54.991230,KXBTCD-25MAY2016-T106499.99,DELTA,51,14,53,1000,230,no,47,1000
2025-05-20T12:34:55.051094,KXBTCD-25MAY2016-T106499.99,DELTA,51,14,53,1000,231,no,5,20000
2025-05-20T12:34:55.051804,KXBTCD-25MAY2016-T106499.99,DELTA,51,14,53,1000,232,yes,38,-500
2025-05-20T12:34:55.052263,KXBTCD-25MAY2016-T106499.99,DELTA,51,14,53,1000,233,yes,48,500
2025-05-20T12:34:55.052640,KXBTCD-25MAY2016-T106499.99,DELTA,51,14,53,1000,234,no,46,2000
2025-05-20T12:34:55.072022,KXBTCD-25MAY2016-T106499.99,DELTA,51,14,53,1000,235,yes,43,-2000
2025-05-20T12:34:55.072899,KXBTCD-25MAY2016-T106499.99,DELTA,51,14,53,1000,236,yes,41,-1250
2025-05-20T12:34:55.110095,KXBTCD-25MAY2016-T106499.99,DELTA,51,14,53,1000,237,no,46,-2000
2025-05-20T12:34:55.129968,KXBTCD-25MAY2016-T106499.99,DELTA,51,14,53,1000,238,yes,42,1250
2025-05-20T12:34:55.149896,KXBTCD-25MAY2016-T106499.99,DELTA,51,14,53,1000,239,yes,44,2000
2025-05-20T12:34:55.169954,KXBTCD-25MAY2016-T106499.99,DELTA,51,14,53,1000,240,no,42,-500
2025-05-20T12:34:55.170241,KXBTCD-25MAY2016-T106499.99,DELTA,51,14,53,1000,241,no,41,500
2025-05-20T12:34:55.189259,KXBTCD-25MAY2016-T106499.99,DELTA,51,14,53,1000,242,yes,49,-500
2025-05-20T12:34:55.189445,KXBTCD-25MAY2016-T106499.99,DELTA,51,14,53,1000,243,yes,50,500
2025-05-20T12:34:55.189587,KXBTCD-25MAY2016-T106499.99,DELTA,51,14,53,1000,244,no,43,2000
2025-05-20T12:34:55.189714,KXBTCD-25MAY2016-T106499.99,DELTA,51,14,53,1000,245,no,46,-250
2025-05-20T12:34:55.229722,KXBTCD-25MAY2016-T106499.99,DELTA,51,14,53,1000,246,yes,50,-100
2025-05-20T12:34:55.230463,KXBTCD-25MAY2016-T106499.99,DELTA,51,14,53,1000,247,no,45,250
2025-05-20T12:34:55.249807,KXBTCD-25MAY2016-T106499.99,DELTA,51,14,53,1000,248,no,43,-100
2025-05-20T12:34:55.250059,KXBTCD-25MAY2016-T106499.99,DELTA,51,14,55,250,249,no,47,-1000
2025-05-20T12:34:55.310470,KXBTCD-25MAY2016-T106499.99,DELTA,51,14,55,250,250,yes,40,-500
2025-05-20T12:34:55.311412,KXBTCD-25MAY2016-T106499.99,DELTA,51,14,55,250,251,yes,50,500
2025-05-20T12:34:55.329854,KXBTCD-25MAY2016-T106499.99,DELTA,51,14,55,250,252,no,43,-2000
2025-05-20T12:34:55.330683,KXBTCD-25MAY2016-T106499.99,DELTA,51,14,54,1000,253,no,46,1000
2025-05-20T12:34:55.369412,KXBTCD-25MAY2016-T106499.99,DELTA,51,14,54,1000,254,no,45,2000
2025-05-20T12:34:55.450087,KXBTCD-25MAY2016-T106499.99,DELTA,51,14,54,1000,255,yes,50,-150
2025-05-20T12:34:55.489765,KXBTCD-25MAY2016-T106499.99,DELTA,52,150,54,1000,256,yes,52,150
2025-05-20T12:34:55.550501,KXBTCD-25MAY2016-T106499.99,DELTA,52,150,54,1000,257,no,45,-250
2025-05-20T12:34:55.572146,KXBTCD-25MAY2016-T106499.99,DELTA,52,150,54,1000,258,no,41,-500
2025-05-20T12:34:55.572408,KXBTCD-25MAY2016-T106499.99,DELTA,52,150,54,1000,259,no,40,500
2025-05-20T12:34:55.572577,KXBTCD-25MAY2016-T106499.99,DELTA,52,150,54,1000,260,yes,44,-2000
2025-05-20T12:34:55.591351,KXBTCD-25MAY2016-T106499.99,DELTA,52,150,54,1000,261,yes,46,-1000
2025-05-20T12:34:55.591683,KXBTCD-25MAY2016-T106499.99,DELTA,52,150,54,1000,262,no,20,-200
2025-05-20T12:34:55.591867,KXBTCD-25MAY2016-T106499.99,DELTA,52,150,54,1000,263,no,10,200
2025-05-20T12:34:55.592261,KXBTCD-25MAY2016-T106499.99,DELTA,52,150,54,1000,264,yes,42,-1250
2025-05-20T12:34:55.592421,KXBTCD-25MAY2016-T106499.99,DELTA,52,150,54,1000,265,yes,50,-500
2025-05-20T12:34:55.592554,KXBTCD-25MAY2016-T106499.99,DELTA,52,150,54,1000,266,yes,51,500
2025-05-20T12:34:55.592679,KXBTCD-25MAY2016-T106499.99,DELTA,52,150,54,1000,267,no,44,150
2025-05-20T12:34:55.611303,KXBTCD-25MAY2016-T106499.99,DELTA,52,150,54,1000,268,no,45,-2000
2025-05-20T12:34:55.611907,KXBTCD-25MAY2016-T106499.99,DELTA,52,150,56,150,269,no,46,-1000
2025-05-20T12:34:55.612171,KXBTCD-25MAY2016-T106499.99,DELTA,52,150,56,150,270,no,43,-1250
2025-05-20T12:34:55.753664,KXBTCD-25MAY2016-T106499.99,DELTA,52,150,56,150,271,yes,45,2000
2025-05-20T12:34:55.754416,KXBTCD-25MAY2016-T106499.99,DELTA,52,150,56,150,272,no,42,1250
2025-05-20T12:34:55.754903,KXBTCD-25MAY2016-T106499.99,DELTA,52,150,56,2150,273,no,44,2000
2025-05-20T12:34:55.755296,KXBTCD-25MAY2016-T106499.99,DELTA,52,150,55,1000,274,no,45,1000
2025-05-20T12:34:55.755654,KXBTCD-25MAY2016-T106499.99,DELTA,52,150,55,1000,275,yes,43,1250
2025-05-20T12:34:55.755975,KXBTCD-25MAY2016-T106499.99,DELTA,52,150,55,1000,276,yes,47,1000
2025-05-20T12:34:55.850650,KXBTCD-25MAY2016-T106499.99,DELTA,52,150,55,1000,277,yes,51,-500
2025-05-20T12:34:55.851393,KXBTCD-25MAY2016-T106499.99,DELTA,52,150,55,1000,278,yes,50,500
2025-05-20T12:34:55.871201,KXBTCD-25MAY2016-T106499.99,DELTA,52,150,55,1000,279,no,40,-500
2025-05-20T12:34:55.871777,KXBTCD-25MAY2016-T106499.99,DELTA,52,150,55,1000,280,no,41,500
2025-05-20T12:34:55.910113,KXBTCD-25MAY2016-T106499.99,DELTA,52,150,55,1000,281,no,4,-5670
2025-05-20T12:34:55.910634,KXBTCD-25MAY2016-T106499.99,DELTA,52,150,55,1000,282,no,12,1890
2025-05-20T12:34:55.970879,KXBTCD-25MAY2016-T106499.99,DELTA,52,150,55,1000,283,no,5,-20000
2025-05-20T12:34:56.070443,KXBTCD-25MAY2016-T106499.99,DELTA,52,150,55,1000,284,yes,45,-2000
2025-05-20T12:34:56.070680,KXBTCD-25MAY2016-T106499.99,DELTA,52,150,55,1000,285,yes,43,-1250
2025-05-20T12:34:56.089609,KXBTCD-25MAY2016-T106499.99,DELTA,52,150,55,1000,286,no,44,-2000
2025-05-20T12:34:56.109785,KXBTCD-25MAY2016-T106499.99,DELTA,52,150,55,1000,287,no,42,-1250
2025-05-20T12:34:56.150833,KXBTCD-25MAY2016-T106499.99,DELTA,52,150,55,1000,288,yes,44,2000
2025-05-20T12:34:56.151119,KXBTCD-25MAY2016-T106499.99,DELTA,52,150,55,3000,289,no,45,2000
2025-05-20T12:34:56.151292,KXBTCD-25MAY2016-T106499.99,DELTA,52,150,55,3000,290,no,43,1250
2025-05-20T12:34:56.151459,KXBTCD-25MAY2016-T106499.99,DELTA,52,150,55,3000,291,yes,42,1250
2025-05-20T12:34:56.189969,KXBTCD-25MAY2016-T106499.99,DELTA,52,150,55,3000,292,yes,49,100
2025-05-20T12:34:56.209927,KXBTCD-25MAY2016-T106499.99,DELTA,52,150,55,3000,293,no,43,100
2025-05-20T12:34:57.711948,KXBTCD-25MAY2016-T106499.99,DELTA,52,150,55,3000,294,yes,50,-100
2025-05-20T12:34:58.390032,KXBTCD-25MAY2016-T106499.99,DELTA,52,150,55,3000,295,yes,44,-2000
2025-05-20T12:34:58.391027,KXBTCD-25MAY2016-T106499.99,DELTA,52,150,55,3000,296,yes,42,-1250
2025-05-20T12:34:58.409904,KXBTCD-25MAY2016-T106499.99,DELTA,52,150,55,1000,297,no,45,-2000
2025-05-20T12:34:58.410918,KXBTCD-25MAY2016-T106499.99,DELTA,52,150,55,1000,298,no,43,-1250
2025-05-20T12:34:58.491015,KXBTCD-25MAY2016-T106499.99,DELTA,52,150,55,1000,299,yes,43,1250
2025-05-20T12:34:58.492137,KXBTCD-25MAY2016-T106499.99,DELTA,52,150,55,1000,300,no,42,1250
2025-05-20T12:34:58.493098,KXBTCD-25MAY2016-T106499.99,DELTA,52,150,55,1000,301,no,44,2000
2025-05-20T12:34:58.529921,KXBTCD-25MAY2016-T106499.99,DELTA,52,150,55,1000,302,yes,45,2000
2025-05-20T12:35:00.970582,KXBTCD-25MAY2016-T106499.99,DELTA,52,150,55,1000,303,yes,51,30
2025-05-20T12:35:00.970817,KXBTCD-25MAY2016-T106499.99,DELTA,52,150,55,1000,304,yes,50,-30
2025-05-20T12:35:00.989430,KXBTCD-25MAY2016-T106499.99,DELTA,52,150,55,1000,305,no,39,30
2025-05-20T12:35:00.989596,KXBTCD-25MAY2016-T106499.99,DELTA,52,150,55,1000,306,no,41,-30
2025-05-20T12:35:01.322723,KXBTCD-25MAY2016-T106499.99,DELTA,52,150,55,1000,307,yes,51,-14
2025-05-20T12:35:01.323658,KXBTCD-25MAY2016-T106499.99,DELTA,53,14,55,1000,308,yes,53,14
2025-05-20T12:35:01.324246,KXBTCD-25MAY2016-T106499.99,DELTA,53,14,55,1000,309,no,41,-14
2025-05-20T12:35:01.324735,KXBTCD-25MAY2016-T106499.99,DELTA,53,14,55,1000,310,no,40,14
2025-05-20T12:35:01.449891,KXBTCD-25MAY2016-T106499.99,DELTA,53,14,55,1000,311,yes,49,-100
2025-05-20T12:35:01.509314,KXBTCD-25MAY2016-T106499.99,DELTA,53,14,55,1000,312,yes,47,-1000
2025-05-20T12:35:01.550117,KXBTCD-25MAY2016-T106499.99,DELTA,53,14,55,1000,313,yes,48,1000
2025-05-20T12:35:02.449763,KXBTCD-25MAY2016-T106499.99,DELTA,53,14,55,1000,314,yes,49,100
2025-05-20T12:35:03.411626,KXBTCD-25MAY2016-T106499.99,DELTA,53,14,55,1000,315,yes,49,-100
2025-05-20T12:35:03.870879,KXBTCD-25MAY2016-T106499.99,DELTA,53,14,55,1000,316,yes,45,-2000
2025-05-20T12:35:03.889650,KXBTCD-25MAY2016-T106499.99,DELTA,53,14,55,1000,317,yes,43,-1250
2025-05-20T12:35:03.890170,KXBTCD-25MAY2016-T106499.99,DELTA,53,14,55,1000,318,no,44,-2000
2025-05-20T12:35:03.909168,KXBTCD-25MAY2016-T106499.99,DELTA,53,14,55,1000,319,no,42,-1250
2025-05-20T12:35:03.949921,KXBTCD-25MAY2016-T106499.99,DELTA,53,14,55,1000,320,no,41,-500
2025-05-20T12:35:03.950111,KXBTCD-25MAY2016-T106499.99,DELTA,53,14,55,1000,321,no,40,500
2025-05-20T12:35:03.990421,KXBTCD-25MAY2016-T106499.99,DELTA,53,14,55,1000,322,yes,50,-500
2025-05-20T12:35:03.990611,KXBTCD-25MAY2016-T106499.99,DELTA,53,14,55,1000,323,yes,51,500
2025-05-20T12:35:03.990741,KXBTCD-25MAY2016-T106499.99,DELTA,53,14,55,1000,324,no,43,2000
2025-05-20T12:35:03.990845,KXBTCD-25MAY2016-T106499.99,DELTA,53,14,55,1000,325,yes,44,1250
2025-05-20T12:35:03.990939,KXBTCD-25MAY2016-T106499.99,DELTA,53,14,55,1000,326,no,41,1250
2025-05-20T12:35:03.991158,KXBTCD-25MAY2016-T106499.99,DELTA,53,14,55,1000,327,yes,46,2000
2025-05-20T12:35:04.070050,KXBTCD-25MAY2016-T106499.99,DELTA,53,14,55,1000,328,yes,46,-2000
2025-05-20T12:35:04.070605,KXBTCD-25MAY2016-T106499.99,DELTA,53,14,55,1000,329,yes,44,-1250
2025-05-20T12:35:04.092378,KXBTCD-25MAY2016-T106499.99,DELTA,53,14,55,1000,330,no,43,-2000
2025-05-20T12:35:04.092643,KXBTCD-25MAY2016-T106499.99,DELTA,53,14,55,1000,331,no,41,-1250
2025-05-20T12:35:04.190605,KXBTCD-25MAY2016-T106499.99,DELTA,53,14,55,1000,332,yes,45,2000
2025-05-20T12:35:04.190919,KXBTCD-25MAY2016-T106499.99,DELTA,53,14,55,1000,333,yes,43,1250
2025-05-20T12:35:04.191319,KXBTCD-25MAY2016-T106499.99,DELTA,53,14,55,1000,334,no,42,1250
2025-05-20T12:35:04.191461,KXBTCD-25MAY2016-T106499.99,DELTA,53,14,55,1000,335,no,44,2000
2025-05-20T12:35:04.230288,KXBTCD-25MAY2016-T106499.99,DELTA,53,14,55,1000,336,no,44,-150
2025-05-20T12:35:04.269271,KXBTCD-25MAY2016-T106499.99,DELTA,53,14,55,1000,337,no,43,200
2025-05-20T12:35:04.291023,KXBTCD-25MAY2016-T106499.99,DELTA,53,14,55,1000,338,no,44,-2000
2025-05-20T12:35:04.291290,KXBTCD-25MAY2016-T106499.99,DELTA,53,14,57,300,339,no,45,-1000
2025-05-20T12:35:04.350646,KXBTCD-25MAY2016-T106499.99,DELTA,53,14,56,1000,340,no,44,1000
2025-05-20T12:35:04.351376,KXBTCD-25MAY2016-T106499.99,DELTA,53,14,56,3000,341,no,44,2000
2025-05-20T12:35:04.451348,KXBTCD-25MAY2016-T106499.99,DELTA,53,14,56,3000,342,yes,50,100
2025-05-20T12:35:04.530386,KXBTCD-25MAY2016-T106499.99,DELTA,53,14,56,3000,343,no,43,-100
2025-05-20T12:35:05.049778,KXBTCD-25MAY2016-T106499.99,DELTA,53,14,56,3000,344,yes,45,-2000
2025-05-20T12:35:05.050081,KXBTCD-25MAY2016-T106499.99,DELTA,53,14,56,3000,345,no,12,-1890
2025-05-20T12:35:05.069893,KXBTCD-25MAY2016-T106499.99,DELTA,53,14,56,3000,346,yes,43,-1250
2025-05-20T12:35:05.070066,KXBTCD-25MAY2016-T106499.99,DELTA,53,14,56,1000,347,no,44,-2000
2025-05-20T12:35:05.089765,KXBTCD-25MAY2016-T106499.99,DELTA,53,14,56,1000,348,no,42,-1250
2025-05-20T12:35:05.129252,KXBTCD-25MAY2016-T106499.99,DELTA,53,14,56,1000,349,no,41,1250
2025-05-20T12:35:05.129594,KXBTCD-25MAY2016-T106499.99,DELTA,53,14,56,1000,350,yes,46,2000
2025-05-20T12:35:05.129759,KXBTCD-25MAY2016-T106499.99,DELTA,53,14,56,1000,351,yes,44,1250
2025-05-20T12:35:05.129885,KXBTCD-25MAY2016-T106499.99,DELTA,53,14,56,1000,352,no,43,2000
2025-05-20T12:35:05.149254,KXBTCD-25MAY2016-T106499.99,DELTA,53,14,56,1000,353,yes,42,-500
2025-05-20T12:35:05.149472,KXBTCD-25MAY2016-T106499.99,DELTA,53,14,56,1000,354,yes,52,500
2025-05-20T12:35:05.149608,KXBTCD-25MAY2016-T106499.99,DELTA,53,14,56,1000,355,no,42,-500
2025-05-20T12:35:05.149751,KXBTCD-25MAY2016-T106499.99,DELTA,53,14,56,1000,356,no,32,500
2025-05-20T12:35:05.329245,KXBTCD-25MAY2016-T106499.99,DELTA,53,14,56,1000,357,yes,46,-2000
2025-05-20T12:35:05.350049,KXBTCD-25MAY2016-T106499.99,DELTA,53,14,56,1000,358,yes,44,-1250
2025-05-20T12:35:05.350607,KXBTCD-25MAY2016-T106499.99,DELTA,53,14,56,1000,359,no,43,-2000
2025-05-20T12:35:05.370176,KXBTCD-25MAY2016-T106499.99,DELTA,53,14,56,1000,360,yes,50,-100
2025-05-20T12:35:05.370923,KXBTCD-25MAY2016-T106499.99,DELTA,53,14,56,1000,361,yes,52,-500
2025-05-20T12:35:05.371144,KXBTCD-25MAY2016-T106499.99,DELTA,53,14,56,1000,362,yes,42,500
2025-05-20T12:35:05.389740,KXBTCD-25MAY2016-T106499.99,DELTA,53,14,56,3000,363,no,44,2000
2025-05-20T12:35:05.389988,KXBTCD-25MAY2016-T106499.99,DELTA,53,14,56,3000,364,yes,45,2000
2025-05-20T12:35:05.409922,KXBTCD-25MAY2016-T106499.99,DELTA,53,14,56,3000,365,yes,48,-1000
2025-05-20T12:35:05.429758,KXBTCD-25MAY2016-T106499.99,DELTA,53,14,56,3000,366,no,41,100
2025-05-20T12:35:05.430054,KXBTCD-25MAY2016-T106499.99,DELTA,53,14,56,3000,367,yes,43,1250
2025-05-20T12:35:05.450680,KXBTCD-25MAY2016-T106499.99,DELTA,53,14,56,3000,368,yes,47,1000
2025-05-20T12:35:05.550086,KXBTCD-25MAY2016-T106499.99,DELTA,53,14,56,3000,369,yes,51,-500
2025-05-20T12:35:05.550718,KXBTCD-25MAY2016-T106499.99,DELTA,53,14,56,3000,370,yes,50,500
2025-05-20T12:35:05.569592,KXBTCD-25MAY2016-T106499.99,DELTA,53,14,56,3000,371,no,40,-500
2025-05-20T12:35:05.570093,KXBTCD-25MAY2016-T106499.99,DELTA,53,14,56,3000,372,no,41,500
2025-05-20T12:35:05.589694,KXBTCD-25MAY2016-T106499.99,DELTA,53,14,56,3000,373,yes,50,-500
2025-05-20T12:35:05.590429,KXBTCD-25MAY2016-T106499.99,DELTA,53,14,56,3000,374,yes,40,500
2025-05-20T12:35:05.591236,KXBTCD-25MAY2016-T106499.99,DELTA,53,14,56,3000,375,no,11,2061
2025-05-20T12:35:05.649658,KXBTCD-25MAY2016-T106499.99,DELTA,53,14,56,3000,376,no,41,-1250
2025-05-20T12:35:05.689654,KXBTCD-25MAY2016-T106499.99,DELTA,53,14,56,3000,377,no,42,1250
2025-05-20T12:35:05.810104,KXBTCD-25MAY2016-T106499.99,DELTA,53,14,56,3000,378,no,43,-200
2025-05-20T12:35:05.829943,KXBTCD-25MAY2016-T106499.99,DELTA,53,14,56,3000,379,yes,45,-2000
2025-05-20T12:35:05.830702,KXBTCD-25MAY2016-T106499.99,DELTA,53,14,56,3000,380,yes,43,-1250
2025-05-20T12:35:05.831322,KXBTCD-25MAY2016-T106499.99,DELTA,53,14,55,50,381,no,45,50
2025-05-20T12:35:05.890064,KXBTCD-25MAY2016-T106499.99,DELTA,53,14,55,50,382,yes,42,1250
2025-05-20T12:35:05.890756,KXBTCD-25MAY2016-T106499.99,DELTA,53,14,55,50,383,no,44,-2000
2025-05-20T12:35:05.891110,KXBTCD-25MAY2016-T106499.99,DELTA,53,14,55,50,384,yes,44,2000
2025-05-20T12:35:05.891376,KXBTCD-25MAY2016-T106499.99,DELTA,53,14,55,50,385,yes,52,-150
2025-05-20T12:35:05.891821,KXBTCD-25MAY2016-T106499.99,DELTA,53,14,55,50,386,no,44,-1000
2025-05-20T12:35:05.949629,KXBTCD-25MAY2016-T106499.99,DELTA,53,14,55,50,387,yes,51,150
2025-05-20T12:35:05.969975,KXBTCD-25MAY2016-T106499.99,DELTA,53,14,55,50,388,yes,50,-500
2025-05-20T12:35:05.989890,KXBTCD-25MAY2016-T106499.99,DELTA,53,14,55,50,389,yes,47,-1000
2025-05-20T12:35:05.990091,KXBTCD-25MAY2016-T106499.99,DELTA,53,14,54,1000,390,no,46,1000
2025-05-20T12:35:05.990238,KXBTCD-25MAY2016-T106499.99,DELTA,53,14,54,1000,391,no,42,2000
2025-05-20T12:35:05.990307,KXBTCD-25MAY2016-T106499.99,DELTA,53,14,54,1000,392,no,41,-500
2025-05-20T12:35:06.048740,KXBTCD-25MAY2016-T106499.99,DELTA,53,14,54,1000,393,yes,49,500
2025-05-20T12:35:06.049300,KXBTCD-25MAY2016-T106499.99,DELTA,53,14,54,1000,394,yes,46,1000
2025-05-20T12:35:06.049892,KXBTCD-25MAY2016-T106499.99,DELTA,53,14,54,1000,395,no,42,500
2025-05-20T12:35:06.090423,KXBTCD-25MAY2016-T106499.99,DELTA,53,14,54,1000,396,no,41,-100
2025-05-20T12:35:06.090602,KXBTCD-25MAY2016-T106499.99,DELTA,53,14,54,1000,397,no,42,-2000
2025-05-20T12:35:06.109631,KXBTCD-25MAY2016-T106499.99,DELTA,53,14,54,1000,398,no,42,-1250
2025-05-20T12:35:06.150748,KXBTCD-25MAY2016-T106499.99,DELTA,53,14,54,1000,399,no,44,500
2025-05-20T12:35:06.151035,KXBTCD-25MAY2016-T106499.99,DELTA,53,14,54,1000,400,no,32,-500
2025-05-20T12:35:06.170558,KXBTCD-25MAY2016-T106499.99,DELTA,53,14,54,1000,401,no,43,1250
2025-05-20T12:35:06.170862,KXBTCD-25MAY2016-T106499.99,DELTA,53,14,54,1000,402,no,43,2000
2025-05-20T12:35:06.190039,KXBTCD-25MAY2016-T106499.99,DELTA,53,14,54,1000,403,no,42,500
2025-05-20T12:35:06.190515,KXBTCD-25MAY2016-T106499.99,DELTA,53,14,54,1000,404,no,34,-500
2025-05-20T12:35:06.228801,KXBTCD-25MAY2016-T106499.99,DELTA,53,14,54,1000,405,no,43,-2000
2025-05-20T12:35:06.290300,KXBTCD-25MAY2016-T106499.99,DELTA,53,14,54,1000,406,no,45,2000
2025-05-20T12:35:06.470579,KXBTCD-25MAY2016-T106499.99,DELTA,53,14,54,1000,407,yes,47,100
2025-05-20T12:35:06.770448,KXBTCD-25MAY2016-T106499.99,DELTA,53,14,54,1000,408,yes,47,-100
2025-05-20T12:35:06.910347,KXBTCD-25MAY2016-T106499.99,DELTA,53,14,54,1000,409,no,45,-50
2025-05-20T12:35:06.949753,KXBTCD-25MAY2016-T106499.99,DELTA,53,14,54,1000,410,no,45,250
2025-05-20T12:35:06.968922,KXBTCD-25MAY2016-T106499.99,DELTA,53,14,55,2250,411,no,46,-1000
2025-05-20T12:35:07.031541,KXBTCD-25MAY2016-T106499.99,DELTA,53,14,54,1000,412,no,46,1000
2025-05-20T12:35:07.032458,KXBTCD-25MAY2016-T106499.99,DELTA,53,14,54,1000,413,no,43,100
2025-05-20T12:35:07.151318,KXBTCD-25MAY2016-T106499.99,DELTA,53,14,54,1000,414,yes,51,14
2025-05-20T12:35:07.152090,KXBTCD-25MAY2016-T106499.99,DELTA,51,194,54,1000,415,yes,53,-14
2025-05-20T12:35:07.152692,KXBTCD-25MAY2016-T106499.99,DELTA,51,164,54,1000,416,yes,51,-30
2025-05-20T12:35:07.153082,KXBTCD-25MAY2016-T106499.99,DELTA,51,164,54,1000,417,yes,50,30
2025-05-20T12:35:07.153271,KXBTCD-25MAY2016-T106499.99,DELTA,51,164,54,1000,418,no,41,14
2025-05-20T12:35:07.153414,KXBTCD-25MAY2016-T106499.99,DELTA,51,164,54,1000,419,no,40,-14
2025-05-20T12:35:07.169388,KXBTCD-25MAY2016-T106499.99,DELTA,51,164,54,1000,420,no,39,-30
2025-05-20T12:35:07.169657,KXBTCD-25MAY2016-T106499.99,DELTA,51,164,54,1000,421,no,41,30
2025-05-20T12:35:07.211322,KXBTCD-25MAY2016-T106499.99,DELTA,51,164,54,1000,422,yes,44,-2000
2025-05-20T12:35:07.212134,KXBTCD-25MAY2016-T106499.99,DELTA,51,164,54,1000,423,yes,42,-1250
2025-05-20T12:35:07.229096,KXBTCD-25MAY2016-T106499.99,DELTA,51,164,54,1000,424,no,45,-2000
2025-05-20T12:35:07.229409,KXBTCD-25MAY2016-T106499.99,DELTA,51,164,54,1000,425,no,43,-1250
2025-05-20T12:35:07.290994,KXBTCD-25MAY2016-T106499.99,DELTA,51,164,54,1000,426,no,44,1250
2025-05-20T12:35:07.291594,KXBTCD-25MAY2016-T106499.99,DELTA,51,164,54,1000,427,yes,43,2000
2025-05-20T12:35:07.291922,KXBTCD-25MAY2016-T106499.99,DELTA,51,164,54,3000,428,no,46,2000
2025-05-20T12:35:07.292200,KXBTCD-25MAY2016-T106499.99,DELTA,51,164,54,3000,429,yes,41,1250
2025-05-20T12:35:07.369753,KXBTCD-25MAY2016-T106499.99,DELTA,51,14,54,3000,430,yes,51,-150
2025-05-20T12:35:07.390046,KXBTCD-25MAY2016-T106499.99,DELTA,51,14,54,3000,431,no,43,-100
2025-05-20T12:35:07.430270,KXBTCD-25MAY2016-T106499.99,DELTA,51,14,54,3000,432,yes,50,200
2025-05-20T12:35:07.761877,KXBTCD-25MAY2016-T106499.99,DELTA,51,14,54,3000,433,yes,47,100
2025-05-20T12:35:07.762275,KXBTCD-25MAY2016-T106499.99,DELTA,51,14,54,3000,434,no,45,-250
2025-05-20T12:35:07.789908,KXBTCD-25MAY2016-T106499.99,DELTA,51,14,53,50,435,no,47,50
2025-05-20T12:35:07.808833,KXBTCD-25MAY2016-T106499.99,DELTA,51,14,53,50,436,no,46,-2000
2025-05-20T12:35:07.828995,KXBTCD-25MAY2016-T106499.99,DELTA,51,14,53,50,437,no,46,-1000
2025-05-20T12:35:07.870055,KXBTCD-25MAY2016-T106499.99,DELTA,51,14,53,50,438,no,10,-200
2025-05-20T12:35:07.870984,KXBTCD-25MAY2016-T106499.99,DELTA,51,14,53,50,439,no,20,200
2025-05-20T12:35:07.909559,KXBTCD-25MAY2016-T106499.99,DELTA,51,14,52,1000,440,no,48,1000
2025-05-20T12:35:07.910355,KXBTCD-25MAY2016-T106499.99,DELTA,51,14,52,1000,441,no,45,2000
2025-05-20T12:35:08.130503,KXBTCD-25MAY2016-T106499.99,DELTA,51,14,52,1000,442,yes,48,-500
2025-05-20T12:35:08.131265,KXBTCD-25MAY2016-T106499.99,DELTA,51,14,52,1000,443,no,46,500
2025-05-20T12:35:08.150665,KXBTCD-25MAY2016-T106499.99,DELTA,51,14,52,1000,444,yes,38,500
2025-05-20T12:35:08.151440,KXBTCD-25MAY2016-T106499.99,DELTA,51,14,52,1000,445,no,36,-500
2025-05-20T12:35:08.190387,KXBTCD-25MAY2016-T106499.99,DELTA,51,14,52,1100,446,no,48,100
2025-05-20T12:35:08.191137,KXBTCD-25MAY2016-T106499.99,DELTA,51,14,52,1100,447,no,45,-2000
2025-05-20T12:35:08.229765,KXBTCD-25MAY2016-T106499.99,DELTA,51,14,52,1100,448,no,46,2000
2025-05-20T12:35:08.310872,KXBTCD-25MAY2016-T106499.99,DELTA,51,14,52,1100,449,no,45,100
2025-05-20T12:35:09.130496,KXBTCD-25MAY2016-T106499.99,DELTA,51,14,52,1100,450,yes,38,-500
2025-05-20T12:35:09.131197,KXBTCD-25MAY2016-T106499.99,DELTA,51,14,52,1100,451,yes,48,500
2025-05-20T12:35:09.351903,KXBTCD-25MAY2016-T106499.99,DELTA,51,14,52,1100,452,no,11,-2061
2025-05-20T12:35:09.353077,KXBTCD-25MAY2016-T106499.99,DELTA,51,14,52,1100,453,no,4,5670
2025-05-20T12:35:09.390021,KXBTCD-25MAY2016-T106499.99,DELTA,51,14,52,1100,454,no,5,20000
2025-05-20T12:35:10.228857,KXBTCD-25MAY2016-T106499.99,DELTA,51,14,52,1100,455,no,47,-50
2025-05-20T12:35:10.249450,KXBTCD-25MAY2016-T106499.99,DELTA,51,14,52,1100,456,no,46,250
2025-05-20T12:35:11.194540,KXBTCD-25MAY2016-T106499.99,DELTA,51,14,52,1100,457,no,46,-500
2025-05-20T12:35:11.194999,KXBTCD-25MAY2016-T106499.99,DELTA,51,14,52,1100,458,no,36,500
2025-05-20T12:35:11.589709,KXBTCD-25MAY2016-T106499.99,DELTA,51,14,52,1100,459,yes,47,-100
2025-05-20T12:35:11.591165,KXBTCD-25MAY2016-T106499.99,DELTA,51,14,52,1100,460,no,4,-5670
2025-05-20T12:35:11.591611,KXBTCD-25MAY2016-T106499.99,DELTA,51,14,52,1100,461,no,6,3780
2025-05-20T12:35:11.791316,KXBTCD-25MAY2016-T106499.99,DELTA,51,14,52,1100,462,no,5,-20000
2025-05-20T12:35:11.791680,KXBTCD-25MAY2016-T106499.99,DELTA,50,230,52,1100,463,yes,51,-14
2025-05-20T12:35:11.792128,KXBTCD-25MAY2016-T106499.99,DELTA,50,230,52,1100,464,yes,49,14
2025-05-20T12:35:11.792263,KXBTCD-25MAY2016-T106499.99,DELTA,50,230,52,1100,465,yes,48,30
2025-05-20T12:35:11.792389,KXBTCD-25MAY2016-T106499.99,DELTA,50,200,52,1100,466,yes,50,-30
2025-05-20T12:35:11.810579,KXBTCD-25MAY2016-T106499.99,DELTA,50,200,52,1100,467,no,42,30
2025-05-20T12:35:11.810824,KXBTCD-25MAY2016-T106499.99,DELTA,50,200,52,1100,468,no,43,14
2025-05-20T12:35:11.810974,KXBTCD-25MAY2016-T106499.99,DELTA,50,200,52,1100,469,no,41,-30
2025-05-20T12:35:11.811087,KXBTCD-25MAY2016-T106499.99,DELTA,50,200,52,1100,470,no,41,-14
2025-05-20T12:35:11.992292,KXBTCD-25MAY2016-T106499.99,DELTA,50,200,52,1100,471,no,7,20000
2025-05-20T12:35:12.192656,KXBTCD-25MAY2016-T106499.99,DELTA,50,200,52,1100,472,yes,48,-500
2025-05-20T12:35:12.193385,KXBTCD-25MAY2016-T106499.99,DELTA,50,200,52,1100,473,yes,38,500
2025-05-20T12:35:12.211062,KXBTCD-25MAY2016-T106499.99,DELTA,50,200,52,1100,474,no,46,500
2025-05-20T12:35:12.211826,KXBTCD-25MAY2016-T106499.99,DELTA,50,200,52,1100,475,no,36,-500
2025-05-20T12:35:12.511614,KXBTCD-25MAY2016-T106499.99,DELTA,50,200,52,1100,476,no,6,-3780
2025-05-20T12:35:12.512746,KXBTCD-25MAY2016-T106499.99,DELTA,50,200,52,1100,477,no,8,2835
2025-05-20T12:35:12.513276,KXBTCD-25MAY2016-T106499.99,DELTA,50,200,52,1100,478,yes,46,100
2025-05-20T12:35:12.513725,KXBTCD-25MAY2016-T106499.99,DELTA,50,200,52,1100,479,no,45,-100
2025-05-20T12:35:12.810001,KXBTCD-25MAY2016-T106499.99,DELTA,50,200,52,1100,480,no,7,-20000
2025-05-20T12:35:13.510256,KXBTCD-25MAY2016-T106499.99,DELTA,50,200,52,1100,481,no,8,-2835
2025-05-20T12:35:13.511169,KXBTCD-25MAY2016-T106499.99,DELTA,50,200,52,1100,482,no,4,5670
2025-05-20T12:35:13.610389,KXBTCD-25MAY2016-T106499.99,DELTA,50,200,52,1100,483,no,5,20000
2025-05-20T12:35:13.790001,KXBTCD-25MAY2016-T106499.99,DELTA,50,200,52,1100,484,no,46,100
2025-05-20T12:35:14.329764,KXBTCD-25MAY2016-T106499.99,DELTA,50,200,52,1100,485,yes,43,-2000
2025-05-20T12:35:14.330061,KXBTCD-25MAY2016-T106499.99,DELTA,50,200,52,1100,486,yes,48,14
2025-05-20T12:35:14.331130,KXBTCD-25MAY2016-T106499.99,DELTA,50,200,52,1100,487,no,1,8000
2025-05-20T12:35:14.331262,KXBTCD-25MAY2016-T106499.99,DELTA,50,200,52,1100,488,yes,46,30
2025-05-20T12:35:14.331365,KXBTCD-25MAY2016-T106499.99,DELTA,50,200,52,1100,489,yes,48,-30
2025-05-20T12:35:14.331458,KXBTCD-25MAY2016-T106499.99,DELTA,50,200,52,1100,490,no,42,-30
2025-05-20T12:35:14.331560,KXBTCD-25MAY2016-T106499.99,DELTA,50,200,52,1100,491,no,45,14
2025-05-20T12:35:14.331648,KXBTCD-25MAY2016-T106499.99,DELTA,50,200,52,1100,492,no,44,30
2025-05-20T12:35:14.331821,KXBTCD-25MAY2016-T106499.99,DELTA,50,200,52,1100,493,yes,46,-1000
2025-05-20T12:35:14.348671,KXBTCD-25MAY2016-T106499.99,DELTA,50,200,52,1100,494,yes,49,-14
2025-05-20T12:35:14.348856,KXBTCD-25MAY2016-T106499.99,DELTA,50,200,52,1100,495,yes,41,-1250
2025-05-20T12:35:14.348962,KXBTCD-25MAY2016-T106499.99,DELTA,50,200,52,1100,496,no,4,-5670
2025-05-20T12:35:14.349049,KXBTCD-25MAY2016-T106499.99,DELTA,50,200,52,1100,497,no,6,3780
2025-05-20T12:35:14.350234,KXBTCD-25MAY2016-T106499.99,DELTA,50,200,52,1100,498,no,43,-14
2025-05-20T12:35:14.350424,KXBTCD-25MAY2016-T106499.99,DELTA,50,200,52,1100,499,no,46,-2000
2025-05-20T12:35:14.369444,KXBTCD-25MAY2016-T106499.99,DELTA,50,200,52,100,500,no,48,-1000
2025-05-20T12:35:14.369676,KXBTCD-25MAY2016-T106499.99,DELTA,50,200,52,100,501,no,44,-1250
2025-05-20T12:35:14.389400,KXBTCD-25MAY2016-T106499.99,DELTA,49,500,52,100,502,yes,50,-200
2025-05-20T12:35:14.409590,KXBTCD-25MAY2016-T106499.99,DELTA,49,500,52,100,503,no,46,-250
2025-05-20T12:35:14.470848,KXBTCD-25MAY2016-T106499.99,DELTA,49,500,52,100,504,yes,45,14
2025-05-20T12:35:14.471737,KXBTCD-25MAY2016-T106499.99,DELTA,49,500,52,100,505,yes,48,-14
2025-05-20T12:35:14.472278,KXBTCD-25MAY2016-T106499.99,DELTA,49,500,52,100,506,no,47,14
2025-05-20T12:35:14.472719,KXBTCD-25MAY2016-T106499.99,DELTA,49,500,52,100,507,yes,45,30
2025-05-20T12:35:14.473109,KXBTCD-25MAY2016-T106499.99,DELTA,49,500,52,100,508,no,45,-14
2025-05-20T12:35:14.473437,KXBTCD-25MAY2016-T106499.99,DELTA,49,500,52,100,509,yes,48,100
2025-05-20T12:35:14.491280,KXBTCD-25MAY2016-T106499.99,DELTA,49,500,52,100,510,yes,46,-30
2025-05-20T12:35:14.492110,KXBTCD-25MAY2016-T106499.99,DELTA,49,500,52,100,511,no,45,1250
2025-05-20T12:35:14.492855,KXBTCD-25MAY2016-T106499.99,DELTA,49,500,51,100,512,no,49,100
2025-05-20T12:35:14.493399,KXBTCD-25MAY2016-T106499.99,DELTA,49,500,51,100,513,no,46,30
2025-05-20T12:35:14.493632,KXBTCD-25MAY2016-T106499.99,DELTA,49,500,51,1100,514,no,49,1000
2025-05-20T12:35:14.493817,KXBTCD-25MAY2016-T106499.99,DELTA,49,500,51,1100,515,no,5,-20000
2025-05-20T12:35:14.493966,KXBTCD-25MAY2016-T106499.99,DELTA,49,500,51,1100,516,yes,44,1000
2025-05-20T12:35:14.494108,KXBTCD-25MAY2016-T106499.99,DELTA,49,500,51,1100,517,yes,42,2000
2025-05-20T12:35:14.494240,KXBTCD-25MAY2016-T106499.99,DELTA,49,500,51,1100,518,no,44,-30
2025-05-20T12:35:14.494368,KXBTCD-25MAY2016-T106499.99,DELTA,49,500,51,1100,519,no,47,2000
2025-05-20T12:35:14.510277,KXBTCD-25MAY2016-T106499.99,DELTA,49,500,51,1100,520,yes,40,1250
2025-05-20T12:35:14.552174,KXBTCD-25MAY2016-T106499.99,DELTA,48,100,51,1100,521,yes,49,-500
2025-05-20T12:35:14.552848,KXBTCD-25MAY2016-T106499.99,DELTA,48,100,51,1100,522,yes,47,500
2025-05-20T12:35:14.570797,KXBTCD-25MAY2016-T106499.99,DELTA,48,100,51,1100,523,no,42,-500
2025-05-20T12:35:14.571164,KXBTCD-25MAY2016-T106499.99,DELTA,48,100,51,1100,524,no,44,500
2025-05-20T12:35:14.571324,KXBTCD-25MAY2016-T106499.99,DELTA,48,100,51,1100,525,yes,42,-2000
2025-05-20T12:35:14.590705,KXBTCD-25MAY2016-T106499.99,DELTA,48,100,51,1100,526,yes,44,-1000
2025-05-20T12:35:14.591309,KXBTCD-25MAY2016-T106499.99,DELTA,48,100,51,1100,527,no,7,20000
2025-05-20T12:35:14.591820,KXBTCD-25MAY2016-T106499.99,DELTA,48,100,51,1100,528,yes,40,-1250
2025-05-20T12:35:14.592230,KXBTCD-25MAY2016-T106499.99,DELTA,47,501,51,1100,529,yes,48,-100
2025-05-20T12:35:14.630499,KXBTCD-25MAY2016-T106499.99,DELTA,47,1,51,1100,530,yes,47,-500
2025-05-20T12:35:14.630736,KXBTCD-25MAY2016-T106499.99,DELTA,47,1,51,1100,531,yes,46,500
2025-05-20T12:35:14.633482,KXBTCD-25MAY2016-T106499.99,DELTA,47,1,51,100,532,no,49,-1000
2025-05-20T12:35:14.633631,KXBTCD-25MAY2016-T106499.99,DELTA,47,1,51,100,533,no,45,-1250
2025-05-20T12:35:14.682584,KXBTCD-25MAY2016-T106499.99,DELTA,47,51,51,100,534,yes,47,50
2025-05-20T12:35:14.683378,KXBTCD-25MAY2016-T106499.99,DELTA,47,51,51,100,535,no,44,-500
2025-05-20T12:35:14.683572,KXBTCD-25MAY2016-T106499.99,DELTA,47,51,51,100,536,no,45,500
2025-05-20T12:35:14.683720,KXBTCD-25MAY2016-T106499.99,DELTA,47,51,51,100,537,yes,41,2000
2025-05-20T12:35:14.683947,KXBTCD-25MAY2016-T106499.99,DELTA,47,51,51,100,538,yes,43,1000
2025-05-20T12:35:14.684066,KXBTCD-25MAY2016-T106499.99,DELTA,47,51,51,100,539,yes,39,1250
2025-05-20T12:35:14.731387,KXBTCD-25MAY2016-T106499.99,DELTA,47,51,51,100,540,no,46,1250
2025-05-20T12:35:14.731970,KXBTCD-25MAY2016-T106499.99,DELTA,47,51,50,1000,541,no,50,1000
2025-05-20T12:35:15.030901,KXBTCD-25MAY2016-T106499.99,DELTA,47,51,50,1000,542,no,46,-100
2025-05-20T12:35:15.031270,KXBTCD-25MAY2016-T106499.99,DELTA,47,51,50,1000,543,yes,46,-100
2025-05-20T12:35:15.091089,KXBTCD-25MAY2016-T106499.99,DELTA,47,51,50,1000,544,yes,36,500
2025-05-20T12:35:15.091296,KXBTCD-25MAY2016-T106499.99,DELTA,47,51,50,1000,545,yes,46,-500
2025-05-20T12:35:15.110050,KXBTCD-25MAY2016-T106499.99,DELTA,47,51,50,1000,546,no,6,-3780
2025-05-20T12:35:15.110209,KXBTCD-25MAY2016-T106499.99,DELTA,47,51,50,1000,547,no,8,2835
2025-05-20T12:35:15.130342,KXBTCD-25MAY2016-T106499.99,DELTA,47,51,50,1000,548,yes,41,-2000
2025-05-20T12:35:15.130502,KXBTCD-25MAY2016-T106499.99,DELTA,47,51,50,1000,549,yes,43,-1000
2025-05-20T12:35:15.149995,KXBTCD-25MAY2016-T106499.99,DELTA,47,51,50,1000,550,yes,39,-1250
2025-05-20T12:35:15.150169,KXBTCD-25MAY2016-T106499.99,DELTA,47,51,50,1000,551,yes,30,-200
2025-05-20T12:35:15.150284,KXBTCD-25MAY2016-T106499.99,DELTA,47,51,50,1000,552,yes,20,200
2025-05-20T12:35:15.150387,KXBTCD-25MAY2016-T106499.99,DELTA,47,1,50,1000,553,yes,47,-50
2025-05-20T12:35:15.150476,KXBTCD-25MAY2016-T106499.99,DELTA,47,1,50,1000,554,no,46,-1250
2025-05-20T12:35:15.170330,KXBTCD-25MAY2016-T106499.99,DELTA,47,1,50,1000,555,yes,43,30
2025-05-20T12:35:15.170603,KXBTCD-25MAY2016-T106499.99,DELTA,47,1,50,1000,556,yes,45,-30
2025-05-20T12:35:15.170770,KXBTCD-25MAY2016-T106499.99,DELTA,47,1,50,1000,557,no,7,-20000
2025-05-20T12:35:15.170912,KXBTCD-25MAY2016-T106499.99,DELTA,47,1,50,1000,558,no,46,-30
2025-05-20T12:35:15.171052,KXBTCD-25MAY2016-T106499.99,DELTA,47,1,50,1000,559,no,47,30
2025-05-20T12:35:15.190591,KXBTCD-25MAY2016-T106499.99,DELTA,47,1,50,1000,560,yes,46,250
2025-05-20T12:35:15.209638,KXBTCD-25MAY2016-T106499.99,DELTA,47,1,50,1000,561,yes,37,1250
2025-05-20T12:35:15.209831,KXBTCD-25MAY2016-T106499.99,DELTA,47,1,50,1000,562,no,47,1250
2025-05-20T12:35:15.210350,KXBTCD-25MAY2016-T106499.99,DELTA,47,1,50,1000,563,yes,39,2000
2025-05-20T12:35:15.210452,KXBTCD-25MAY2016-T106499.99,DELTA,47,1,50,1000,564,no,38,-500
2025-05-20T12:35:15.210548,KXBTCD-25MAY2016-T106499.99,DELTA,47,1,50,1000,565,yes,42,1000
2025-05-20T12:35:15.229865,KXBTCD-25MAY2016-T106499.99,DELTA,47,1,50,1000,566,no,48,500
2025-05-20T12:35:15.230032,KXBTCD-25MAY2016-T106499.99,DELTA,47,1,50,1000,567,yes,44,-500
2025-05-20T12:35:15.249501,KXBTCD-25MAY2016-T106499.99,DELTA,47,1,50,1000,568,yes,34,500
2025-05-20T12:35:15.250082,KXBTCD-25MAY2016-T106499.99,DELTA,47,1,50,1000,569,no,49,-100
2025-05-20T12:35:15.309876,KXBTCD-25MAY2016-T106499.99,DELTA,47,1,50,1000,570,no,47,-2000
2025-05-20T12:35:15.310158,KXBTCD-25MAY2016-T106499.99,DELTA,47,1,49,50,571,no,51,50
2025-05-20T12:35:15.310551,KXBTCD-25MAY2016-T106499.99,DELTA,47,1,49,50,572,no,47,-1250
2025-05-20T12:35:15.329241,KXBTCD-25MAY2016-T106499.99,DELTA,47,1,49,50,573,no,50,-1000
2025-05-20T12:35:15.350674,KXBTCD-25MAY2016-T106499.99,DELTA,47,1,49,50,574,yes,34,-500
2025-05-20T12:35:15.350994,KXBTCD-25MAY2016-T106499.99,DELTA,47,1,49,50,575,yes,44,500
2025-05-20T12:35:15.409712,KXBTCD-25MAY2016-T106499.99,DELTA,47,1,52,600,576,no,51,-50
2025-05-20T12:35:15.411233,KXBTCD-25MAY2016-T106499.99,DELTA,47,1,52,1850,577,no,48,1250
2025-05-20T12:35:15.430519,KXBTCD-25MAY2016-T106499.99,DELTA,47,1,51,2000,578,no,49,2000
2025-05-20T12:35:15.430701,KXBTCD-25MAY2016-T106499.99,DELTA,47,1,50,200,579,no,50,200
2025-05-20T12:35:15.430805,KXBTCD-25MAY2016-T106499.99,DELTA,47,1,50,200,580,no,49,1000
2025-05-20T12:35:15.509328,KXBTCD-25MAY2016-T106499.99,DELTA,47,1,50,200,581,no,49,-2000
2025-05-20T12:35:15.529426,KXBTCD-25MAY2016-T106499.99,DELTA,47,1,50,200,582,no,49,-1000
2025-05-20T12:35:15.588798,KXBTCD-25MAY2016-T106499.99,DELTA,47,1,49,1000,583,no,51,1000
2025-05-20T12:35:15.589191,KXBTCD-25MAY2016-T106499.99,DELTA,47,1,49,1000,584,no,50,2000
2025-05-20T12:35:15.810327,KXBTCD-25MAY2016-T106499.99,DELTA,47,1,49,1000,585,yes,44,14
2025-05-20T12:35:15.811071,KXBTCD-25MAY2016-T106499.99,DELTA,47,1,49,1000,586,yes,45,-14
2025-05-20T12:35:15.811875,KXBTCD-25MAY2016-T106499.99,DELTA,47,1,49,1000,587,no,47,-14
2025-05-20T12:35:15.812291,KXBTCD-25MAY2016-T106499.99,DELTA,47,1,49,1000,588,no,48,14
2025-05-20T12:35:16.171800,KXBTCD-25MAY2016-T106499.99,DELTA,47,1,49,1000,589,yes,44,-500
2025-05-20T12:35:16.189520,KXBTCD-25MAY2016-T106499.99,DELTA,47,1,49,1000,590,yes,34,500
2025-05-20T12:35:16.310815,KXBTCD-25MAY2016-T106499.99,DELTA,47,1,49,1000,591,no,49,100
2025-05-20T12:35:16.311737,KXBTCD-25MAY2016-T106499.99,DELTA,47,1,49,1000,592,yes,43,100
2025-05-20T12:35:16.551544,KXBTCD-25MAY2016-T106499.99,DELTA,47,1,49,1000,593,yes,42,-1000
2025-05-20T12:35:16.570566,KXBTCD-25MAY2016-T106499.99,DELTA,47,1,49,1000,594,yes,42,1000
2025-05-20T12:35:16.689827,KXBTCD-25MAY2016-T106499.99,DELTA,47,1,49,1000,595,yes,42,-1000
2025-05-20T12:35:16.749652,KXBTCD-25MAY2016-T106499.99,DELTA,47,1,49,1000,596,yes,41,1000
2025-05-20T12:35:16.769549,KXBTCD-25MAY2016-T106499.99,DELTA,47,1,49,1000,597,yes,46,-500
2025-05-20T12:35:16.769970,KXBTCD-25MAY2016-T106499.99,DELTA,47,1,49,1000,598,yes,45,500
2025-05-20T12:35:16.790496,KXBTCD-25MAY2016-T106499.99,DELTA,47,1,49,1000,599,no,45,-500
2025-05-20T12:35:16.790943,KXBTCD-25MAY2016-T106499.99,DELTA,47,1,49,1000,600,no,46,500
2025-05-20T12:35:16.889054,KXBTCD-25MAY2016-T106499.99,DELTA,47,1,49,1000,601,no,49,-100
2025-05-20T12:35:17.130299,KXBTCD-25MAY2016-T106499.99,DELTA,47,1,49,1000,602,no,50,500
2025-05-20T12:35:17.150480,KXBTCD-25MAY2016-T106499.99,DELTA,47,1,49,1000,603,no,40,-500
2025-05-20T12:35:17.550640,KXBTCD-25MAY2016-T106499.99,DELTA,47,1,49,1100,604,no,51,100
2025-05-20T12:35:17.551818,KXBTCD-25MAY2016-T106499.99,DELTA,47,1,49,1100,605,yes,43,-100
2025-05-20T12:35:17.569964,KXBTCD-25MAY2016-T106499.99,DELTA,47,1,49,100,606,no,51,-1000
2025-05-20T12:35:17.610756,KXBTCD-25MAY2016-T106499.99,DELTA,47,1,48,1000,607,no,52,1000
2025-05-20T12:35:17.690455,KXBTCD-25MAY2016-T106499.99,DELTA,47,1,48,1000,608,yes,39,-2000
2025-05-20T12:35:17.690969,KXBTCD-25MAY2016-T106499.99,DELTA,47,1,48,1000,609,yes,41,30
2025-05-20T12:35:17.691363,KXBTCD-25MAY2016-T106499.99,DELTA,47,1,48,1000,610,yes,43,-30
2025-05-20T12:35:17.691509,KXBTCD-25MAY2016-T106499.99,DELTA,47,1,48,1000,611,yes,37,-1250
2025-05-20T12:35:17.709642,KXBTCD-25MAY2016-T106499.99,DELTA,47,1,48,1000,612,no,49,30
2025-05-20T12:35:17.709958,KXBTCD-25MAY2016-T106499.99,DELTA,47,1,48,1000,613,no,50,-2000
2025-05-20T12:35:17.710100,KXBTCD-25MAY2016-T106499.99,DELTA,47,1,48,1000,614,no,47,-30
2025-05-20T12:35:17.710210,KXBTCD-25MAY2016-T106499.99,DELTA,47,1,48,1000,615,yes,46,-250
2025-05-20T12:35:17.710498,KXBTCD-25MAY2016-T106499.99,DELTA,47,1,48,1000,616,no,48,-1250
2025-05-20T12:35:17.728520,KXBTCD-25MAY2016-T106499.99,DELTA,47,1,48,1000,617,yes,41,-1000
2025-05-20T12:35:17.748920,KXBTCD-25MAY2016-T106499.99,DELTA,47,1,48,1000,618,yes,45,250
2025-05-20T12:35:17.789658,KXBTCD-25MAY2016-T106499.99,DELTA,47,1,48,1000,619,yes,37,2000
2025-05-20T12:35:17.789853,KXBTCD-25MAY2016-T106499.99,DELTA,47,1,48,1000,620,yes,35,1250
2025-05-20T12:35:17.790215,KXBTCD-25MAY2016-T106499.99,DELTA,47,1,48,1000,621,no,51,2000
2025-05-20T12:35:17.790292,KXBTCD-25MAY2016-T106499.99,DELTA,47,1,48,1000,622,yes,45,-250
2025-05-20T12:35:17.809971,KXBTCD-25MAY2016-T106499.99,DELTA,47,1,48,1000,623,yes,32,500
2025-05-20T12:35:17.810110,KXBTCD-25MAY2016-T106499.99,DELTA,47,1,48,1000,624,no,50,-200
2025-05-20T12:35:17.810205,KXBTCD-25MAY2016-T106499.99,DELTA,47,1,48,1000,625,no,50,1250
2025-05-20T12:35:17.810281,KXBTCD-25MAY2016-T106499.99,DELTA,47,1,48,1000,626,yes,39,1000
2025-05-20T12:35:17.829225,KXBTCD-25MAY2016-T106499.99,DELTA,47,1,48,1000,627,yes,42,-500
2025-05-20T12:35:17.883532,KXBTCD-25MAY2016-T106499.99,DELTA,47,1,48,1000,628,yes,44,200
2025-05-20T12:35:17.883833,KXBTCD-25MAY2016-T106499.99,DELTA,47,1,48,1000,629,yes,39,-1000
2025-05-20T12:35:17.884171,KXBTCD-25MAY2016-T106499.99,DELTA,47,1,48,1250,630,no,52,250
2025-05-20T12:35:17.884344,KXBTCD-25MAY2016-T106499.99,DELTA,47,1,48,1250,631,yes,45,-500
2025-05-20T12:35:17.884472,KXBTCD-25MAY2016-T106499.99,DELTA,47,1,48,1250,632,yes,44,500
2025-05-20T12:35:17.890831,KXBTCD-25MAY2016-T106499.99,DELTA,47,1,48,1250,633,no,46,-500
2025-05-20T12:35:17.890977,KXBTCD-25MAY2016-T106499.99,DELTA,47,1,48,1250,634,no,47,500
2025-05-20T12:35:17.929267,KXBTCD-25MAY2016-T106499.99,DELTA,47,1,48,1250,635,no,51,-2000
2025-05-20T12:35:17.929570,KXBTCD-25MAY2016-T106499.99,DELTA,47,1,48,1250,636,yes,40,1000
2025-05-20T12:35:17.950399,KXBTCD-25MAY2016-T106499.99,DELTA,47,1,48,250,637,no,52,-1000
2025-05-20T12:35:17.990724,KXBTCD-25MAY2016-T106499.99,DELTA,47,1,48,2250,638,no,52,2000
2025-05-20T12:35:18.051628,KXBTCD-25MAY2016-T106499.99,DELTA,45,2,48,2250,639,yes,47,-1
2025-05-20T12:35:18.052537,KXBTCD-25MAY2016-T106499.99,DELTA,45,2,47,999,640,no,53,999
2025-05-20T12:35:18.053099,KXBTCD-25MAY2016-T106499.99,DELTA,45,2,47,999,641,yes,44,-14
2025-05-20T12:35:18.053570,KXBTCD-25MAY2016-T106499.99,DELTA,45,2,47,999,642,yes,41,14
2025-05-20T12:35:18.069650,KXBTCD-25MAY2016-T106499.99,DELTA,45,2,47,999,643,no,51,14
2025-05-20T12:35:18.069926,KXBTCD-25MAY2016-T106499.99,DELTA,45,2,47,999,644,no,48,-14
2025-05-20T12:35:18.111141,KXBTCD-25MAY2016-T106499.99,DELTA,45,2,47,999,645,yes,42,500
2025-05-20T12:35:18.111932,KXBTCD-25MAY2016-T106499.99,DELTA,45,2,47,999,646,yes,32,-500
2025-05-20T12:35:18.650074,KXBTCD-25MAY2016-T106499.99,DELTA,45,2,47,999,647,yes,41,100
2025-05-20T12:35:18.890554,KXBTCD-25MAY2016-T106499.99,DELTA,45,2,47,999,648,yes,13,-1744
2025-05-20T12:35:18.891434,KXBTCD-25MAY2016-T106499.99,DELTA,45,2,47,999,649,yes,4,5670
2025-05-20T12:35:18.953646,KXBTCD-25MAY2016-T106499.99,DELTA,45,2,47,999,650,no,8,-2835
2025-05-20T12:35:18.954777,KXBTCD-25MAY2016-T106499.99,DELTA,45,2,47,999,651,no,4,5670
2025-05-20T12:35:18.955484,KXBTCD-25MAY2016-T106499.99,DELTA,45,2,47,999,652,yes,5,20000
2025-05-20T12:35:19.046762,KXBTCD-25MAY2016-T106499.99,DELTA,45,2,47,999,653,no,5,20000
2025-05-20T12:35:19.550249,KXBTCD-25MAY2016-T106499.99,DELTA,45,2,47,999,654,yes,41,-30
2025-05-20T12:35:19.551419,KXBTCD-25MAY2016-T106499.99,DELTA,45,2,47,999,655,yes,40,30
2025-05-20T12:35:19.552013,KXBTCD-25MAY2016-T106499.99,DELTA,45,2,47,999,656,no,49,-30
2025-05-20T12:35:19.552492,KXBTCD-25MAY2016-T106499.99,DELTA,45,2,47,999,657,no,50,30
2025-05-20T12:35:19.652349,KXBTCD-25MAY2016-T106499.99,DELTA,45,2,47,999,658,yes,40,14
2025-05-20T12:35:19.671475,KXBTCD-25MAY2016-T106499.99,DELTA,45,2,47,999,659,yes,41,-14
2025-05-20T12:35:19.672365,KXBTCD-25MAY2016-T106499.99,DELTA,45,2,47,999,660,no,52,14
2025-05-20T12:35:19.673133,KXBTCD-25MAY2016-T106499.99,DELTA,45,2,47,999,661,no,51,-14
2025-05-20T12:35:19.730619,KXBTCD-25MAY2016-T106499.99,DELTA,45,2,47,999,662,no,20,-200
2025-05-20T12:35:19.731133,KXBTCD-25MAY2016-T106499.99,DELTA,45,2,47,999,663,no,30,200
2025-05-20T12:35:19.731585,KXBTCD-25MAY2016-T106499.99,DELTA,45,2,47,999,664,yes,42,-500
2025-05-20T12:35:19.731802,KXBTCD-25MAY2016-T106499.99,DELTA,45,2,47,999,665,yes,32,500
2025-05-20T12:35:19.731938,KXBTCD-25MAY2016-T106499.99,DELTA,45,2,47,999,666,yes,40,-1000
2025-05-20T12:35:19.751174,KXBTCD-25MAY2016-T106499.99,DELTA,45,2,47,999,667,no,50,-1250
2025-05-20T12:35:19.791546,KXBTCD-25MAY2016-T106499.99,DELTA,45,2,47,999,668,yes,37,-2000
2025-05-20T12:35:19.810774,KXBTCD-25MAY2016-T106499.99,DELTA,45,2,47,999,669,yes,35,-1250
2025-05-20T12:35:19.829410,KXBTCD-25MAY2016-T106499.99,DELTA,45,2,47,999,670,no,51,1250
2025-05-20T12:35:19.829827,KXBTCD-25MAY2016-T106499.99,DELTA,45,2,47,999,671,no,52,-2000
2025-05-20T12:35:19.830042,KXBTCD-25MAY2016-T106499.99,DELTA,45,2,47,999,672,yes,39,1000
2025-05-20T12:35:19.830172,KXBTCD-25MAY2016-T106499.99,DELTA,45,2,47,999,673,yes,44,-200
2025-05-20T12:35:19.850858,KXBTCD-25MAY2016-T106499.99,DELTA,45,2,47,999,674,yes,43,250
2025-05-20T12:35:19.912348,KXBTCD-25MAY2016-T106499.99,DELTA,45,2,47,999,675,yes,34,1250
2025-05-20T12:35:19.912940,KXBTCD-25MAY2016-T106499.99,DELTA,45,2,47,2999,676,no,53,2000
2025-05-20T12:35:19.913245,KXBTCD-25MAY2016-T106499.99,DELTA,45,2,47,2999,677,yes,36,2000
2025-05-20T12:35:20.170524,KXBTCD-25MAY2016-T106499.99,DELTA,45,2,47,2999,678,no,52,500
2025-05-20T12:35:20.170745,KXBTCD-25MAY2016-T106499.99,DELTA,45,2,47,2999,679,no,42,-500
2025-05-20T12:35:20.271467,KXBTCD-25MAY2016-T106499.99,DELTA,45,2,47,2999,680,no,51,-100
2025-05-20T12:35:20.670299,KXBTCD-25MAY2016-T106499.99,DELTA,45,2,47,2999,681,yes,39,-1000
2025-05-20T12:35:20.730464,KXBTCD-25MAY2016-T106499.99,DELTA,45,2,47,2999,682,yes,38,1000
2025-05-20T12:35:20.791417,KXBTCD-25MAY2016-T106499.99,DELTA,45,2,47,2999,683,yes,38,-1000
2025-05-20T12:35:20.851399,KXBTCD-25MAY2016-T106499.99,DELTA,45,2,47,2999,684,yes,36,-2000
2025-05-20T12:35:20.852187,KXBTCD-25MAY2016-T106499.99,DELTA,45,2,47,2999,685,yes,40,1000
2025-05-20T12:35:20.869397,KXBTCD-25MAY2016-T106499.99,DELTA,45,2,47,2999,686,yes,34,-1250
2025-05-20T12:35:20.870215,KXBTCD-25MAY2016-T106499.99,DELTA,45,2,47,999,687,no,53,-2000
2025-05-20T12:35:20.870584,KXBTCD-25MAY2016-T106499.99,DELTA,45,2,47,999,688,yes,40,-500
2025-05-20T12:35:20.890116,KXBTCD-25MAY2016-T106499.99,DELTA,45,2,47,999,689,no,51,-1250
2025-05-20T12:35:20.890695,KXBTCD-25MAY2016-T106499.99,DELTA,45,2,47,999,690,yes,30,500
2025-05-20T12:35:20.891258,KXBTCD-25MAY2016-T106499.99,DELTA,45,2,47,999,691,no,52,-500
2025-05-20T12:35:20.910530,KXBTCD-25MAY2016-T106499.99,DELTA,45,2,47,999,692,yes,42,14
2025-05-20T12:35:20.911177,KXBTCD-25MAY2016-T106499.99,DELTA,45,2,47,999,693,yes,40,-14
2025-05-20T12:35:20.911429,KXBTCD-25MAY2016-T106499.99,DELTA,45,2,47,999,694,no,42,500
2025-05-20T12:35:20.911617,KXBTCD-25MAY2016-T106499.99,DELTA,45,2,47,999,695,yes,43,-250
2025-05-20T12:35:20.911789,KXBTCD-25MAY2016-T106499.99,DELTA,45,2,47,999,696,no,51,14
2025-05-20T12:35:20.911939,KXBTCD-25MAY2016-T106499.99,DELTA,45,2,47,999,697,no,52,-14
2025-05-20T12:35:20.969476,KXBTCD-25MAY2016-T106499.99,DELTA,45,152,47,999,698,yes,45,150
2025-05-20T12:35:20.969724,KXBTCD-25MAY2016-T106499.99,DELTA,45,152,47,999,699,no,47,-500
2025-05-20T12:35:20.969981,KXBTCD-25MAY2016-T106499.99,DELTA,45,152,47,999,700,no,46,500
2025-05-20T12:35:20.970898,KXBTCD-25MAY2016-T106499.99,DELTA,45,152,47,999,701,yes,39,2000
2025-05-20T12:35:20.989504,KXBTCD-25MAY2016-T106499.99,DELTA,45,152,47,999,702,yes,37,1250
2025-05-20T12:35:20.989677,KXBTCD-25MAY2016-T106499.99,DELTA,45,152,47,999,703,yes,40,-1000
2025-05-20T12:35:20.989934,KXBTCD-25MAY2016-T106499.99,DELTA,45,152,47,999,704,no,48,1250
2025-05-20T12:35:20.990026,KXBTCD-25MAY2016-T106499.99,DELTA,45,152,47,999,705,yes,44,-500
2025-05-20T12:35:20.990101,KXBTCD-25MAY2016-T106499.99,DELTA,45,652,47,999,706,yes,45,500
2025-05-20T12:35:20.990171,KXBTCD-25MAY2016-T106499.99,DELTA,45,652,47,999,707,yes,43,14
2025-05-20T12:35:20.990232,KXBTCD-25MAY2016-T106499.99,DELTA,45,652,47,999,708,yes,42,30
2025-05-20T12:35:20.990292,KXBTCD-25MAY2016-T106499.99,DELTA,45,652,47,999,709,yes,42,-14
2025-05-20T12:35:21.009834,KXBTCD-25MAY2016-T106499.99,DELTA,45,652,47,999,710,no,49,14
2025-05-20T12:35:21.009960,KXBTCD-25MAY2016-T106499.99,DELTA,45,652,47,999,711,no,48,30
2025-05-20T12:35:21.010032,KXBTCD-25MAY2016-T106499.99,DELTA,45,652,47,999,712,no,51,-14
2025-05-20T12:35:21.010097,KXBTCD-25MAY2016-T106499.99,DELTA,45,652,47,999,713,no,52,-250
2025-05-20T12:35:21.010370,KXBTCD-25MAY2016-T106499.99,DELTA,45,652,47,999,714,no,50,2000
2025-05-20T12:35:21.010490,KXBTCD-25MAY2016-T106499.99,DELTA,45,652,47,999,715,yes,40,-30
2025-05-20T12:35:21.030526,KXBTCD-25MAY2016-T106499.99,DELTA,45,652,47,999,716,no,50,-30
2025-05-20T12:35:21.030675,KXBTCD-25MAY2016-T106499.99,DELTA,45,652,47,999,717,no,46,-500
2025-05-20T12:35:21.030763,KXBTCD-25MAY2016-T106499.99,DELTA,45,652,47,999,718,no,45,500
2025-05-20T12:35:21.050747,KXBTCD-25MAY2016-T106499.99,DELTA,45,652,47,999,719,yes,40,500
2025-05-20T12:35:21.069428,KXBTCD-25MAY2016-T106499.99,DELTA,45,652,47,999,720,no,40,500
2025-05-20T12:35:21.070155,KXBTCD-25MAY2016-T106499.99,DELTA,45,652,47,999,721,no,30,-200
2025-05-20T12:35:21.070258,KXBTCD-25MAY2016-T106499.99,DELTA,45,652,47,999,722,no,20,200
2025-05-20T12:35:21.070339,KXBTCD-25MAY2016-T106499.99,DELTA,45,652,47,999,723,no,51,50
2025-05-20T12:35:21.070411,KXBTCD-25MAY2016-T106499.99,DELTA,45,652,47,999,724,yes,30,-500
2025-05-20T12:35:21.089936,KXBTCD-25MAY2016-T106499.99,DELTA,45,652,47,999,725,no,50,-500
2025-05-20T12:35:21.110441,KXBTCD-25MAY2016-T106499.99,DELTA,45,152,47,999,726,yes,45,-500
2025-05-20T12:35:21.110622,KXBTCD-25MAY2016-T106499.99,DELTA,46,500,47,999,727,yes,46,500
2025-05-20T12:35:21.110722,KXBTCD-25MAY2016-T106499.99,DELTA,46,500,47,999,728,yes,42,1000
2025-05-20T12:35:21.110812,KXBTCD-25MAY2016-T106499.99,DELTA,46,500,49,50,729,no,53,-999
2025-05-20T12:35:21.111278,KXBTCD-25MAY2016-T106499.99,DELTA,46,500,49,50,730,no,50,-2000
2025-05-20T12:35:21.129328,KXBTCD-25MAY2016-T106499.99,DELTA,46,500,49,50,731,yes,45,-150
2025-05-20T12:35:21.129758,KXBTCD-25MAY2016-T106499.99,DELTA,46,500,49,50,732,no,48,-1250
2025-05-20T12:35:21.131006,KXBTCD-25MAY2016-T106499.99,DELTA,46,500,51,14,733,no,51,-50
2025-05-20T12:35:21.131119,KXBTCD-25MAY2016-T106499.99,DELTA,46,500,51,14,734,yes,32,-500
2025-05-20T12:35:21.182623,KXBTCD-25MAY2016-T106499.99,DELTA,46,500,51,14,735,yes,42,500
2025-05-20T12:35:21.184367,KXBTCD-25MAY2016-T106499.99,DELTA,46,500,51,14,736,yes,34,-500
2025-05-20T12:35:21.189179,KXBTCD-25MAY2016-T106499.99,DELTA,47,250,51,14,737,yes,47,250
2025-05-20T12:35:21.189575,KXBTCD-25MAY2016-T106499.99,DELTA,47,250,51,214,738,no,49,200
2025-05-20T12:35:21.190000,KXBTCD-25MAY2016-T106499.99,DELTA,47,250,51,214,739,yes,44,500
2025-05-20T12:35:21.190587,KXBTCD-25MAY2016-T106499.99,DELTA,47,250,48,1000,740,no,52,1000
2025-05-20T12:35:21.190900,KXBTCD-25MAY2016-T106499.99,DELTA,47,250,48,1000,741,yes,39,-2000
2025-05-20T12:35:21.209996,KXBTCD-25MAY2016-T106499.99,DELTA,47,250,48,1000,742,yes,37,-1250
2025-05-20T12:35:21.231811,KXBTCD-25MAY2016-T106499.99,DELTA,47,250,48,1000,743,yes,44,-500
2025-05-20T12:35:21.252017,KXBTCD-25MAY2016-T106499.99,DELTA,47,250,48,1000,744,no,47,1250
2025-05-20T12:35:21.252802,KXBTCD-25MAY2016-T106499.99,DELTA,47,250,48,1000,745,no,49,2000
2025-05-20T12:35:21.269882,KXBTCD-25MAY2016-T106499.99,DELTA,47,250,48,1000,746,no,51,100
2025-05-20T12:35:21.270067,KXBTCD-25MAY2016-T106499.99,DELTA,47,250,48,1000,747,yes,4,-5670
2025-05-20T12:35:21.270203,KXBTCD-25MAY2016-T106499.99,DELTA,47,250,48,1000,748,yes,6,3780
2025-05-20T12:35:21.291424,KXBTCD-25MAY2016-T106499.99,DELTA,47,250,48,1000,749,no,45,-500
2025-05-20T12:35:21.291918,KXBTCD-25MAY2016-T106499.99,DELTA,47,250,48,1000,750,no,44,500
2025-05-20T12:35:21.310039,KXBTCD-25MAY2016-T106499.99,DELTA,47,250,48,1000,751,yes,46,-500
2025-05-20T12:35:21.310457,KXBTCD-25MAY2016-T106499.99,DELTA,47,750,48,1000,752,yes,47,500
2025-05-20T12:35:21.310656,KXBTCD-25MAY2016-T106499.99,DELTA,47,750,48,1000,753,no,4,-5670
2025-05-20T12:35:21.310850,KXBTCD-25MAY2016-T106499.99,DELTA,47,750,48,1000,754,no,6,3780
2025-05-20T12:35:21.349921,KXBTCD-25MAY2016-T106499.99,DELTA,47,750,49,100,755,no,52,-1000
2025-05-20T12:35:21.391664,KXBTCD-25MAY2016-T106499.99,DELTA,47,750,49,100,756,no,5,-20000
2025-05-20T12:35:21.430881,KXBTCD-25MAY2016-T106499.99,DELTA,47,750,49,100,757,yes,41,-100
2025-05-20T12:35:21.470632,KXBTCD-25MAY2016-T106499.99,DELTA,47,250,49,100,758,yes,47,-500
2025-05-20T12:35:21.471075,KXBTCD-25MAY2016-T106499.99,DELTA,47,250,49,100,759,yes,46,500
2025-05-20T12:35:21.490055,KXBTCD-25MAY2016-T106499.99,DELTA,47,250,49,100,760,no,44,-500
2025-05-20T12:35:21.490752,KXBTCD-25MAY2016-T106499.99,DELTA,47,250,49,100,761,no,45,500
2025-05-20T12:35:21.590781,KXBTCD-25MAY2016-T106499.99,DELTA,47,250,49,100,762,yes,5,-20000
2025-05-20T12:35:21.670326,KXBTCD-25MAY2016-T106499.99,DELTA,47,250,49,100,763,yes,7,20000
2025-05-20T12:35:21.790564,KXBTCD-25MAY2016-T106499.99,DELTA,47,250,49,100,764,yes,38,1250
2025-05-20T12:35:21.791592,KXBTCD-25MAY2016-T106499.99,DELTA,47,250,49,100,765,no,7,20000
2025-05-20T12:35:21.791968,KXBTCD-25MAY2016-T106499.99,DELTA,47,250,49,100,766,yes,40,2000
2025-05-20T12:35:21.792274,KXBTCD-25MAY2016-T106499.99,DELTA,47,250,48,1000,767,no,52,1000
2025-05-20T12:35:21.891121,KXBTCD-25MAY2016-T106499.99,DELTA,47,250,48,1000,768,no,51,-100
2025-05-20T12:35:21.959480,KXBTCD-25MAY2016-T106499.99,DELTA,47,250,51,2214,769,no,52,-1000
2025-05-20T12:35:21.989505,KXBTCD-25MAY2016-T106499.99,DELTA,47,250,50,1000,770,no,50,1000
2025-05-20T12:35:22.090224,KXBTCD-25MAY2016-T106499.99,DELTA,47,250,50,1000,771,yes,40,-2000
2025-05-20T12:35:22.091662,KXBTCD-25MAY2016-T106499.99,DELTA,47,250,50,1000,772,yes,38,-1250
2025-05-20T12:35:22.092128,KXBTCD-25MAY2016-T106499.99,DELTA,47,250,50,1000,773,yes,6,-3780
2025-05-20T12:35:22.092515,KXBTCD-25MAY2016-T106499.99,DELTA,47,250,50,1000,774,yes,8,2835
2025-05-20T12:35:22.110482,KXBTCD-25MAY2016-T106499.99,DELTA,47,250,50,1000,775,no,49,-2000
2025-05-20T12:35:22.110844,KXBTCD-25MAY2016-T106499.99,DELTA,46,500,50,1000,776,yes,47,-250
2025-05-20T12:35:22.111323,KXBTCD-25MAY2016-T106499.99,DELTA,46,500,50,1000,777,no,47,-1250
2025-05-20T12:35:22.129964,KXBTCD-25MAY2016-T106499.99,DELTA,46,750,50,1000,778,yes,46,250
2025-05-20T12:35:22.149743,KXBTCD-25MAY2016-T106499.99,DELTA,46,750,50,1000,779,no,6,-3780
2025-05-20T12:35:22.150090,KXBTCD-25MAY2016-T106499.99,DELTA,46,750,50,1000,780,no,8,2835
2025-05-20T12:35:22.150370,KXBTCD-25MAY2016-T106499.99,DELTA,46,750,50,1000,781,no,49,-200
2025-05-20T12:35:22.192971,KXBTCD-25MAY2016-T106499.99,DELTA,46,750,49,50,782,no,51,50
2025-05-20T12:35:22.230432,KXBTCD-25MAY2016-T106499.99,DELTA,46,750,49,50,783,yes,37,1250
2025-05-20T12:35:22.230991,KXBTCD-25MAY2016-T106499.99,DELTA,46,750,49,50,784,yes,7,-20000
2025-05-20T12:35:22.231343,KXBTCD-25MAY2016-T106499.99,DELTA,46,750,49,50,785,no,50,2000
2025-05-20T12:35:22.231918,KXBTCD-25MAY2016-T106499.99,DELTA,46,750,49,50,786,no,48,1250
2025-05-20T12:35:22.232209,KXBTCD-25MAY2016-T106499.99,DELTA,46,750,49,50,787,yes,39,2000
2025-05-20T12:35:22.249663,KXBTCD-25MAY2016-T106499.99,DELTA,46,750,49,50,788,no,7,-20000
2025-05-20T12:35:22.250236,KXBTCD-25MAY2016-T106499.99,DELTA,46,750,49,50,789,yes,42,-1000
2025-05-20T12:35:22.250585,KXBTCD-25MAY2016-T106499.99,DELTA,46,750,49,50,790,no,50,-1000
2025-05-20T12:35:22.269604,KXBTCD-25MAY2016-T106499.99,DELTA,46,750,49,50,791,yes,43,100
2025-05-20T12:35:22.330908,KXBTCD-25MAY2016-T106499.99,DELTA,46,750,49,50,792,no,50,-2000
2025-05-20T12:35:22.350330,KXBTCD-25MAY2016-T106499.99,DELTA,46,750,49,50,793,yes,41,1000
2025-05-20T12:35:22.370456,KXBTCD-25MAY2016-T106499.99,DELTA,46,750,48,1000,794,no,52,1000
2025-05-20T12:35:22.449988,KXBTCD-25MAY2016-T106499.99,DELTA,46,750,48,1000,795,no,49,2000
2025-05-20T12:35:22.510073,KXBTCD-25MAY2016-T106499.99,DELTA,46,750,48,1000,796,yes,43,-100
2025-05-20T12:35:22.710910,KXBTCD-25MAY2016-T106499.99,DELTA,46,750,48,1000,797,yes,39,-2000
2025-05-20T12:35:22.712054,KXBTCD-25MAY2016-T106499.99,DELTA,46,750,48,1000,798,yes,37,-1250
2025-05-20T12:35:22.730037,KXBTCD-25MAY2016-T106499.99,DELTA,46,750,48,1000,799,no,48,-1250
2025-05-20T12:35:22.769507,KXBTCD-25MAY2016-T106499.99,DELTA,46,500,48,1000,800,yes,46,-250
2025-05-20T12:35:22.769865,KXBTCD-25MAY2016-T106499.99,DELTA,46,500,48,1000,801,no,51,-50
2025-05-20T12:35:22.789774,KXBTCD-25MAY2016-T106499.99,DELTA,46,500,48,1000,802,yes,36,1250
2025-05-20T12:35:22.789940,KXBTCD-25MAY2016-T106499.99,DELTA,46,500,48,1000,803,no,49,1250
2025-05-20T12:35:22.790223,KXBTCD-25MAY2016-T106499.99,DELTA,46,500,48,1000,804,yes,38,2000
2025-05-20T12:35:22.830571,KXBTCD-25MAY2016-T106499.99,DELTA,45,2,48,1000,805,yes,46,-500
2025-05-20T12:35:22.830743,KXBTCD-25MAY2016-T106499.99,DELTA,45,502,48,1000,806,yes,45,500
2025-05-20T12:35:22.831476,KXBTCD-25MAY2016-T106499.99,DELTA,45,502,51,3264,807,no,52,-1000
2025-05-20T12:35:22.831574,KXBTCD-25MAY2016-T106499.99,DELTA,45,702,51,3264,808,yes,45,200
2025-05-20T12:35:22.849401,KXBTCD-25MAY2016-T106499.99,DELTA,45,702,51,3264,809,no,45,-500
2025-05-20T12:35:22.849546,KXBTCD-25MAY2016-T106499.99,DELTA,45,702,51,3264,810,no,46,500
2025-05-20T12:35:22.849638,KXBTCD-25MAY2016-T106499.99,DELTA,45,702,49,250,811,no,51,250
2025-05-20T12:35:22.869127,KXBTCD-25MAY2016-T106499.99,DELTA,45,702,49,250,812,no,49,100
2025-05-20T12:35:22.888823,KXBTCD-25MAY2016-T106499.99,DELTA,45,702,49,250,813,yes,44,500
2025-05-20T12:35:22.889005,KXBTCD-25MAY2016-T106499.99,DELTA,45,702,49,250,814,yes,34,500
2025-05-20T12:35:22.911059,KXBTCD-25MAY2016-T106499.99,DELTA,45,702,49,250,815,yes,8,-2835
2025-05-20T12:35:22.911198,KXBTCD-25MAY2016-T106499.99,DELTA,45,702,49,250,816,yes,4,5670
2025-05-20T12:35:22.911283,KXBTCD-25MAY2016-T106499.99,DELTA,45,702,49,250,817,yes,34,-500
2025-05-20T12:35:22.968410,KXBTCD-25MAY2016-T106499.99,DELTA,45,702,49,250,818,no,8,-2835
2025-05-20T12:35:22.968598,KXBTCD-25MAY2016-T106499.99,DELTA,45,702,49,250,819,no,4,5670
2025-05-20T12:35:22.989549,KXBTCD-25MAY2016-T106499.99,DELTA,45,702,49,250,820,no,49,1000
2025-05-20T12:35:23.050629,KXBTCD-25MAY2016-T106499.99,DELTA,45,702,49,250,821,no,49,-100
2025-05-20T12:35:23.051475,KXBTCD-25MAY2016-T106499.99,DELTA,45,702,49,250,822,yes,4,-5670
2025-05-20T12:35:23.090082,KXBTCD-25MAY2016-T106499.99,DELTA,45,702,49,250,823,yes,5,20000
2025-05-20T12:35:23.131544,KXBTCD-25MAY2016-T106499.99,DELTA,45,702,49,250,824,no,5,20000
2025-05-20T12:35:23.169935,KXBTCD-25MAY2016-T106499.99,DELTA,45,702,49,250,825,yes,34,500
2025-05-20T12:35:23.191114,KXBTCD-25MAY2016-T106499.99,DELTA,45,702,49,250,826,no,40,-500
2025-05-20T12:35:23.210299,KXBTCD-25MAY2016-T106499.99,DELTA,45,702,49,250,827,no,50,500
2025-05-20T12:35:23.211110,KXBTCD-25MAY2016-T106499.99,DELTA,45,702,49,250,828,yes,44,-500
2025-05-20T12:35:23.229825,KXBTCD-25MAY2016-T106499.99,DELTA,45,702,49,250,829,yes,5,-20000
2025-05-20T12:35:23.270527,KXBTCD-25MAY2016-T106499.99,DELTA,45,702,49,250,830,no,49,-2000
2025-05-20T12:35:23.271309,KXBTCD-25MAY2016-T106499.99,DELTA,45,702,49,250,831,no,49,-1000
2025-05-20T12:35:23.410672,KXBTCD-25MAY2016-T106499.99,DELTA,45,702,49,2250,832,no,51,2000
2025-05-20T12:35:23.412052,KXBTCD-25MAY2016-T106499.99,DELTA,45,702,48,1000,833,no,52,1000
2025-05-20T12:35:23.550917,KXBTCD-25MAY2016-T106499.99,DELTA,45,702,48,1000,834,yes,38,-2000
2025-05-20T12:35:23.552112,KXBTCD-25MAY2016-T106499.99,DELTA,45,702,48,1000,835,yes,41,-1000
2025-05-20T12:35:23.569558,KXBTCD-25MAY2016-T106499.99,DELTA,45,702,48,1000,836,yes,36,-1250
2025-05-20T12:35:23.570361,KXBTCD-25MAY2016-T106499.99,DELTA,45,702,48,1000,837,no,51,-2000
2025-05-20T12:35:23.589787,KXBTCD-25MAY2016-T106499.99,DELTA,45,702,48,1000,838,no,49,-1250
2025-05-20T12:35:23.711118,KXBTCD-25MAY2016-T106499.99,DELTA,45,702,48,1000,839,no,51,2000
2025-05-20T12:35:23.712312,KXBTCD-25MAY2016-T106499.99,DELTA,45,702,48,1000,840,yes,38,2000
2025-05-20T12:35:23.712820,KXBTCD-25MAY2016-T106499.99,DELTA,45,702,48,1000,841,yes,40,1000
2025-05-20T12:35:23.713682,KXBTCD-25MAY2016-T106499.99,DELTA,45,702,48,1000,842,no,49,1250
2025-05-20T12:35:23.714136,KXBTCD-25MAY2016-T106499.99,DELTA,45,702,48,1000,843,yes,36,1250
2025-05-20T12:35:24.071394,KXBTCD-25MAY2016-T106499.99,DELTA,45,702,48,1000,844,yes,40,-1000
2025-05-20T12:35:24.191068,KXBTCD-25MAY2016-T106499.99,DELTA,45,702,48,1000,845,yes,41,1000
2025-05-20T12:35:24.211008,KXBTCD-25MAY2016-T106499.99,DELTA,45,702,48,1000,846,no,50,100
2025-05-20T12:35:24.309971,KXBTCD-25MAY2016-T106499.99,DELTA,45,702,48,1000,847,yes,36,-1250
2025-05-20T12:35:24.429360,KXBTCD-25MAY2016-T106499.99,DELTA,45,702,48,1000,848,yes,37,1250
2025-05-20T12:35:24.550856,KXBTCD-25MAY2016-T106499.99,DELTA,45,702,48,1000,849,yes,37,-1250
2025-05-20T12:35:24.552042,KXBTCD-25MAY2016-T106499.99,DELTA,45,700,48,1000,850,yes,45,-2
2025-05-20T12:35:24.552851,KXBTCD-25MAY2016-T106499.99,DELTA,45,652,48,1000,851,yes,45,-48
2025-05-20T12:35:24.611042,KXBTCD-25MAY2016-T106499.99,DELTA,45,700,48,1000,852,yes,45,48
2025-05-20T12:35:24.690293,KXBTCD-25MAY2016-T106499.99,DELTA,45,700,48,1000,853,yes,36,1250
2025-05-20T12:35:25.051117,KXBTCD-25MAY2016-T106499.99,DELTA,45,700,48,1000,854,yes,41,-1000
2025-05-20T12:35:25.170605,KXBTCD-25MAY2016-T106499.99,DELTA,45,700,48,1000,855,yes,41,1000
2025-05-20T12:35:25.370344,KXBTCD-25MAY2016-T106499.99,DELTA,45,700,48,1000,856,yes,42,100
2025-05-20T12:35:26.129098,KXBTCD-25MAY2016-T106499.99,DELTA,45,700,48,1000,857,no,40,500
2025-05-20T12:35:26.129344,KXBTCD-25MAY2016-T106499.99,DELTA,45,700,48,1000,858,no,50,-500
2025-05-20T12:35:26.188818,KXBTCD-25MAY2016-T106499.99,DELTA,45,700,48,1000,859,no,46,-500
2025-05-20T12:35:26.189086,KXBTCD-25MAY2016-T106499.99,DELTA,45,700,48,1000,860,no,45,500
2025-05-20T12:35:26.189600,KXBTCD-25MAY2016-T106499.99,DELTA,45,700,48,1000,861,yes,38,-2000
2025-05-20T12:35:26.189735,KXBTCD-25MAY2016-T106499.99,DELTA,45,700,48,1000,862,yes,41,-1000
2025-05-20T12:35:26.210159,KXBTCD-25MAY2016-T106499.99,DELTA,45,200,48,1000,863,yes,45,-500
2025-05-20T12:35:26.210370,KXBTCD-25MAY2016-T106499.99,DELTA,46,500,48,1000,864,yes,46,500
2025-05-20T12:35:26.210507,KXBTCD-25MAY2016-T106499.99,DELTA,46,500,48,1000,865,yes,36,-1250
2025-05-20T12:35:26.210620,KXBTCD-25MAY2016-T106499.99,DELTA,46,500,48,1000,866,no,51,-250
2025-05-20T12:35:26.210727,KXBTCD-25MAY2016-T106499.99,DELTA,46,500,48,1000,867,no,51,-2000
2025-05-20T12:35:26.229869,KXBTCD-25MAY2016-T106499.99,DELTA,46,500,48,1000,868,no,49,-1250
2025-05-20T12:35:26.230634,KXBTCD-25MAY2016-T106499.99,DELTA,46,500,48,1000,869,no,50,200
2025-05-20T12:35:26.231701,KXBTCD-25MAY2016-T106499.99,DELTA,46,500,48,1000,870,yes,43,-14
2025-05-20T12:35:26.231858,KXBTCD-25MAY2016-T106499.99,DELTA,46,500,48,1000,871,yes,45,14
2025-05-20T12:35:26.248620,KXBTCD-25MAY2016-T106499.99,DELTA,46,500,48,1000,872,yes,44,30
2025-05-20T12:35:26.248843,KXBTCD-25MAY2016-T106499.99,DELTA,46,500,48,1000,873,yes,42,-30
2025-05-20T12:35:26.248992,KXBTCD-25MAY2016-T106499.99,DELTA,46,500,48,1000,874,no,47,14
2025-05-20T12:35:26.249341,KXBTCD-25MAY2016-T106499.99,DELTA,46,500,48,1000,875,no,49,-14
2025-05-20T12:35:26.249484,KXBTCD-25MAY2016-T106499.99,DELTA,46,500,48,1000,876,yes,45,-200
2025-05-20T12:35:26.249772,KXBTCD-25MAY2016-T106499.99,DELTA,46,500,48,1000,877,no,48,-30
2025-05-20T12:35:26.250023,KXBTCD-25MAY2016-T106499.99,DELTA,46,500,48,1000,878,no,47,30
2025-05-20T12:35:26.273422,KXBTCD-25MAY2016-T106499.99,DELTA,46,500,48,1000,879,no,50,-200
2025-05-20T12:35:26.273698,KXBTCD-25MAY2016-T106499.99,DELTA,46,500,50,100,880,no,52,-1000
2025-05-20T12:35:26.310994,KXBTCD-25MAY2016-T106499.99,DELTA,45,14,50,100,881,yes,46,-500
2025-05-20T12:35:26.333305,KXBTCD-25MAY2016-T106499.99,DELTA,45,14,50,100,882,no,45,-500
2025-05-20T12:35:26.333533,KXBTCD-25MAY2016-T106499.99,DELTA,45,14,50,100,883,no,44,500
2025-05-20T12:35:26.390254,KXBTCD-25MAY2016-T106499.99,DELTA,45,14,50,100,884,no,44,-500
2025-05-20T12:35:26.390463,KXBTCD-25MAY2016-T106499.99,DELTA,47,14,50,100,885,yes,47,14
2025-05-20T12:35:26.409279,KXBTCD-25MAY2016-T106499.99,DELTA,47,14,50,100,886,yes,44,-30
2025-05-20T12:35:26.409504,KXBTCD-25MAY2016-T106499.99,DELTA,47,14,50,100,887,yes,45,30
2025-05-20T12:35:26.409626,KXBTCD-25MAY2016-T106499.99,DELTA,47,14,50,100,888,yes,45,-14
2025-05-20T12:35:26.409733,KXBTCD-25MAY2016-T106499.99,DELTA,47,14,50,100,889,no,46,14
2025-05-20T12:35:26.410014,KXBTCD-25MAY2016-T106499.99,DELTA,47,14,50,100,890,yes,41,2000
2025-05-20T12:35:26.410119,KXBTCD-25MAY2016-T106499.99,DELTA,47,14,50,100,891,no,48,2000
2025-05-20T12:35:26.410221,KXBTCD-25MAY2016-T106499.99,DELTA,47,14,50,100,892,yes,39,1250
2025-05-20T12:35:26.410307,KXBTCD-25MAY2016-T106499.99,DELTA,48,250,50,100,893,yes,48,250
2025-05-20T12:35:26.410402,KXBTCD-25MAY2016-T106499.99,DELTA,48,250,50,100,894,yes,43,1000
2025-05-20T12:35:26.410721,KXBTCD-25MAY2016-T106499.99,DELTA,48,250,50,100,895,no,47,-14
2025-05-20T12:35:26.410822,KXBTCD-25MAY2016-T106499.99,DELTA,48,250,50,100,896,no,45,30
2025-05-20T12:35:26.410910,KXBTCD-25MAY2016-T106499.99,DELTA,48,250,50,100,897,no,47,-30
2025-05-20T12:35:26.410996,KXBTCD-25MAY2016-T106499.99,DELTA,48,250,50,100,898,no,46,1250
2025-05-20T12:35:26.431089,KXBTCD-25MAY2016-T106499.99,DELTA,48,250,50,100,899,no,48,200
2025-05-20T12:35:26.451224,KXBTCD-25MAY2016-T106499.99,DELTA,48,250,50,100,900,yes,42,-100
2025-05-20T12:35:26.452234,KXBTCD-25MAY2016-T106499.99,DELTA,48,250,50,1100,901,no,50,1000
2025-05-20T12:35:26.489186,KXBTCD-25MAY2016-T106499.99,DELTA,48,750,50,1100,902,yes,48,500
2025-05-20T12:35:26.490657,KXBTCD-25MAY2016-T106499.99,DELTA,48,750,50,1100,903,no,43,500
2025-05-20T12:35:26.529483,KXBTCD-25MAY2016-T106499.99,DELTA,48,500,50,1100,904,yes,48,-250
2025-05-20T12:35:26.530203,KXBTCD-25MAY2016-T106499.99,DELTA,48,500,50,1100,905,no,48,-200
2025-05-20T12:35:26.551148,KXBTCD-25MAY2016-T106499.99,DELTA,48,500,50,1100,906,no,43,-500
2025-05-20T12:35:26.551884,KXBTCD-25MAY2016-T106499.99,DELTA,48,500,50,1100,907,no,42,500
2025-05-20T12:35:26.573466,KXBTCD-25MAY2016-T106499.99,DELTA,48,385,50,1100,908,yes,48,-115
2025-05-20T12:35:26.591139,KXBTCD-25MAY2016-T106499.99,DELTA,48,385,50,1100,909,no,38,500
2025-05-20T12:35:26.591774,KXBTCD-25MAY2016-T106499.99,DELTA,47,14,50,1100,910,yes,48,-385
2025-05-20T12:35:26.592106,KXBTCD-25MAY2016-T106499.99,DELTA,49,385,50,1100,911,yes,49,385
2025-05-20T12:35:26.592376,KXBTCD-25MAY2016-T106499.99,DELTA,49,385,50,1100,912,no,48,-500
2025-05-20T12:35:26.609567,KXBTCD-25MAY2016-T106499.99,DELTA,49,385,50,1100,913,yes,41,-2000
2025-05-20T12:35:26.671744,KXBTCD-25MAY2016-T106499.99,DELTA,49,385,50,1000,914,no,50,-100
2025-05-20T12:35:26.672442,KXBTCD-25MAY2016-T106499.99,DELTA,49,385,50,950,915,no,50,-50
2025-05-20T12:35:26.672806,KXBTCD-25MAY2016-T106499.99,DELTA,49,385,50,950,916,yes,39,-1250
2025-05-20T12:35:26.673476,KXBTCD-25MAY2016-T106499.99,DELTA,49,500,50,950,917,yes,49,115
2025-05-20T12:35:26.673813,KXBTCD-25MAY2016-T106499.99,DELTA,49,500,50,950,918,no,48,-2000
2025-05-20T12:35:26.674427,KXBTCD-25MAY2016-T106499.99,DELTA,49,500,50,950,919,no,47,100
2025-05-20T12:35:26.689295,KXBTCD-25MAY2016-T106499.99,DELTA,49,500,50,950,920,no,46,-1250
2025-05-20T12:35:26.730316,KXBTCD-25MAY2016-T106499.99,DELTA,49,500,52,100,921,no,50,-950
2025-05-20T12:35:26.790788,KXBTCD-25MAY2016-T106499.99,DELTA,49,500,52,100,922,no,46,-500
2025-05-20T12:35:26.791251,KXBTCD-25MAY2016-T106499.99,DELTA,49,500,52,100,923,no,36,500
2025-05-20T12:35:26.810107,KXBTCD-25MAY2016-T106499.99,DELTA,49,500,52,100,924,no,46,2000
2025-05-20T12:35:26.810328,KXBTCD-25MAY2016-T106499.99,DELTA,49,500,52,100,925,yes,41,1250
2025-05-20T12:35:26.829154,KXBTCD-25MAY2016-T106499.99,DELTA,49,500,52,100,926,yes,43,2000
2025-05-20T12:35:26.850679,KXBTCD-25MAY2016-T106499.99,DELTA,49,500,52,100,927,yes,43,-1000
2025-05-20T12:35:26.869252,KXBTCD-25MAY2016-T106499.99,DELTA,49,500,52,100,928,no,44,1250
2025-05-20T12:35:26.910439,KXBTCD-25MAY2016-T106499.99,DELTA,49,500,51,1000,929,no,49,1000
2025-05-20T12:35:26.950519,KXBTCD-25MAY2016-T106499.99,DELTA,49,500,51,1000,930,no,46,-2000
2025-05-20T12:35:26.951333,KXBTCD-25MAY2016-T106499.99,DELTA,49,500,51,1000,931,no,46,500
2025-05-20T12:35:26.951856,KXBTCD-25MAY2016-T106499.99,DELTA,49,500,51,1000,932,no,36,-500
2025-05-20T12:35:26.969209,KXBTCD-25MAY2016-T106499.99,DELTA,49,500,51,1000,933,yes,45,1000
2025-05-20T12:35:27.052651,KXBTCD-25MAY2016-T106499.99,DELTA,49,500,51,1000,934,yes,43,-2000
2025-05-20T12:35:27.053504,KXBTCD-25MAY2016-T106499.99,DELTA,49,500,51,1000,935,yes,41,-1250
2025-05-20T12:35:27.054345,KXBTCD-25MAY2016-T106499.99,DELTA,49,500,51,1000,936,no,44,-1250
2025-05-20T12:35:27.054752,KXBTCD-25MAY2016-T106499.99,DELTA,49,500,51,1000,937,no,45,2000
2025-05-20T12:35:27.170633,KXBTCD-25MAY2016-T106499.99,DELTA,49,500,51,1000,938,yes,40,1250
2025-05-20T12:35:27.171476,KXBTCD-25MAY2016-T106499.99,DELTA,49,500,51,1000,939,yes,34,-500
2025-05-20T12:35:27.172027,KXBTCD-25MAY2016-T106499.99,DELTA,49,500,51,1000,940,no,45,1250
2025-05-20T12:35:27.172494,KXBTCD-25MAY2016-T106499.99,DELTA,49,500,51,1000,941,yes,42,2000
2025-05-20T12:35:27.190906,KXBTCD-25MAY2016-T106499.99,DELTA,49,750,51,1000,942,yes,49,250
2025-05-20T12:35:27.191740,KXBTCD-25MAY2016-T106499.99,DELTA,49,250,51,1000,943,yes,49,-500
2025-05-20T12:35:27.191872,KXBTCD-25MAY2016-T106499.99,DELTA,49,250,51,1000,944,yes,44,500
2025-05-20T12:35:27.191976,KXBTCD-25MAY2016-T106499.99,DELTA,49,250,51,1000,945,no,36,500
2025-05-20T12:35:27.214210,KXBTCD-25MAY2016-T106499.99,DELTA,49,250,51,1000,946,no,46,-500
2025-05-20T12:35:27.214382,KXBTCD-25MAY2016-T106499.99,DELTA,49,250,51,1000,947,no,42,-500
2025-05-20T12:35:27.214464,KXBTCD-25MAY2016-T106499.99,DELTA,49,250,51,1000,948,no,43,500
2025-05-20T12:35:27.214660,KXBTCD-25MAY2016-T106499.99,DELTA,49,250,51,1000,949,yes,46,500
2025-05-20T12:35:27.230019,KXBTCD-25MAY2016-T106499.99,DELTA,49,250,51,1000,950,yes,36,-500
2025-05-20T12:35:27.230143,KXBTCD-25MAY2016-T106499.99,DELTA,49,250,51,1000,951,yes,44,500
2025-05-20T12:35:27.289945,KXBTCD-25MAY2016-T106499.99,DELTA,49,250,51,1000,952,no,45,-2000
2025-05-20T12:35:27.330434,KXBTCD-25MAY2016-T106499.99,DELTA,49,250,51,1000,953,yes,45,-1000
2025-05-20T12:35:27.410865,KXBTCD-25MAY2016-T106499.99,DELTA,49,250,51,1000,954,no,45,2000
2025-05-20T12:35:27.450336,KXBTCD-25MAY2016-T106499.99,DELTA,49,250,51,1000,955,yes,44,1000
2025-05-20T12:35:27.688041,KXBTCD-25MAY2016-T106499.99,DELTA,47,14,51,1000,956,yes,49,-250
2025-05-20T12:35:27.688881,KXBTCD-25MAY2016-T106499.99,DELTA,47,14,51,1000,957,no,47,-100
2025-05-20T12:35:27.690075,KXBTCD-25MAY2016-T106499.99,DELTA,47,14,51,1000,958,yes,42,-2000
2025-05-20T12:35:27.713844,KXBTCD-25MAY2016-T106499.99,DELTA,47,14,51,1000,959,yes,40,-1250
2025-05-20T12:35:27.714598,KXBTCD-25MAY2016-T106499.99,DELTA,48,250,51,1000,960,yes,48,250
2025-05-20T12:35:27.715295,KXBTCD-25MAY2016-T106499.99,DELTA,48,250,51,1050,961,no,49,50
2025-05-20T12:35:27.770425,KXBTCD-25MAY2016-T106499.99,DELTA,48,250,51,1050,962,yes,44,-500
2025-05-20T12:35:27.770633,KXBTCD-25MAY2016-T106499.99,DELTA,48,250,51,1050,963,yes,43,500
2025-05-20T12:35:27.809451,KXBTCD-25MAY2016-T106499.99,DELTA,48,250,51,1050,964,no,43,-500
2025-05-20T12:35:27.809597,KXBTCD-25MAY2016-T106499.99,DELTA,48,250,51,1050,965,no,44,500
2025-05-20T12:35:27.870833,KXBTCD-25MAY2016-T106499.99,DELTA,48,250,51,50,966,no,49,-1000
2025-05-20T12:35:27.871102,KXBTCD-25MAY2016-T106499.99,DELTA,48,250,51,50,967,yes,41,2000
2025-05-20T12:35:27.871680,KXBTCD-25MAY2016-T106499.99,DELTA,48,250,51,50,968,yes,39,1250
2025-05-20T12:35:27.950203,KXBTCD-25MAY2016-T106499.99,DELTA,48,350,51,50,969,yes,48,100
2025-05-20T12:35:27.950989,KXBTCD-25MAY2016-T106499.99,DELTA,48,350,51,50,970,no,44,100
2025-05-20T12:35:27.990388,KXBTCD-25MAY2016-T106499.99,DELTA,48,350,50,1000,971,no,50,1000
2025-05-20T12:35:28.170034,KXBTCD-25MAY2016-T106499.99,DELTA,48,350,50,1000,972,no,46,500
2025-05-20T12:35:28.170776,KXBTCD-25MAY2016-T106499.99,DELTA,48,350,50,1000,973,no,38,-500
2025-05-20T12:35:28.190320,KXBTCD-25MAY2016-T106499.99,DELTA,48,350,50,1000,974,no,49,-50
2025-05-20T12:35:28.191185,KXBTCD-25MAY2016-T106499.99,DELTA,48,350,50,1000,975,no,36,-500
2025-05-20T12:35:28.191692,KXBTCD-25MAY2016-T106499.99,DELTA,48,350,50,1000,976,no,48,500
2025-05-20T12:35:28.209958,KXBTCD-25MAY2016-T106499.99,DELTA,48,350,50,1000,977,yes,46,-500
2025-05-20T12:35:28.210638,KXBTCD-25MAY2016-T106499.99,DELTA,48,350,50,1000,978,yes,36,500
2025-05-20T12:35:28.211288,KXBTCD-25MAY2016-T106499.99,DELTA,48,350,50,1000,979,yes,41,-2000
2025-05-20T12:35:28.231958,KXBTCD-25MAY2016-T106499.99,DELTA,48,350,50,1000,980,yes,44,-1000
2025-05-20T12:35:28.232319,KXBTCD-25MAY2016-T106499.99,DELTA,48,350,50,1000,981,yes,39,-1250
2025-05-20T12:35:28.270644,KXBTCD-25MAY2016-T106499.99,DELTA,48,350,50,1000,982,no,49,150
2025-05-20T12:35:28.330642,KXBTCD-25MAY2016-T106499.99,DELTA,48,350,50,1000,983,no,45,-2000
2025-05-20T12:35:28.331465,KXBTCD-25MAY2016-T106499.99,DELTA,48,350,50,1000,984,no,45,-1250
2025-05-20T12:35:28.350637,KXBTCD-25MAY2016-T106499.99,DELTA,48,350,51,150,985,no,50,-1000
2025-05-20T12:35:28.388987,KXBTCD-25MAY2016-T106499.99,DELTA,48,350,51,150,986,yes,34,500
2025-05-20T12:35:28.389244,KXBTCD-25MAY2016-T106499.99,DELTA,48,350,51,150,987,yes,44,-500
2025-05-20T12:35:28.508271,KXBTCD-25MAY2016-T106499.99,DELTA,48,350,51,150,988,no,44,-100
2025-05-20T12:35:28.549847,KXBTCD-25MAY2016-T106499.99,DELTA,48,350,51,150,989,yes,38,1250
2025-05-20T12:35:28.550063,KXBTCD-25MAY2016-T106499.99,DELTA,48,350,51,150,990,yes,43,1000
2025-05-20T12:35:28.589273,KXBTCD-25MAY2016-T106499.99,DELTA,48,350,51,150,991,yes,40,2000
2025-05-20T12:35:28.609507,KXBTCD-25MAY2016-T106499.99,DELTA,48,350,51,2150,992,no,49,2000
2025-05-20T12:35:28.628873,KXBTCD-25MAY2016-T106499.99,DELTA,48,350,51,2150,993,no,47,1250
2025-05-20T12:35:28.669660,KXBTCD-25MAY2016-T106499.99,DELTA,48,350,50,1000,994,no,50,1000
2025-05-20T12:35:28.710862,KXBTCD-25MAY2016-T106499.99,DELTA,48,350,50,1000,995,yes,34,-500
2025-05-20T12:35:28.729390,KXBTCD-25MAY2016-T106499.99,DELTA,48,350,50,1000,996,yes,44,500
2025-05-20T12:35:28.909574,KXBTCD-25MAY2016-T106499.99,DELTA,48,350,50,1000,997,yes,4,5670
2025-05-20T12:35:28.949182,KXBTCD-25MAY2016-T106499.99,DELTA,48,350,50,1000,998,no,4,-5670
2025-05-20T12:35:28.949943,KXBTCD-25MAY2016-T106499.99,DELTA,48,350,50,1000,999,no,6,3780
2025-05-20T12:35:29.026493,KXBTCD-25MAY2016-T106499.99,DELTA,48,350,50,1000,1000,yes,5,20000
2025-05-20T12:35:29.070119,KXBTCD-25MAY2016-T106499.99,DELTA,48,350,50,1000,1001,no,5,-20000
2025-05-20T12:35:29.189644,KXBTCD-25MAY2016-T106499.99,DELTA,48,350,50,1000,1002,no,7,20000
2025-05-20T12:35:29.734751,KXBTCD-25MAY2016-T106499.99,DELTA,48,350,50,1000,1003,no,44,100
2025-05-20T12:35:29.990585,KXBTCD-25MAY2016-T106499.99,DELTA,48,350,50,1000,1004,yes,40,-2000
2025-05-20T12:35:30.011216,KXBTCD-25MAY2016-T106499.99,DELTA,48,350,50,1000,1005,yes,38,-1250
2025-05-20T12:35:30.012008,KXBTCD-25MAY2016-T106499.99,DELTA,48,350,50,1000,1006,no,49,-2000
2025-05-20T12:35:30.030433,KXBTCD-25MAY2016-T106499.99,DELTA,48,350,50,1000,1007,no,47,-1250
2025-05-20T12:35:30.150863,KXBTCD-25MAY2016-T106499.99,DELTA,48,350,50,1000,1008,yes,41,2000
2025-05-20T12:35:30.151651,KXBTCD-25MAY2016-T106499.99,DELTA,48,350,50,1000,1009,no,46,1250
2025-05-20T12:35:30.152143,KXBTCD-25MAY2016-T106499.99,DELTA,48,350,50,1000,1010,yes,39,1250
2025-05-20T12:35:30.153009,KXBTCD-25MAY2016-T106499.99,DELTA,48,350,50,1000,1011,no,48,2000
2025-05-20T12:35:31.350097,KXBTCD-25MAY2016-T106499.99,DELTA,48,350,50,1000,1012,yes,4,-5670
2025-05-20T12:35:31.350363,KXBTCD-25MAY2016-T106499.99,DELTA,48,350,50,1000,1013,yes,6,3780
2025-05-20T12:35:31.410926,KXBTCD-25MAY2016-T106499.99,DELTA,48,350,50,1000,1014,no,6,-3780
2025-05-20T12:35:31.411184,KXBTCD-25MAY2016-T106499.99,DELTA,48,350,50,1000,1015,no,8,2835
2025-05-20T12:35:31.470498,KXBTCD-25MAY2016-T106499.99,DELTA,48,350,50,1000,1016,yes,5,-20000
2025-05-20T12:35:31.551735,KXBTCD-25MAY2016-T106499.99,DELTA,48,350,50,1000,1017,no,38,500
2025-05-20T12:35:31.552676,KXBTCD-25MAY2016-T106499.99,DELTA,48,350,50,1000,1018,no,48,-500
2025-05-20T12:35:31.553314,KXBTCD-25MAY2016-T106499.99,DELTA,48,350,50,1000,1019,no,44,-100
2025-05-20T12:35:31.553903,KXBTCD-25MAY2016-T106499.99,DELTA,48,350,50,1000,1020,no,7,-20000
2025-05-20T12:35:31.610034,KXBTCD-25MAY2016-T106499.99,DELTA,48,350,50,1000,1021,yes,7,20000
2025-05-20T12:35:31.670991,KXBTCD-25MAY2016-T106499.99,DELTA,48,350,50,1000,1022,no,48,-2000
2025-05-20T12:35:31.790580,KXBTCD-25MAY2016-T106499.99,DELTA,48,350,50,1000,1023,no,47,2000
2025-05-20T12:35:32.169806,KXBTCD-25MAY2016-T106499.99,DELTA,48,350,50,1000,1024,yes,6,-3780
2025-05-20T12:35:32.170832,KXBTCD-25MAY2016-T106499.99,DELTA,48,350,50,1000,1025,yes,8,2835
2025-05-20T12:35:32.217844,KXBTCD-25MAY2016-T106499.99,DELTA,48,350,50,1000,1026,no,8,-2835
2025-05-20T12:35:32.218632,KXBTCD-25MAY2016-T106499.99,DELTA,48,350,50,1000,1027,no,4,5670
2025-05-20T12:35:32.290106,KXBTCD-25MAY2016-T106499.99,DELTA,48,350,50,1000,1028,yes,7,-20000
2025-05-20T12:35:32.330759,KXBTCD-25MAY2016-T106499.99,DELTA,48,350,50,1000,1029,no,5,20000
2025-05-20T12:35:32.350028,KXBTCD-25MAY2016-T106499.99,DELTA,48,350,50,1000,1030,no,44,100
2025-05-20T12:35:32.552195,KXBTCD-25MAY2016-T106499.99,DELTA,48,350,50,1000,1031,no,44,-100
2025-05-20T12:35:32.972773,KXBTCD-25MAY2016-T106499.99,DELTA,48,350,50,1000,1032,yes,8,-2835
2025-05-20T12:35:32.973764,KXBTCD-25MAY2016-T106499.99,DELTA,48,350,50,1000,1033,yes,4,5670
2025-05-20T12:35:33.018103,KXBTCD-25MAY2016-T106499.99,DELTA,48,350,50,1000,1034,no,4,-5670
2025-05-20T12:35:33.018908,KXBTCD-25MAY2016-T106499.99,DELTA,48,350,50,1000,1035,no,6,3780
2025-05-20T12:35:33.075304,KXBTCD-25MAY2016-T106499.99,DELTA,48,350,50,1000,1036,yes,43,-1000
2025-05-20T12:35:33.118279,KXBTCD-25MAY2016-T106499.99,DELTA,48,350,50,1000,1037,yes,5,20000
2025-05-20T12:35:33.139657,KXBTCD-25MAY2016-T106499.99,DELTA,48,350,50,1000,1038,no,5,-20000
2025-05-20T12:35:33.159950,KXBTCD-25MAY2016-T106499.99,DELTA,48,350,50,1000,1039,yes,34,500
2025-05-20T12:35:33.160805,KXBTCD-25MAY2016-T106499.99,DELTA,48,350,50,1000,1040,yes,44,-500
2025-05-20T12:35:33.184675,KXBTCD-25MAY2016-T106499.99,DELTA,48,350,50,1000,1041,yes,44,1000
2025-05-20T12:35:33.250374,KXBTCD-25MAY2016-T106499.99,DELTA,48,350,50,1000,1042,no,7,20000
2025-05-20T12:35:33.602709,KXBTCD-25MAY2016-T106499.99,DELTA,48,350,50,1000,1043,yes,44,500
2025-05-20T12:35:33.603509,KXBTCD-25MAY2016-T106499.99,DELTA,48,350,50,1000,1044,yes,34,-500
2025-05-20T12:35:33.810510,KXBTCD-25MAY2016-T106499.99,DELTA,48,350,50,1000,1045,no,44,100
2025-05-20T12:35:33.810813,KXBTCD-25MAY2016-T106499.99,DELTA,48,350,50,1000,1046,yes,4,-5670
2025-05-20T12:35:33.811162,KXBTCD-25MAY2016-T106499.99,DELTA,48,350,50,1000,1047,yes,6,3780
2025-05-20T12:35:33.869546,KXBTCD-25MAY2016-T106499.99,DELTA,48,350,50,1000,1048,no,6,-3780
2025-05-20T12:35:33.869791,KXBTCD-25MAY2016-T106499.99,DELTA,48,350,50,1000,1049,no,8,2835
2025-05-20T12:35:33.930137,KXBTCD-25MAY2016-T106499.99,DELTA,48,350,50,1000,1050,yes,5,-20000
2025-05-20T12:35:34.010317,KXBTCD-25MAY2016-T106499.99,DELTA,48,350,50,1000,1051,no,7,-20000
2025-05-20T12:35:34.050524,KXBTCD-25MAY2016-T106499.99,DELTA,48,350,50,1000,1052,yes,7,20000
2025-05-20T12:35:34.652644,KXBTCD-25MAY2016-T106499.99,DELTA,48,350,50,1000,1053,yes,6,-3780
2025-05-20T12:35:34.652990,KXBTCD-25MAY2016-T106499.99,DELTA,48,350,50,1000,1054,yes,8,2835
2025-05-20T12:35:34.669642,KXBTCD-25MAY2016-T106499.99,DELTA,48,350,50,1000,1055,no,8,-2835
2025-05-20T12:35:34.669877,KXBTCD-25MAY2016-T106499.99,DELTA,48,350,50,1000,1056,no,4,5670
2025-05-20T12:35:34.751283,KXBTCD-25MAY2016-T106499.99,DELTA,48,350,50,1000,1057,yes,7,-20000
2025-05-20T12:35:34.830613,KXBTCD-25MAY2016-T106499.99,DELTA,48,350,50,1000,1058,no,5,20000
2025-05-20T12:35:35.070649,KXBTCD-25MAY2016-T106499.99,DELTA,48,350,50,1000,1059,no,49,-150
2025-05-20T12:35:35.090548,KXBTCD-25MAY2016-T106499.99,DELTA,48,350,50,1000,1060,yes,41,-2000
2025-05-20T12:35:35.091148,KXBTCD-25MAY2016-T106499.99,DELTA,48,350,50,1000,1061,yes,39,-1250
2025-05-20T12:35:35.109967,KXBTCD-25MAY2016-T106499.99,DELTA,48,350,50,1000,1062,no,48,50
2025-05-20T12:35:35.110514,KXBTCD-25MAY2016-T106499.99,DELTA,48,350,50,1000,1063,no,46,-1250
2025-05-20T12:35:35.129706,KXBTCD-25MAY2016-T106499.99,DELTA,48,350,50,1000,1064,no,44,-500
2025-05-20T12:35:35.129955,KXBTCD-25MAY2016-T106499.99,DELTA,48,350,50,1000,1065,no,43,500
2025-05-20T12:35:35.149937,KXBTCD-25MAY2016-T106499.99,DELTA,48,350,50,1000,1066,yes,43,-500
2025-05-20T12:35:35.150535,KXBTCD-25MAY2016-T106499.99,DELTA,48,350,50,1000,1067,yes,44,500
2025-05-20T12:35:35.191590,KXBTCD-25MAY2016-T106499.99,DELTA,48,350,52,150,1068,no,50,-1000
2025-05-20T12:35:35.192295,KXBTCD-25MAY2016-T106499.99,DELTA,48,350,52,150,1069,yes,46,500
2025-05-20T12:35:35.249847,KXBTCD-25MAY2016-T106499.99,DELTA,48,350,52,150,1070,no,45,1250
2025-05-20T12:35:35.250620,KXBTCD-25MAY2016-T106499.99,DELTA,48,350,52,150,1071,yes,36,-500
2025-05-20T12:35:35.251665,KXBTCD-25MAY2016-T106499.99,DELTA,48,350,52,150,1072,yes,42,2000
2025-05-20T12:35:35.252147,KXBTCD-25MAY2016-T106499.99,DELTA,48,350,52,150,1073,yes,40,1250
2025-05-20T12:35:35.252564,KXBTCD-25MAY2016-T106499.99,DELTA,48,350,52,100,1074,no,48,-50
2025-05-20T12:35:35.290465,KXBTCD-25MAY2016-T106499.99,DELTA,48,350,52,100,1075,no,47,250
2025-05-20T12:35:35.349631,KXBTCD-25MAY2016-T106499.99,DELTA,48,350,51,1000,1076,no,49,1000
2025-05-20T12:35:35.370480,KXBTCD-25MAY2016-T106499.99,DELTA,48,350,51,1000,1077,yes,42,-2000
2025-05-20T12:35:35.370861,KXBTCD-25MAY2016-T106499.99,DELTA,48,350,51,1000,1078,yes,44,-1000
2025-05-20T12:35:35.396381,KXBTCD-25MAY2016-T106499.99,DELTA,48,350,51,1000,1079,yes,40,-1250
2025-05-20T12:35:35.531333,KXBTCD-25MAY2016-T106499.99,DELTA,48,350,51,1000,1080,no,47,-2000
2025-05-20T12:35:35.532342,KXBTCD-25MAY2016-T106499.99,DELTA,48,350,51,1000,1081,yes,43,2000
2025-05-20T12:35:35.533025,KXBTCD-25MAY2016-T106499.99,DELTA,48,350,51,1000,1082,no,45,-1250
2025-05-20T12:35:35.551310,KXBTCD-25MAY2016-T106499.99,DELTA,48,350,51,1000,1083,yes,45,1000
2025-05-20T12:35:35.552291,KXBTCD-25MAY2016-T106499.99,DELTA,48,350,51,1000,1084,yes,41,1250
2025-05-20T12:35:35.671372,KXBTCD-25MAY2016-T106499.99,DELTA,48,350,51,1000,1085,no,46,2000
2025-05-20T12:35:35.672383,KXBTCD-25MAY2016-T106499.99,DELTA,48,350,51,1000,1086,no,44,1250
2025-05-20T12:35:36.149716,KXBTCD-25MAY2016-T106499.99,DELTA,48,350,51,1000,1087,yes,43,-2000
2025-05-20T12:35:36.150736,KXBTCD-25MAY2016-T106499.99,DELTA,48,350,51,1000,1088,yes,41,-1250
2025-05-20T12:35:36.170914,KXBTCD-25MAY2016-T106499.99,DELTA,48,350,51,1000,1089,no,46,-2000
2025-05-20T12:35:36.171572,KXBTCD-25MAY2016-T106499.99,DELTA,48,350,51,1000,1090,no,44,-1250
2025-05-20T12:35:36.290896,KXBTCD-25MAY2016-T106499.99,DELTA,48,350,51,1000,1091,no,47,2000
2025-05-20T12:35:36.309880,KXBTCD-25MAY2016-T106499.99,DELTA,48,350,51,1000,1092,yes,40,1250
