timestamp,market_ticker,type,yes_bid_price_cents,yes_bid_qty,yes_ask_price_cents,yes_ask_qty_on_no_side,sequence_num,delta_side,delta_price_cents,delta_quantity
2025-05-20T12:03:00.189762,KXBTCD-25MAY2016-T105499.99,SNAPSHOT,33,1000,38,5000,1,,,
2025-05-20T12:03:00.244965,KXBTCD-25MAY2016-T105499.99,DELTA,33,1000,38,5000,2,no,60,100
2025-05-20T12:03:00.266245,KXBTCD-25MAY2016-T105499.99,DELTA,33,1000,38,5000,3,yes,30,1250
2025-05-20T12:03:00.304537,KXBTCD-25MAY2016-T105499.99,DELTA,33,1000,38,5000,4,no,41,-1000
2025-05-20T12:03:00.304772,KXBTCD-25MAY2016-T105499.99,DELTA,33,1000,38,5000,5,no,40,-200
2025-05-20T12:03:00.304868,KXBTCD-25MAY2016-T105499.99,DELTA,33,1000,38,5000,6,no,30,200
2025-05-20T12:03:00.404886,KXBTCD-25MAY2016-T105499.99,DELTA,33,1000,38,5000,7,no,41,-2000
2025-05-20T12:03:00.405249,KXBTCD-25MAY2016-T105499.99,DELTA,33,1000,38,5000,8,no,60,1000
2025-05-20T12:03:00.424433,KXBTCD-25MAY2016-T105499.99,DELTA,33,1000,38,5000,9,yes,32,-100
2025-05-20T12:03:00.444464,KXBTCD-25MAY2016-T105499.99,DELTA,33,1000,40,1100,10,no,62,-5000
2025-05-20T12:03:00.444764,KXBTCD-25MAY2016-T105499.99,DELTA,33,1000,39,5000,11,no,61,5000
2025-05-20T12:03:00.464387,KXBTCD-25MAY2016-T105499.99,DELTA,33,1000,39,5000,12,yes,30,-5000
2025-05-20T12:03:00.464622,KXBTCD-25MAY2016-T105499.99,DELTA,33,1000,39,5000,13,yes,31,5000
2025-05-20T12:03:00.484920,KXBTCD-25MAY2016-T105499.99,DELTA,33,1000,39,5000,14,no,31,2000
2025-05-20T12:03:00.504552,KXBTCD-25MAY2016-T105499.99,DELTA,32,14,39,5000,15,yes,33,-1000
2025-05-20T12:03:00.525894,KXBTCD-25MAY2016-T105499.99,DELTA,32,14,39,5000,16,yes,30,-1250
2025-05-20T12:03:00.544917,KXBTCD-25MAY2016-T105499.99,DELTA,32,1014,39,5000,17,yes,32,1000
2025-05-20T12:03:00.606323,KXBTCD-25MAY2016-T105499.99,DELTA,32,1014,39,5000,18,yes,31,-20000
2025-05-20T12:03:00.625629,KXBTCD-25MAY2016-T105499.99,DELTA,32,1014,39,5000,19,yes,31,-2000
2025-05-20T12:03:00.664049,KXBTCD-25MAY2016-T105499.99,DELTA,32,3014,39,5000,20,yes,32,2000
2025-05-20T12:03:00.664483,KXBTCD-25MAY2016-T105499.99,DELTA,32,23014,39,5000,21,yes,32,20000
2025-05-20T12:03:00.704663,KXBTCD-25MAY2016-T105499.99,DELTA,32,23014,39,5000,22,no,12,-2700
2025-05-20T12:03:00.704895,KXBTCD-25MAY2016-T105499.99,DELTA,32,23014,39,5000,23,no,8,4050
2025-05-20T12:03:00.764954,KXBTCD-25MAY2016-T105499.99,DELTA,32,23014,39,5000,24,no,9,20000
2025-05-20T12:03:01.404890,KXBTCD-25MAY2016-T105499.99,DELTA,34,100,39,5000,25,yes,34,100
2025-05-20T12:03:01.463390,KXBTCD-25MAY2016-T105499.99,DELTA,34,100,39,5000,26,no,60,-100
2025-05-20T12:03:01.503716,KXBTCD-25MAY2016-T105499.99,DELTA,34,100,39,5000,27,yes,32,-1000
2025-05-20T12:03:01.544408,KXBTCD-25MAY2016-T105499.99,DELTA,34,100,39,5000,28,no,60,-1000
2025-05-20T12:03:01.564533,KXBTCD-25MAY2016-T105499.99,DELTA,35,1000,39,5000,29,yes,35,1000
2025-05-20T12:03:01.583915,KXBTCD-25MAY2016-T105499.99,DELTA,35,1000,39,5000,30,no,31,1000
2025-05-20T12:03:01.863819,KXBTCD-25MAY2016-T105499.99,DELTA,35,1000,39,5000,31,yes,34,14
2025-05-20T12:03:01.864276,KXBTCD-25MAY2016-T105499.99,DELTA,35,1000,39,5000,32,yes,32,-14
2025-05-20T12:03:01.885170,KXBTCD-25MAY2016-T105499.99,DELTA,35,1000,39,5000,33,no,54,14
2025-05-20T12:03:01.885629,KXBTCD-25MAY2016-T105499.99,DELTA,35,1000,39,5000,34,no,56,-14
2025-05-20T12:03:02.285729,KXBTCD-25MAY2016-T105499.99,DELTA,35,1000,39,5000,35,yes,31,1250
2025-05-20T12:03:02.405026,KXBTCD-25MAY2016-T105499.99,DELTA,35,1000,46,14,36,no,61,-5000
2025-05-20T12:03:02.405463,KXBTCD-25MAY2016-T105499.99,DELTA,35,1000,40,5000,37,no,60,5000
2025-05-20T12:03:02.406177,KXBTCD-25MAY2016-T105499.99,DELTA,35,1000,40,5000,38,yes,31,-5000
2025-05-20T12:03:02.406321,KXBTCD-25MAY2016-T105499.99,DELTA,35,1000,40,5000,39,yes,32,5000
2025-05-20T12:03:02.484602,KXBTCD-25MAY2016-T105499.99,DELTA,35,1000,40,5000,40,yes,32,-20000
2025-05-20T12:03:02.503780,KXBTCD-25MAY2016-T105499.99,DELTA,35,1000,40,5000,41,yes,32,-2000
2025-05-20T12:03:02.504106,KXBTCD-25MAY2016-T105499.99,DELTA,35,1000,40,5000,42,yes,31,-1250
2025-05-20T12:03:02.504246,KXBTCD-25MAY2016-T105499.99,DELTA,35,1000,40,5000,43,no,58,100
2025-05-20T12:03:02.563856,KXBTCD-25MAY2016-T105499.99,DELTA,35,1000,40,5000,44,yes,33,2000
2025-05-20T12:03:02.584334,KXBTCD-25MAY2016-T105499.99,DELTA,35,1000,40,5000,45,yes,33,20000
2025-05-20T12:03:02.584738,KXBTCD-25MAY2016-T105499.99,DELTA,35,1000,40,5000,46,no,31,-1000
2025-05-20T12:03:02.649573,KXBTCD-25MAY2016-T105499.99,DELTA,35,1000,40,5000,47,no,59,1000
2025-05-20T12:03:02.784380,KXBTCD-25MAY2016-T105499.99,DELTA,35,1000,40,5000,48,no,58,-100
2025-05-20T12:03:02.844174,KXBTCD-25MAY2016-T105499.99,DELTA,35,1000,40,5000,49,no,59,-1000
2025-05-20T12:03:02.904486,KXBTCD-25MAY2016-T105499.99,DELTA,35,1000,40,5000,50,no,31,1000
2025-05-20T12:03:03.445454,KXBTCD-25MAY2016-T105499.99,DELTA,35,1000,40,5000,51,yes,32,1250
2025-05-20T12:03:03.464908,KXBTCD-25MAY2016-T105499.99,DELTA,35,1000,40,5000,52,no,8,-4050
2025-05-20T12:03:03.465882,KXBTCD-25MAY2016-T105499.99,DELTA,35,1000,40,5000,53,no,10,3240
2025-05-20T12:03:03.565266,KXBTCD-25MAY2016-T105499.99,DELTA,35,1000,40,5000,54,no,9,-20000
2025-05-20T12:03:03.603845,KXBTCD-25MAY2016-T105499.99,DELTA,35,1000,40,5000,55,no,11,20000
2025-05-20T12:03:03.664328,KXBTCD-25MAY2016-T105499.99,DELTA,35,1000,40,5000,56,yes,32,-1250
2025-05-20T12:03:03.785836,KXBTCD-25MAY2016-T105499.99,DELTA,35,1000,40,5000,57,yes,33,-2000
2025-05-20T12:03:03.786263,KXBTCD-25MAY2016-T105499.99,DELTA,35,1000,40,5000,58,yes,32,-5000
2025-05-20T12:03:03.786415,KXBTCD-25MAY2016-T105499.99,DELTA,35,1000,40,5000,59,yes,31,5000
2025-05-20T12:03:03.786531,KXBTCD-25MAY2016-T105499.99,DELTA,34,114,40,5000,60,yes,35,-1000
2025-05-20T12:03:03.804447,KXBTCD-25MAY2016-T105499.99,DELTA,34,114,40,5000,61,no,31,-1000
2025-05-20T12:03:03.865069,KXBTCD-25MAY2016-T105499.99,DELTA,34,114,40,5000,62,yes,33,-20000
2025-05-20T12:03:03.865846,KXBTCD-25MAY2016-T105499.99,DELTA,34,1114,40,5000,63,yes,34,1000
2025-05-20T12:03:03.866269,KXBTCD-25MAY2016-T105499.99,DELTA,34,1114,40,6000,64,no,60,1000
2025-05-20T12:03:03.866614,KXBTCD-25MAY2016-T105499.99,DELTA,34,1114,40,6000,65,yes,32,2000
2025-05-20T12:03:03.925244,KXBTCD-25MAY2016-T105499.99,DELTA,34,1114,40,6000,66,yes,32,20000
2025-05-20T12:03:03.945017,KXBTCD-25MAY2016-T105499.99,DELTA,34,1114,40,6000,67,yes,31,-5000
2025-05-20T12:03:03.945874,KXBTCD-25MAY2016-T105499.99,DELTA,34,1114,40,6000,68,yes,30,5000
2025-05-20T12:03:03.965202,KXBTCD-25MAY2016-T105499.99,DELTA,34,1114,40,1000,69,no,60,-5000
2025-05-20T12:03:03.965936,KXBTCD-25MAY2016-T105499.99,DELTA,34,1114,39,5000,70,no,61,5000
2025-05-20T12:03:03.966514,KXBTCD-25MAY2016-T105499.99,DELTA,34,1114,39,5000,71,no,59,100
2025-05-20T12:03:04.045281,KXBTCD-25MAY2016-T105499.99,DELTA,34,1114,39,5000,72,yes,30,1250
2025-05-20T12:03:04.046028,KXBTCD-25MAY2016-T105499.99,DELTA,34,1114,39,5000,73,yes,32,-20000
2025-05-20T12:03:04.046416,KXBTCD-25MAY2016-T105499.99,DELTA,34,1114,39,5000,74,yes,32,-2000
2025-05-20T12:03:04.104489,KXBTCD-25MAY2016-T105499.99,DELTA,34,1114,39,5000,75,yes,31,2000
2025-05-20T12:03:04.105409,KXBTCD-25MAY2016-T105499.99,DELTA,34,1114,39,5000,76,yes,31,20000
2025-05-20T12:03:04.584187,KXBTCD-25MAY2016-T105499.99,DELTA,34,1114,40,1000,77,no,61,-5000
2025-05-20T12:03:04.585384,KXBTCD-25MAY2016-T105499.99,DELTA,34,1114,40,1000,78,yes,30,-5000
2025-05-20T12:03:04.585833,KXBTCD-25MAY2016-T105499.99,DELTA,34,1114,40,1000,79,yes,31,5000
2025-05-20T12:03:04.664812,KXBTCD-25MAY2016-T105499.99,DELTA,34,1114,40,6000,80,no,60,5000
2025-05-20T12:03:04.665825,KXBTCD-25MAY2016-T105499.99,DELTA,34,1114,40,6000,81,yes,31,-20000
2025-05-20T12:03:04.667141,KXBTCD-25MAY2016-T105499.99,DELTA,34,1114,40,6000,82,yes,30,-1250
2025-05-20T12:03:04.704036,KXBTCD-25MAY2016-T105499.99,DELTA,34,1114,40,6000,83,yes,32,20000
2025-05-20T12:03:04.804521,KXBTCD-25MAY2016-T105499.99,DELTA,34,1114,40,6000,84,no,59,-100
2025-05-20T12:03:04.805721,KXBTCD-25MAY2016-T105499.99,DELTA,34,1014,40,6000,85,yes,34,-100
2025-05-20T12:03:04.864484,KXBTCD-25MAY2016-T105499.99,DELTA,34,1014,40,6000,86,yes,31,-2000
2025-05-20T12:03:04.865261,KXBTCD-25MAY2016-T105499.99,DELTA,34,1014,40,6000,87,yes,31,1250
2025-05-20T12:03:04.866118,KXBTCD-25MAY2016-T105499.99,DELTA,34,14,40,6000,88,yes,34,-1000
2025-05-20T12:03:04.884322,KXBTCD-25MAY2016-T105499.99,DELTA,34,14,40,5000,89,no,60,-1000
2025-05-20T12:03:04.957576,KXBTCD-25MAY2016-T105499.99,DELTA,34,14,40,5000,90,yes,32,2000
2025-05-20T12:03:04.958515,KXBTCD-25MAY2016-T105499.99,DELTA,34,14,40,5000,91,no,31,1000
2025-05-20T12:03:05.004580,KXBTCD-25MAY2016-T105499.99,DELTA,34,14,40,5000,92,yes,32,1000
2025-05-20T12:03:05.425543,KXBTCD-25MAY2016-T105499.99,DELTA,34,14,40,5000,93,no,10,-3240
2025-05-20T12:03:05.426315,KXBTCD-25MAY2016-T105499.99,DELTA,34,14,40,5000,94,no,12,2700
2025-05-20T12:03:05.451174,KXBTCD-25MAY2016-T105499.99,DELTA,34,14,40,5000,95,yes,31,-1250
2025-05-20T12:03:05.452195,KXBTCD-25MAY2016-T105499.99,DELTA,34,14,40,5000,96,no,31,-1000
2025-05-20T12:03:05.505329,KXBTCD-25MAY2016-T105499.99,DELTA,34,14,40,5000,97,no,11,-20000
2025-05-20T12:03:05.525599,KXBTCD-25MAY2016-T105499.99,DELTA,34,14,40,6000,98,no,60,1000
2025-05-20T12:03:06.025784,KXBTCD-25MAY2016-T105499.99,DELTA,34,14,40,6100,99,no,60,100
2025-05-20T12:03:06.044994,KXBTCD-25MAY2016-T105499.99,DELTA,34,14,40,6100,100,yes,32,100
2025-05-20T12:03:06.106034,KXBTCD-25MAY2016-T105499.99,DELTA,34,14,40,6100,101,yes,32,-1000
2025-05-20T12:03:06.165104,KXBTCD-25MAY2016-T105499.99,DELTA,34,14,40,6100,102,yes,33,1000
2025-05-20T12:03:06.304678,KXBTCD-25MAY2016-T105499.99,DELTA,34,14,40,6100,103,no,12,-2700
2025-05-20T12:03:06.305137,KXBTCD-25MAY2016-T105499.99,DELTA,34,14,40,6100,104,no,8,4050
2025-05-20T12:03:06.364091,KXBTCD-25MAY2016-T105499.99,DELTA,34,14,40,6100,105,no,9,20000
2025-05-20T12:03:06.463998,KXBTCD-25MAY2016-T105499.99,DELTA,34,14,40,6100,106,yes,32,-100
2025-05-20T12:03:06.544451,KXBTCD-25MAY2016-T105499.99,DELTA,34,14,40,6100,107,yes,33,-1000
2025-05-20T12:03:06.584474,KXBTCD-25MAY2016-T105499.99,DELTA,34,14,40,6100,108,yes,32,1000
2025-05-20T12:03:06.925594,KXBTCD-25MAY2016-T105499.99,DELTA,34,14,40,6100,109,yes,31,1250
2025-05-20T12:03:06.926533,KXBTCD-25MAY2016-T105499.99,DELTA,34,14,40,5100,110,no,60,-1000
2025-05-20T12:03:06.964620,KXBTCD-25MAY2016-T105499.99,DELTA,34,14,40,5100,111,no,31,1000
2025-05-20T12:03:07.065438,KXBTCD-25MAY2016-T105499.99,DELTA,34,14,40,5100,112,yes,32,100
2025-05-20T12:03:07.145511,KXBTCD-25MAY2016-T105499.99,DELTA,34,14,40,5100,113,yes,32,-1000
2025-05-20T12:03:07.185087,KXBTCD-25MAY2016-T105499.99,DELTA,34,14,40,5100,114,yes,33,1000
2025-05-20T12:03:07.204087,KXBTCD-25MAY2016-T105499.99,DELTA,34,14,40,5100,115,no,8,-4050
2025-05-20T12:03:07.204878,KXBTCD-25MAY2016-T105499.99,DELTA,34,14,40,5100,116,no,10,3240
2025-05-20T12:03:07.264650,KXBTCD-25MAY2016-T105499.99,DELTA,34,14,40,5100,117,no,9,-20000
2025-05-20T12:03:07.324203,KXBTCD-25MAY2016-T105499.99,DELTA,34,14,40,5100,118,no,11,20000
2025-05-20T12:03:07.403124,KXBTCD-25MAY2016-T105499.99,DELTA,34,14,40,5100,119,yes,32,-100
2025-05-20T12:03:07.545372,KXBTCD-25MAY2016-T105499.99,DELTA,34,14,40,5100,120,yes,33,-1000
2025-05-20T12:03:07.564298,KXBTCD-25MAY2016-T105499.99,DELTA,34,14,40,5100,121,yes,31,-1250
2025-05-20T12:03:07.565104,KXBTCD-25MAY2016-T105499.99,DELTA,34,14,40,5100,122,no,31,-1000
2025-05-20T12:03:07.604627,KXBTCD-25MAY2016-T105499.99,DELTA,34,14,40,6100,123,no,60,1000
2025-05-20T12:03:07.627095,KXBTCD-25MAY2016-T105499.99,DELTA,34,14,40,6100,124,yes,32,1000
2025-05-20T12:03:07.984816,KXBTCD-25MAY2016-T105499.99,DELTA,34,14,40,5100,125,no,60,-1000
2025-05-20T12:03:07.985019,KXBTCD-25MAY2016-T105499.99,DELTA,34,14,40,5100,126,yes,31,1250
2025-05-20T12:03:08.024362,KXBTCD-25MAY2016-T105499.99,DELTA,34,14,40,5100,127,no,31,1000
2025-05-20T12:03:08.083440,KXBTCD-25MAY2016-T105499.99,DELTA,34,14,40,5100,128,no,10,-3240
2025-05-20T12:03:08.083681,KXBTCD-25MAY2016-T105499.99,DELTA,34,14,40,5100,129,no,12,2700
2025-05-20T12:03:08.144112,KXBTCD-25MAY2016-T105499.99,DELTA,34,14,40,5100,130,no,11,-20000
2025-05-20T12:03:08.264668,KXBTCD-25MAY2016-T105499.99,DELTA,34,14,40,5100,131,yes,32,100
2025-05-20T12:03:08.324142,KXBTCD-25MAY2016-T105499.99,DELTA,34,14,40,5100,132,yes,32,-1000
2025-05-20T12:03:08.405168,KXBTCD-25MAY2016-T105499.99,DELTA,34,14,40,5100,133,yes,33,1000
2025-05-20T12:03:08.425301,KXBTCD-25MAY2016-T105499.99,DELTA,34,14,40,5100,134,yes,32,-100
2025-05-20T12:03:08.506117,KXBTCD-25MAY2016-T105499.99,DELTA,34,14,40,5100,135,yes,31,-1250
2025-05-20T12:03:08.507103,KXBTCD-25MAY2016-T105499.99,DELTA,34,14,40,5100,136,yes,31,-5000
2025-05-20T12:03:08.507778,KXBTCD-25MAY2016-T105499.99,DELTA,34,14,40,5100,137,yes,32,5000
2025-05-20T12:03:08.545856,KXBTCD-25MAY2016-T105499.99,DELTA,34,14,40,5100,138,yes,33,-1000
2025-05-20T12:03:08.606639,KXBTCD-25MAY2016-T105499.99,DELTA,34,14,40,5100,139,yes,32,1250
2025-05-20T12:03:08.644407,KXBTCD-25MAY2016-T105499.99,DELTA,34,14,40,5100,140,yes,33,1000
2025-05-20T12:03:08.685582,KXBTCD-25MAY2016-T105499.99,DELTA,34,14,40,5100,141,yes,10,200
2025-05-20T12:03:08.725639,KXBTCD-25MAY2016-T105499.99,DELTA,34,14,40,100,142,no,60,-5000
2025-05-20T12:03:08.725861,KXBTCD-25MAY2016-T105499.99,DELTA,34,14,40,100,143,no,58,5000
2025-05-20T12:03:08.744758,KXBTCD-25MAY2016-T105499.99,DELTA,34,14,40,100,144,yes,32,-5000
2025-05-20T12:03:08.745122,KXBTCD-25MAY2016-T105499.99,DELTA,34,14,40,100,145,yes,33,5000
2025-05-20T12:03:08.765080,KXBTCD-25MAY2016-T105499.99,DELTA,34,14,40,100,146,yes,32,-20000
2025-05-20T12:03:08.765338,KXBTCD-25MAY2016-T105499.99,DELTA,34,14,40,100,147,yes,32,-2000
2025-05-20T12:03:08.784642,KXBTCD-25MAY2016-T105499.99,DELTA,34,14,40,100,148,yes,32,-1250
2025-05-20T12:03:08.884924,KXBTCD-25MAY2016-T105499.99,DELTA,34,20014,40,100,149,yes,34,20000
2025-05-20T12:03:08.885868,KXBTCD-25MAY2016-T105499.99,DELTA,34,22014,40,100,150,yes,34,2000
2025-05-20T12:03:08.904432,KXBTCD-25MAY2016-T105499.99,DELTA,34,22014,40,100,151,yes,33,1250
2025-05-20T12:03:08.905493,KXBTCD-25MAY2016-T105499.99,DELTA,34,22014,40,100,152,yes,33,-1000
2025-05-20T12:03:08.965203,KXBTCD-25MAY2016-T105499.99,DELTA,34,22014,40,100,153,no,12,-2700
2025-05-20T12:03:08.966284,KXBTCD-25MAY2016-T105499.99,DELTA,34,22014,40,100,154,no,8,4050
2025-05-20T12:03:09.005207,KXBTCD-25MAY2016-T105499.99,DELTA,34,23014,40,100,155,yes,34,1000
2025-05-20T12:03:09.025172,KXBTCD-25MAY2016-T105499.99,DELTA,34,23014,40,100,156,no,9,20000
2025-05-20T12:03:09.316739,KXBTCD-25MAY2016-T105499.99,DELTA,34,23014,42,5000,157,no,60,-100
2025-05-20T12:03:09.317677,KXBTCD-25MAY2016-T105499.99,DELTA,34,23114,42,5000,158,yes,34,100
2025-05-20T12:03:09.344377,KXBTCD-25MAY2016-T105499.99,DELTA,34,22114,42,5000,159,yes,34,-1000
2025-05-20T12:03:09.383624,KXBTCD-25MAY2016-T105499.99,DELTA,35,1000,42,5000,160,yes,35,1000
2025-05-20T12:03:09.504687,KXBTCD-25MAY2016-T105499.99,DELTA,35,1000,42,5000,161,yes,34,-100
2025-05-20T12:03:09.564915,KXBTCD-25MAY2016-T105499.99,DELTA,34,22014,42,5000,162,yes,35,-1000
2025-05-20T12:03:09.625509,KXBTCD-25MAY2016-T105499.99,DELTA,34,23014,42,5000,163,yes,34,1000
2025-05-20T12:03:10.044630,KXBTCD-25MAY2016-T105499.99,DELTA,34,23014,42,5000,164,yes,4,-8100
2025-05-20T12:03:10.044835,KXBTCD-25MAY2016-T105499.99,DELTA,34,23014,42,5000,165,no,8,-4050
2025-05-20T12:03:10.104169,KXBTCD-25MAY2016-T105499.99,DELTA,34,23014,42,5000,166,no,9,-20000
2025-05-20T12:03:10.404460,KXBTCD-25MAY2016-T105499.99,DELTA,34,23114,42,5000,167,yes,34,100
2025-05-20T12:03:10.404719,KXBTCD-25MAY2016-T105499.99,DELTA,34,23114,42,5100,168,no,58,100
2025-05-20T12:03:10.483958,KXBTCD-25MAY2016-T105499.99,DELTA,34,22114,42,5100,169,yes,34,-1000
2025-05-20T12:03:10.543902,KXBTCD-25MAY2016-T105499.99,DELTA,35,1000,42,5100,170,yes,35,1000
2025-05-20T12:03:12.654906,KXBTCD-25MAY2016-T105499.99,DELTA,35,1000,42,5100,171,yes,33,-5000
2025-05-20T12:03:12.657599,KXBTCD-25MAY2016-T105499.99,DELTA,35,1000,42,100,172,no,58,-5000
2025-05-20T12:03:12.824404,KXBTCD-25MAY2016-T105499.99,DELTA,35,1000,42,100,173,no,39,9
2025-05-20T12:03:12.866357,KXBTCD-25MAY2016-T105499.99,DELTA,35,1000,42,100,174,yes,34,-20000
2025-05-20T12:03:12.888694,KXBTCD-25MAY2016-T105499.99,DELTA,35,1000,42,100,175,yes,34,-2000
2025-05-20T12:03:12.890104,KXBTCD-25MAY2016-T105499.99,DELTA,35,1000,42,100,176,yes,33,-1250
2025-05-20T12:03:13.306143,KXBTCD-25MAY2016-T105499.99,DELTA,35,1000,42,100,177,yes,11,2000
2025-05-20T12:03:14.886625,KXBTCD-25MAY2016-T105499.99,DELTA,36,14,42,100,178,yes,36,14
2025-05-20T12:03:14.887344,KXBTCD-25MAY2016-T105499.99,DELTA,36,14,42,100,179,yes,34,-14
2025-05-20T12:03:14.904815,KXBTCD-25MAY2016-T105499.99,DELTA,36,14,42,100,180,no,54,-14
2025-05-20T12:03:14.905516,KXBTCD-25MAY2016-T105499.99,DELTA,36,14,42,100,181,no,53,14
2025-05-20T12:03:15.567010,KXBTCD-25MAY2016-T105499.99,DELTA,36,14,42,100,182,no,57,5000
2025-05-20T12:03:15.567967,KXBTCD-25MAY2016-T105499.99,DELTA,36,14,42,100,183,yes,34,5000
2025-05-20T12:03:15.568633,KXBTCD-25MAY2016-T105499.99,DELTA,36,14,42,100,184,yes,34,-100
2025-05-20T12:03:15.726921,KXBTCD-25MAY2016-T105499.99,DELTA,36,14,42,100,185,yes,11,-2000
2025-05-20T12:03:15.745688,KXBTCD-25MAY2016-T105499.99,DELTA,36,14,42,100,186,yes,35,20000
2025-05-20T12:03:15.746916,KXBTCD-25MAY2016-T105499.99,DELTA,36,14,42,100,187,yes,34,1250
2025-05-20T12:03:16.434997,KXBTCD-25MAY2016-T105499.99,DELTA,36,14,42,100,188,yes,35,100
2025-05-20T12:03:16.445117,KXBTCD-25MAY2016-T105499.99,DELTA,36,14,42,100,189,yes,35,2000
2025-05-20T12:03:16.484751,KXBTCD-25MAY2016-T105499.99,DELTA,36,14,42,100,190,yes,35,-1000
2025-05-20T12:03:16.645980,KXBTCD-25MAY2016-T105499.99,DELTA,36,14,42,100,191,yes,4,8100
2025-05-20T12:03:16.685574,KXBTCD-25MAY2016-T105499.99,DELTA,36,14,42,100,192,no,8,4050
2025-05-20T12:03:16.824984,KXBTCD-25MAY2016-T105499.99,DELTA,36,1014,42,100,193,yes,36,1000
2025-05-20T12:03:16.865324,KXBTCD-25MAY2016-T105499.99,DELTA,36,1014,42,100,194,no,9,20000
2025-05-20T12:03:17.724478,KXBTCD-25MAY2016-T105499.99,DELTA,36,1014,42,100,195,no,8,-4050
2025-05-20T12:03:17.724733,KXBTCD-25MAY2016-T105499.99,DELTA,36,1014,42,100,196,no,10,3240
2025-05-20T12:03:17.804037,KXBTCD-25MAY2016-T105499.99,DELTA,36,1014,42,100,197,no,9,-20000
2025-05-20T12:03:17.824007,KXBTCD-25MAY2016-T105499.99,DELTA,36,1014,42,100,198,no,39,-9
2025-05-20T12:03:17.844188,KXBTCD-25MAY2016-T105499.99,DELTA,36,1014,42,100,199,no,11,20000
2025-05-20T12:03:18.603999,KXBTCD-25MAY2016-T105499.99,DELTA,36,1014,42,100,200,no,10,-3240
2025-05-20T12:03:18.604510,KXBTCD-25MAY2016-T105499.99,DELTA,36,1014,42,100,201,no,12,2700
2025-05-20T12:03:18.665066,KXBTCD-25MAY2016-T105499.99,DELTA,36,1014,42,100,202,no,11,-20000
2025-05-20T12:03:18.846195,KXBTCD-25MAY2016-T105499.99,DELTA,36,1014,42,100,203,yes,34,-1250
2025-05-20T12:03:18.904870,KXBTCD-25MAY2016-T105499.99,DELTA,36,1014,42,100,204,yes,35,1250
2025-05-20T12:03:19.559159,KXBTCD-25MAY2016-T105499.99,DELTA,36,1014,42,100,205,no,12,-2700
2025-05-20T12:03:19.560491,KXBTCD-25MAY2016-T105499.99,DELTA,36,1014,42,100,206,no,8,4050
2025-05-20T12:03:19.561411,KXBTCD-25MAY2016-T105499.99,DELTA,36,1014,42,100,207,no,9,20000
2025-05-20T12:03:20.170490,KXBTCD-25MAY2016-T105499.99,DELTA,36,1014,42,100,208,yes,35,-1250
2025-05-20T12:03:20.204171,KXBTCD-25MAY2016-T105499.99,DELTA,36,1014,42,100,209,yes,34,1250
2025-05-20T12:03:20.344672,KXBTCD-25MAY2016-T105499.99,DELTA,36,1014,42,100,210,no,8,-4050
2025-05-20T12:03:20.345562,KXBTCD-25MAY2016-T105499.99,DELTA,36,1014,42,100,211,no,10,3240
2025-05-20T12:03:20.404914,KXBTCD-25MAY2016-T105499.99,DELTA,36,1014,42,100,212,no,9,-20000
2025-05-20T12:03:20.425628,KXBTCD-25MAY2016-T105499.99,DELTA,36,1014,42,100,213,yes,34,-5000
2025-05-20T12:03:20.426689,KXBTCD-25MAY2016-T105499.99,DELTA,36,1014,42,100,214,yes,33,5000
2025-05-20T12:03:20.443861,KXBTCD-25MAY2016-T105499.99,DELTA,36,1014,42,100,215,no,11,20000
2025-05-20T12:03:20.444723,KXBTCD-25MAY2016-T105499.99,DELTA,36,1014,42,100,216,no,57,-5000
2025-05-20T12:03:20.445587,KXBTCD-25MAY2016-T105499.99,DELTA,36,1014,42,5100,217,no,58,5000
2025-05-20T12:03:20.504846,KXBTCD-25MAY2016-T105499.99,DELTA,36,1014,42,5100,218,yes,35,-20000
2025-05-20T12:03:20.505639,KXBTCD-25MAY2016-T105499.99,DELTA,36,1014,42,5100,219,yes,35,-2000
2025-05-20T12:03:20.563008,KXBTCD-25MAY2016-T105499.99,DELTA,36,1014,42,5100,220,yes,34,20000
2025-05-20T12:03:20.563948,KXBTCD-25MAY2016-T105499.99,DELTA,36,1014,42,5100,221,yes,34,2000
2025-05-20T12:03:20.888200,KXBTCD-25MAY2016-T105499.99,DELTA,36,1014,42,5100,222,yes,34,-1250
2025-05-20T12:03:20.889442,KXBTCD-25MAY2016-T105499.99,DELTA,36,1014,42,5100,223,yes,33,1250
2025-05-20T12:03:21.925701,KXBTCD-25MAY2016-T105499.99,DELTA,36,1014,42,5100,224,yes,33,-5000
2025-05-20T12:03:21.926893,KXBTCD-25MAY2016-T105499.99,DELTA,36,1014,42,5100,225,yes,32,5000
2025-05-20T12:03:21.945462,KXBTCD-25MAY2016-T105499.99,DELTA,36,1014,42,100,226,no,58,-5000
2025-05-20T12:03:21.946277,KXBTCD-25MAY2016-T105499.99,DELTA,36,1014,41,5000,227,no,59,5000
2025-05-20T12:03:21.983954,KXBTCD-25MAY2016-T105499.99,DELTA,36,1014,41,5000,228,yes,34,-20000
2025-05-20T12:03:22.004964,KXBTCD-25MAY2016-T105499.99,DELTA,36,1014,41,5000,229,yes,34,-2000
2025-05-20T12:03:22.064089,KXBTCD-25MAY2016-T105499.99,DELTA,36,1014,41,5000,230,yes,33,20000
2025-05-20T12:03:22.064975,KXBTCD-25MAY2016-T105499.99,DELTA,36,1014,41,5000,231,yes,33,2000
2025-05-20T12:03:23.144411,KXBTCD-25MAY2016-T105499.99,DELTA,36,1014,41,5000,232,no,10,-3240
2025-05-20T12:03:23.144792,KXBTCD-25MAY2016-T105499.99,DELTA,36,1014,41,5000,233,no,12,2700
2025-05-20T12:03:23.204756,KXBTCD-25MAY2016-T105499.99,DELTA,36,1014,41,5000,234,no,11,-20000
2025-05-20T12:03:23.754964,KXBTCD-25MAY2016-T105499.99,DELTA,36,1014,42,100,235,no,59,-5000
2025-05-20T12:03:23.755552,KXBTCD-25MAY2016-T105499.99,DELTA,36,1014,42,5100,236,no,58,5000
2025-05-20T12:03:23.784167,KXBTCD-25MAY2016-T105499.99,DELTA,36,1014,42,5100,237,yes,32,-5000
2025-05-20T12:03:23.784809,KXBTCD-25MAY2016-T105499.99,DELTA,36,1014,42,5100,238,yes,33,5000
2025-05-20T12:03:23.844818,KXBTCD-25MAY2016-T105499.99,DELTA,36,1014,42,5100,239,yes,33,-20000
2025-05-20T12:03:23.866894,KXBTCD-25MAY2016-T105499.99,DELTA,36,1014,42,5100,240,yes,33,-2000
2025-05-20T12:03:23.904036,KXBTCD-25MAY2016-T105499.99,DELTA,36,1014,42,5100,241,yes,34,20000
2025-05-20T12:03:23.923871,KXBTCD-25MAY2016-T105499.99,DELTA,36,1014,42,5100,242,yes,34,2000
2025-05-20T12:03:25.803387,KXBTCD-25MAY2016-T105499.99,DELTA,36,1014,42,5100,243,yes,33,-1250
2025-05-20T12:03:25.864683,KXBTCD-25MAY2016-T105499.99,DELTA,36,1014,42,5100,244,yes,34,1250
2025-05-20T12:03:26.064075,KXBTCD-25MAY2016-T105499.99,DELTA,36,1014,42,5100,245,yes,34,-1250
2025-05-20T12:03:26.265604,KXBTCD-25MAY2016-T105499.99,DELTA,36,1014,42,5100,246,yes,33,1250
2025-05-20T12:03:27.261892,KXBTCD-25MAY2016-T105499.99,DELTA,36,1014,42,5100,247,yes,33,-5000
2025-05-20T12:03:27.262767,KXBTCD-25MAY2016-T105499.99,DELTA,36,1014,42,5100,248,yes,32,5000
2025-05-20T12:03:27.264066,KXBTCD-25MAY2016-T105499.99,DELTA,36,1014,42,100,249,no,58,-5000
2025-05-20T12:03:27.264588,KXBTCD-25MAY2016-T105499.99,DELTA,36,1014,41,5000,250,no,59,5000
2025-05-20T12:03:27.326418,KXBTCD-25MAY2016-T105499.99,DELTA,36,1014,41,5000,251,yes,34,-20000
2025-05-20T12:03:27.327468,KXBTCD-25MAY2016-T105499.99,DELTA,36,1014,41,5000,252,yes,34,-2000
2025-05-20T12:03:27.383777,KXBTCD-25MAY2016-T105499.99,DELTA,36,1014,41,5000,253,yes,33,2000
2025-05-20T12:03:27.384172,KXBTCD-25MAY2016-T105499.99,DELTA,36,1014,41,5000,254,yes,33,20000
2025-05-20T12:03:27.483285,KXBTCD-25MAY2016-T105499.99,DELTA,36,1014,41,5000,255,yes,35,-100
2025-05-20T12:03:27.504149,KXBTCD-25MAY2016-T105499.99,DELTA,36,1014,41,5000,256,no,58,-100
2025-05-20T12:03:27.564397,KXBTCD-25MAY2016-T105499.99,DELTA,36,14,41,5000,257,yes,36,-1000
2025-05-20T12:03:27.604221,KXBTCD-25MAY2016-T105499.99,DELTA,36,14,41,5000,258,yes,33,1000
2025-05-20T12:03:27.824079,KXBTCD-25MAY2016-T105499.99,DELTA,36,14,41,5000,259,no,12,-2700
2025-05-20T12:03:27.824381,KXBTCD-25MAY2016-T105499.99,DELTA,36,14,41,5000,260,no,8,4050
2025-05-20T12:03:27.884103,KXBTCD-25MAY2016-T105499.99,DELTA,36,14,41,5000,261,no,9,20000
2025-05-20T12:03:28.664536,KXBTCD-25MAY2016-T105499.99,DELTA,36,14,41,5000,262,yes,34,100
2025-05-20T12:03:28.684256,KXBTCD-25MAY2016-T105499.99,DELTA,36,14,41,5000,263,no,58,100
2025-05-20T12:03:28.705246,KXBTCD-25MAY2016-T105499.99,DELTA,36,14,41,5000,264,no,8,-4050
2025-05-20T12:03:28.706183,KXBTCD-25MAY2016-T105499.99,DELTA,36,14,41,5000,265,no,10,3240
2025-05-20T12:03:28.724260,KXBTCD-25MAY2016-T105499.99,DELTA,36,14,41,5000,266,yes,33,-1000
2025-05-20T12:03:28.766457,KXBTCD-25MAY2016-T105499.99,DELTA,36,14,41,5000,267,no,9,-20000
2025-05-20T12:03:28.767200,KXBTCD-25MAY2016-T105499.99,DELTA,36,14,41,5000,268,yes,35,1000
2025-05-20T12:03:28.804562,KXBTCD-25MAY2016-T105499.99,DELTA,36,14,41,5000,269,no,11,20000
2025-05-20T12:03:29.584075,KXBTCD-25MAY2016-T105499.99,DELTA,36,14,41,5000,270,no,10,-3240
2025-05-20T12:03:29.584498,KXBTCD-25MAY2016-T105499.99,DELTA,36,14,41,5000,271,no,12,2700
2025-05-20T12:03:29.664585,KXBTCD-25MAY2016-T105499.99,DELTA,36,14,41,5000,272,no,11,-20000
2025-05-20T12:03:30.484188,KXBTCD-25MAY2016-T105499.99,DELTA,36,14,41,5000,273,no,12,-2700
2025-05-20T12:03:30.484385,KXBTCD-25MAY2016-T105499.99,DELTA,36,14,41,5000,274,no,8,4050
2025-05-20T12:03:30.543792,KXBTCD-25MAY2016-T105499.99,DELTA,36,14,41,5000,275,no,9,20000
2025-05-20T12:03:30.766460,KXBTCD-25MAY2016-T105499.99,DELTA,36,14,41,5000,276,yes,33,-1250
2025-05-20T12:03:30.767523,KXBTCD-25MAY2016-T105499.99,DELTA,36,14,41,5000,277,no,31,-1000
2025-05-20T12:03:30.865129,KXBTCD-25MAY2016-T105499.99,DELTA,36,14,41,5000,278,no,58,1000
2025-05-20T12:03:30.866144,KXBTCD-25MAY2016-T105499.99,DELTA,36,14,41,5000,279,yes,32,1250
2025-05-20T12:03:31.331932,KXBTCD-25MAY2016-T105499.99,DELTA,36,14,41,5000,280,no,58,-100
2025-05-20T12:03:31.364426,KXBTCD-25MAY2016-T105499.99,DELTA,36,14,41,5000,281,no,58,-1000
2025-05-20T12:03:31.383970,KXBTCD-25MAY2016-T105499.99,DELTA,36,14,41,5000,282,no,8,-4050
2025-05-20T12:03:31.384074,KXBTCD-25MAY2016-T105499.99,DELTA,36,14,41,5000,283,no,10,3240
2025-05-20T12:03:31.424636,KXBTCD-25MAY2016-T105499.99,DELTA,36,14,41,5000,284,no,31,1000
2025-05-20T12:03:31.464580,KXBTCD-25MAY2016-T105499.99,DELTA,36,14,41,5000,285,no,9,-20000
2025-05-20T12:03:31.504744,KXBTCD-25MAY2016-T105499.99,DELTA,36,14,41,5000,286,no,11,20000
2025-05-20T12:03:31.669594,KXBTCD-25MAY2016-T105499.99,DELTA,36,14,41,5000,287,yes,32,-5000
2025-05-20T12:03:31.669823,KXBTCD-25MAY2016-T105499.99,DELTA,36,14,41,5000,288,yes,31,5000
2025-05-20T12:03:31.686046,KXBTCD-25MAY2016-T105499.99,DELTA,36,14,47,14,289,no,59,-5000
2025-05-20T12:03:31.686167,KXBTCD-25MAY2016-T105499.99,DELTA,36,14,40,5000,290,no,60,5000
2025-05-20T12:03:31.746773,KXBTCD-25MAY2016-T105499.99,DELTA,36,14,40,5000,291,yes,33,-20000
2025-05-20T12:03:31.747074,KXBTCD-25MAY2016-T105499.99,DELTA,36,14,40,5000,292,yes,33,-2000
2025-05-20T12:03:31.824228,KXBTCD-25MAY2016-T105499.99,DELTA,36,14,40,5000,293,yes,32,2000
2025-05-20T12:03:31.825137,KXBTCD-25MAY2016-T105499.99,DELTA,36,14,40,5000,294,yes,32,20000
2025-05-20T12:03:31.905124,KXBTCD-25MAY2016-T105499.99,DELTA,36,14,40,5000,295,yes,32,-1250
2025-05-20T12:03:31.946734,KXBTCD-25MAY2016-T105499.99,DELTA,36,14,40,5000,296,yes,31,-5000
2025-05-20T12:03:31.947723,KXBTCD-25MAY2016-T105499.99,DELTA,36,14,40,5000,297,yes,32,5000
2025-05-20T12:03:31.948408,KXBTCD-25MAY2016-T105499.99,DELTA,36,14,40,5000,298,yes,31,1250
2025-05-20T12:03:32.025721,KXBTCD-25MAY2016-T105499.99,DELTA,36,14,40,5000,299,yes,32,-20000
2025-05-20T12:03:32.026636,KXBTCD-25MAY2016-T105499.99,DELTA,36,14,40,5000,300,yes,32,-2000
2025-05-20T12:03:32.045800,KXBTCD-25MAY2016-T105499.99,DELTA,36,14,40,5000,301,yes,31,-1250
2025-05-20T12:03:32.104340,KXBTCD-25MAY2016-T105499.99,DELTA,36,14,40,5000,302,yes,33,2000
2025-05-20T12:03:32.104561,KXBTCD-25MAY2016-T105499.99,DELTA,36,14,40,5000,303,yes,33,20000
2025-05-20T12:03:32.144150,KXBTCD-25MAY2016-T105499.99,DELTA,36,14,40,5000,304,no,59,100
2025-05-20T12:03:32.204751,KXBTCD-25MAY2016-T105499.99,DELTA,36,14,40,5000,305,no,31,-1000
2025-05-20T12:03:32.272329,KXBTCD-25MAY2016-T105499.99,DELTA,36,14,40,5000,306,no,59,1000
2025-05-20T12:03:32.865354,KXBTCD-25MAY2016-T105499.99,DELTA,36,14,40,5000,307,no,59,-1000
2025-05-20T12:03:32.904174,KXBTCD-25MAY2016-T105499.99,DELTA,36,14,40,5000,308,no,31,1000
2025-05-20T12:03:33.164987,KXBTCD-25MAY2016-T105499.99,DELTA,36,14,40,5000,309,yes,32,1250
2025-05-20T12:03:34.305651,KXBTCD-25MAY2016-T105499.99,DELTA,36,14,40,5000,310,no,10,-3240
2025-05-20T12:03:34.306848,KXBTCD-25MAY2016-T105499.99,DELTA,36,14,40,5000,311,no,12,2700
2025-05-20T12:03:34.413369,KXBTCD-25MAY2016-T105499.99,DELTA,36,14,40,5000,312,no,11,-20000
2025-05-20T12:03:36.304158,KXBTCD-25MAY2016-T105499.99,DELTA,36,14,40,5000,313,no,12,-2700
2025-05-20T12:03:36.304426,KXBTCD-25MAY2016-T105499.99,DELTA,36,14,40,5000,314,no,8,4050
2025-05-20T12:03:36.384113,KXBTCD-25MAY2016-T105499.99,DELTA,36,14,40,5000,315,no,9,20000
2025-05-20T12:03:37.005166,KXBTCD-25MAY2016-T105499.99,DELTA,36,14,40,5000,316,yes,32,-1250
2025-05-20T12:03:37.044161,KXBTCD-25MAY2016-T105499.99,DELTA,36,14,40,5000,317,yes,33,1250
2025-05-20T12:03:37.246105,KXBTCD-25MAY2016-T105499.99,DELTA,36,14,40,5000,318,no,8,-4050
2025-05-20T12:03:37.246474,KXBTCD-25MAY2016-T105499.99,DELTA,36,14,40,5000,319,no,10,3240
2025-05-20T12:03:37.303738,KXBTCD-25MAY2016-T105499.99,DELTA,36,14,40,5000,320,no,9,-20000
2025-05-20T12:03:37.347477,KXBTCD-25MAY2016-T105499.99,DELTA,36,14,40,5000,321,no,11,20000
2025-05-20T12:03:38.185269,KXBTCD-25MAY2016-T105499.99,DELTA,36,14,40,5000,322,no,10,-3240
2025-05-20T12:03:38.186598,KXBTCD-25MAY2016-T105499.99,DELTA,36,14,40,5000,323,no,12,2700
2025-05-20T12:03:38.245242,KXBTCD-25MAY2016-T105499.99,DELTA,36,14,40,5000,324,no,11,-20000
2025-05-20T12:03:38.909529,KXBTCD-25MAY2016-T105499.99,DELTA,36,14,41,100,325,no,60,-5000
2025-05-20T12:03:38.909737,KXBTCD-25MAY2016-T105499.99,DELTA,36,14,41,100,326,no,58,5000
2025-05-20T12:03:38.923501,KXBTCD-25MAY2016-T105499.99,DELTA,36,14,41,100,327,yes,32,-5000
2025-05-20T12:03:38.923649,KXBTCD-25MAY2016-T105499.99,DELTA,36,14,41,100,328,yes,33,5000
2025-05-20T12:03:39.003321,KXBTCD-25MAY2016-T105499.99,DELTA,36,14,41,100,329,yes,33,-20000
2025-05-20T12:03:39.024944,KXBTCD-25MAY2016-T105499.99,DELTA,36,14,41,100,330,yes,33,-2000
2025-05-20T12:03:39.025123,KXBTCD-25MAY2016-T105499.99,DELTA,36,14,41,100,331,yes,33,-1250
2025-05-20T12:03:39.124469,KXBTCD-25MAY2016-T105499.99,DELTA,36,14,41,100,332,yes,34,20000
2025-05-20T12:03:39.124684,KXBTCD-25MAY2016-T105499.99,DELTA,36,14,41,100,333,yes,34,1250
2025-05-20T12:03:39.124840,KXBTCD-25MAY2016-T105499.99,DELTA,36,14,41,100,334,yes,34,2000
2025-05-20T12:03:39.144711,KXBTCD-25MAY2016-T105499.99,DELTA,36,14,41,100,335,no,12,-2700
2025-05-20T12:03:39.145792,KXBTCD-25MAY2016-T105499.99,DELTA,36,14,41,100,336,no,8,4050
2025-05-20T12:03:39.205918,KXBTCD-25MAY2016-T105499.99,DELTA,36,14,41,100,337,no,9,20000
2025-05-20T12:03:39.305192,KXBTCD-25MAY2016-T105499.99,DELTA,36,14,41,100,338,no,58,-5000
2025-05-20T12:03:39.305633,KXBTCD-25MAY2016-T105499.99,DELTA,36,14,41,100,339,no,57,5000
2025-05-20T12:03:39.325069,KXBTCD-25MAY2016-T105499.99,DELTA,36,14,41,100,340,yes,33,-5000
2025-05-20T12:03:39.326140,KXBTCD-25MAY2016-T105499.99,DELTA,36,14,41,100,341,yes,34,5000
2025-05-20T12:03:39.404892,KXBTCD-25MAY2016-T105499.99,DELTA,36,14,41,100,342,yes,34,-20000
2025-05-20T12:03:39.424662,KXBTCD-25MAY2016-T105499.99,DELTA,36,14,41,100,343,yes,34,-2000
2025-05-20T12:03:39.425479,KXBTCD-25MAY2016-T105499.99,DELTA,36,14,41,100,344,yes,34,-1250
2025-05-20T12:03:39.465270,KXBTCD-25MAY2016-T105499.99,DELTA,36,14,43,5000,345,no,59,-100
2025-05-20T12:03:39.465455,KXBTCD-25MAY2016-T105499.99,DELTA,36,14,43,5000,346,yes,34,-100
2025-05-20T12:03:39.505580,KXBTCD-25MAY2016-T105499.99,DELTA,36,14,43,5000,347,yes,35,1250
2025-05-20T12:03:39.505805,KXBTCD-25MAY2016-T105499.99,DELTA,36,14,43,5000,348,yes,35,2000
2025-05-20T12:03:39.505950,KXBTCD-25MAY2016-T105499.99,DELTA,36,14,43,5000,349,yes,35,20000
2025-05-20T12:03:40.138849,KXBTCD-25MAY2016-T105499.99,DELTA,36,14,43,5000,350,yes,4,-8100
2025-05-20T12:03:40.139521,KXBTCD-25MAY2016-T105499.99,DELTA,36,14,43,5000,351,yes,10,3240
2025-05-20T12:03:40.139878,KXBTCD-25MAY2016-T105499.99,DELTA,36,14,43,5000,352,no,8,-4050
2025-05-20T12:03:40.140041,KXBTCD-25MAY2016-T105499.99,DELTA,36,14,43,5000,353,no,10,3240
2025-05-20T12:03:40.184799,KXBTCD-25MAY2016-T105499.99,DELTA,36,14,43,5000,354,no,9,-20000
2025-05-20T12:03:40.251008,KXBTCD-25MAY2016-T105499.99,DELTA,36,14,43,5000,355,no,11,20000
2025-05-20T12:03:40.324869,KXBTCD-25MAY2016-T105499.99,DELTA,36,14,43,5000,356,yes,34,-5000
2025-05-20T12:03:40.325093,KXBTCD-25MAY2016-T105499.99,DELTA,36,14,43,5000,357,yes,33,5000
2025-05-20T12:03:40.347696,KXBTCD-25MAY2016-T105499.99,DELTA,36,14,47,14,358,no,57,-5000
2025-05-20T12:03:40.347933,KXBTCD-25MAY2016-T105499.99,DELTA,36,14,42,5000,359,no,58,5000
2025-05-20T12:03:40.383904,KXBTCD-25MAY2016-T105499.99,DELTA,36,14,42,5000,360,yes,35,-20000
2025-05-20T12:03:40.384168,KXBTCD-25MAY2016-T105499.99,DELTA,36,14,42,5000,361,yes,35,-2000
2025-05-20T12:03:40.403317,KXBTCD-25MAY2016-T105499.99,DELTA,36,14,42,5000,362,yes,35,-1000
2025-05-20T12:03:40.403452,KXBTCD-25MAY2016-T105499.99,DELTA,36,14,42,5000,363,yes,35,-1250
2025-05-20T12:03:40.541591,KXBTCD-25MAY2016-T105499.99,DELTA,36,14,42,5000,364,yes,34,1250
2025-05-20T12:03:40.542461,KXBTCD-25MAY2016-T105499.99,DELTA,36,14,42,5000,365,yes,34,20000
2025-05-20T12:03:40.543076,KXBTCD-25MAY2016-T105499.99,DELTA,36,14,42,5000,366,yes,34,1000
2025-05-20T12:03:40.543406,KXBTCD-25MAY2016-T105499.99,DELTA,36,14,42,5000,367,yes,34,2000
2025-05-20T12:03:40.940834,KXBTCD-25MAY2016-T105499.99,DELTA,36,14,42,5000,368,yes,34,100
2025-05-20T12:03:40.950673,KXBTCD-25MAY2016-T105499.99,DELTA,36,14,42,5100,369,no,58,100
2025-05-20T12:03:41.004144,KXBTCD-25MAY2016-T105499.99,DELTA,36,14,42,5100,370,yes,34,-1000
2025-05-20T12:03:41.064214,KXBTCD-25MAY2016-T105499.99,DELTA,36,14,42,5100,371,yes,35,1000
2025-05-20T12:03:42.666122,KXBTCD-25MAY2016-T105499.99,DELTA,35,1000,42,5100,372,yes,36,-14
2025-05-20T12:03:42.666427,KXBTCD-25MAY2016-T105499.99,DELTA,37,14,42,5100,373,yes,37,14
2025-05-20T12:03:42.666557,KXBTCD-25MAY2016-T105499.99,DELTA,37,14,42,5100,374,no,53,-14
2025-05-20T12:03:42.685957,KXBTCD-25MAY2016-T105499.99,DELTA,37,14,42,5100,375,no,51,14
2025-05-20T12:03:42.746894,KXBTCD-25MAY2016-T105499.99,DELTA,37,14,42,100,376,no,58,-5000
2025-05-20T12:03:42.747501,KXBTCD-25MAY2016-T105499.99,DELTA,37,14,42,100,377,no,57,5000
2025-05-20T12:03:42.765150,KXBTCD-25MAY2016-T105499.99,DELTA,37,14,42,100,378,yes,33,-5000
2025-05-20T12:03:42.765659,KXBTCD-25MAY2016-T105499.99,DELTA,37,14,42,100,379,yes,34,5000
2025-05-20T12:03:42.824349,KXBTCD-25MAY2016-T105499.99,DELTA,37,14,42,100,380,yes,34,-20000
2025-05-20T12:03:42.825287,KXBTCD-25MAY2016-T105499.99,DELTA,37,14,42,100,381,yes,34,-2000
2025-05-20T12:03:42.845414,KXBTCD-25MAY2016-T105499.99,DELTA,37,14,42,100,382,yes,34,-1250
2025-05-20T12:03:42.905562,KXBTCD-25MAY2016-T105499.99,DELTA,37,14,42,100,383,yes,35,2000
2025-05-20T12:03:42.906203,KXBTCD-25MAY2016-T105499.99,DELTA,37,14,42,100,384,yes,35,20000
2025-05-20T12:03:42.906575,KXBTCD-25MAY2016-T105499.99,DELTA,37,14,42,100,385,yes,35,1250
2025-05-20T12:03:42.964328,KXBTCD-25MAY2016-T105499.99,DELTA,37,14,42,100,386,yes,34,-100
2025-05-20T12:03:43.003456,KXBTCD-25MAY2016-T105499.99,DELTA,37,14,42,100,387,yes,34,-5000
2025-05-20T12:03:43.003664,KXBTCD-25MAY2016-T105499.99,DELTA,37,14,42,100,388,yes,35,5000
2025-05-20T12:03:43.065647,KXBTCD-25MAY2016-T105499.99,DELTA,37,14,42,100,389,no,10,-3240
2025-05-20T12:03:43.065833,KXBTCD-25MAY2016-T105499.99,DELTA,37,14,42,100,390,no,12,2700
2025-05-20T12:03:43.104284,KXBTCD-25MAY2016-T105499.99,DELTA,37,14,42,100,391,yes,35,-20000
2025-05-20T12:03:43.104456,KXBTCD-25MAY2016-T105499.99,DELTA,37,14,42,100,392,yes,35,-2000
2025-05-20T12:03:43.124671,KXBTCD-25MAY2016-T105499.99,DELTA,37,14,42,100,393,yes,35,-1000
2025-05-20T12:03:43.125434,KXBTCD-25MAY2016-T105499.99,DELTA,37,14,42,100,394,no,11,-20000
2025-05-20T12:03:43.184898,KXBTCD-25MAY2016-T105499.99,DELTA,37,14,42,100,395,yes,36,20000
2025-05-20T12:03:43.185673,KXBTCD-25MAY2016-T105499.99,DELTA,37,14,42,100,396,yes,36,2000
2025-05-20T12:03:43.186290,KXBTCD-25MAY2016-T105499.99,DELTA,37,14,42,100,397,yes,36,1000
2025-05-20T12:03:43.265784,KXBTCD-25MAY2016-T105499.99,DELTA,37,14,42,100,398,yes,35,-5000
2025-05-20T12:03:43.325265,KXBTCD-25MAY2016-T105499.99,DELTA,37,14,42,100,399,yes,34,5000
2025-05-20T12:03:43.326452,KXBTCD-25MAY2016-T105499.99,DELTA,37,14,42,100,400,yes,36,-20000
2025-05-20T12:03:43.345108,KXBTCD-25MAY2016-T105499.99,DELTA,37,14,42,100,401,yes,36,-2000
2025-05-20T12:03:43.346071,KXBTCD-25MAY2016-T105499.99,DELTA,37,14,42,100,402,yes,36,-1000
2025-05-20T12:03:43.364805,KXBTCD-25MAY2016-T105499.99,DELTA,37,14,42,100,403,yes,35,-1250
2025-05-20T12:03:43.424363,KXBTCD-25MAY2016-T105499.99,DELTA,37,14,42,100,404,yes,35,1000
2025-05-20T12:03:43.425147,KXBTCD-25MAY2016-T105499.99,DELTA,37,14,42,100,405,yes,35,1250
2025-05-20T12:03:43.425945,KXBTCD-25MAY2016-T105499.99,DELTA,37,14,42,100,406,yes,35,2000
2025-05-20T12:03:43.426573,KXBTCD-25MAY2016-T105499.99,DELTA,37,14,42,100,407,yes,35,20000
2025-05-20T12:03:44.270834,KXBTCD-25MAY2016-T105499.99,SNAPSHOT,37,14,42,100,1,,,
2025-05-20T12:03:44.384875,KXBTCD-25MAY2016-T105499.99,DELTA,37,14,42,100,408,yes,35,100
2025-05-20T12:03:44.395672,KXBTCD-25MAY2016-T105499.99,DELTA,37,14,42,100,2,yes,35,100
2025-05-20T12:03:44.443974,KXBTCD-25MAY2016-T105499.99,DELTA,37,14,42,100,409,yes,35,-1000
2025-05-20T12:03:44.443974,KXBTCD-25MAY2016-T105499.99,DELTA,37,14,42,100,3,yes,35,-1000
2025-05-20T12:03:44.523599,KXBTCD-25MAY2016-T105499.99,DELTA,37,14,42,100,4,yes,36,1000
2025-05-20T12:03:44.524231,KXBTCD-25MAY2016-T105499.99,DELTA,37,14,42,100,410,yes,36,1000
2025-05-20T12:03:45.023041,KXBTCD-25MAY2016-T105499.99,DELTA,37,14,42,100,5,no,12,-2700
2025-05-20T12:03:45.024314,KXBTCD-25MAY2016-T105499.99,DELTA,37,14,42,100,6,no,8,4050
2025-05-20T12:03:45.024767,KXBTCD-25MAY2016-T105499.99,DELTA,37,14,42,100,411,no,12,-2700
2025-05-20T12:03:45.025516,KXBTCD-25MAY2016-T105499.99,DELTA,37,14,42,100,412,no,8,4050
2025-05-20T12:03:45.083750,KXBTCD-25MAY2016-T105499.99,DELTA,37,14,42,100,7,no,9,20000
2025-05-20T12:03:45.086541,KXBTCD-25MAY2016-T105499.99,DELTA,37,14,42,100,413,no,9,20000
2025-05-20T12:03:46.080643,KXBTCD-25MAY2016-T105499.99,DELTA,37,14,42,100,414,no,8,-4050
2025-05-20T12:03:46.080643,KXBTCD-25MAY2016-T105499.99,DELTA,37,14,42,100,8,no,8,-4050
2025-05-20T12:03:46.081813,KXBTCD-25MAY2016-T105499.99,DELTA,37,14,42,100,415,no,10,3240
2025-05-20T12:03:46.082021,KXBTCD-25MAY2016-T105499.99,DELTA,37,14,42,100,9,no,10,3240
2025-05-20T12:03:46.082651,KXBTCD-25MAY2016-T105499.99,DELTA,37,14,42,100,416,no,9,-20000
2025-05-20T12:03:46.083132,KXBTCD-25MAY2016-T105499.99,DELTA,37,14,42,100,10,no,9,-20000
2025-05-20T12:03:46.084328,KXBTCD-25MAY2016-T105499.99,DELTA,37,14,42,100,11,no,11,20000
2025-05-20T12:03:46.084843,KXBTCD-25MAY2016-T105499.99,DELTA,37,14,42,100,417,no,11,20000
2025-05-20T12:03:46.982573,KXBTCD-25MAY2016-T105499.99,DELTA,37,14,42,100,12,no,10,-3240
2025-05-20T12:03:46.983012,KXBTCD-25MAY2016-T105499.99,DELTA,37,14,42,100,13,no,12,2700
2025-05-20T12:03:46.984200,KXBTCD-25MAY2016-T105499.99,DELTA,37,14,42,100,418,no,10,-3240
2025-05-20T12:03:46.984503,KXBTCD-25MAY2016-T105499.99,DELTA,37,14,42,100,419,no,12,2700
2025-05-20T12:03:47.078788,KXBTCD-25MAY2016-T105499.99,DELTA,37,14,42,100,14,yes,34,-5000
2025-05-20T12:03:47.079154,KXBTCD-25MAY2016-T105499.99,DELTA,37,14,42,100,15,no,11,-20000
2025-05-20T12:03:47.079544,KXBTCD-25MAY2016-T105499.99,DELTA,37,14,42,100,16,no,57,-5000
2025-05-20T12:03:47.155322,KXBTCD-25MAY2016-T105499.99,DELTA,37,14,42,100,420,yes,34,-5000
2025-05-20T12:03:47.157573,KXBTCD-25MAY2016-T105499.99,DELTA,37,14,42,100,421,no,11,-20000
2025-05-20T12:03:47.159239,KXBTCD-25MAY2016-T105499.99,DELTA,37,14,42,100,422,no,57,-5000
2025-05-20T12:03:47.224538,KXBTCD-25MAY2016-T105499.99,DELTA,37,14,42,100,17,yes,35,-20000
2025-05-20T12:03:47.226043,KXBTCD-25MAY2016-T105499.99,DELTA,37,14,42,100,18,yes,35,-2000
2025-05-20T12:03:47.243009,KXBTCD-25MAY2016-T105499.99,DELTA,37,14,42,100,19,yes,35,-1250
2025-05-20T12:03:47.254240,KXBTCD-25MAY2016-T105499.99,DELTA,37,14,42,100,423,yes,35,-20000
2025-05-20T12:03:47.255208,KXBTCD-25MAY2016-T105499.99,DELTA,37,14,42,100,424,yes,35,-2000
2025-05-20T12:03:47.255970,KXBTCD-25MAY2016-T105499.99,DELTA,37,14,42,100,425,yes,35,-1250
2025-05-20T12:03:47.482202,KXBTCD-25MAY2016-T105499.99,DELTA,37,14,49,14,20,no,58,-100
2025-05-20T12:03:47.485262,KXBTCD-25MAY2016-T105499.99,DELTA,37,14,49,14,426,no,58,-100
2025-05-20T12:03:47.603060,KXBTCD-25MAY2016-T105499.99,DELTA,37,14,49,14,21,no,39,9
2025-05-20T12:03:47.604761,KXBTCD-25MAY2016-T105499.99,DELTA,37,14,49,14,427,no,39,9
2025-05-20T12:03:47.623440,KXBTCD-25MAY2016-T105499.99,DELTA,37,23,49,14,22,yes,37,9
2025-05-20T12:03:47.624238,KXBTCD-25MAY2016-T105499.99,DELTA,37,23,49,14,23,yes,11,2000
2025-05-20T12:03:47.625237,KXBTCD-25MAY2016-T105499.99,DELTA,37,23,49,14,428,yes,37,9
2025-05-20T12:03:47.625892,KXBTCD-25MAY2016-T105499.99,DELTA,37,23,49,14,429,yes,11,2000
2025-05-20T12:03:47.642139,KXBTCD-25MAY2016-T105499.99,DELTA,37,23,49,14,24,yes,11,20000
2025-05-20T12:03:47.644100,KXBTCD-25MAY2016-T105499.99,DELTA,37,23,49,14,430,yes,11,20000
2025-05-20T12:03:48.503484,KXBTCD-25MAY2016-T105499.99,DELTA,37,23,49,14,25,yes,35,-100
2025-05-20T12:03:48.505233,KXBTCD-25MAY2016-T105499.99,DELTA,37,23,49,14,431,yes,35,-100
2025-05-20T12:03:48.582682,KXBTCD-25MAY2016-T105499.99,DELTA,37,23,49,14,26,yes,36,-1000
2025-05-20T12:03:48.585083,KXBTCD-25MAY2016-T105499.99,DELTA,37,23,49,14,432,yes,36,-1000
2025-05-20T12:03:48.643390,KXBTCD-25MAY2016-T105499.99,DELTA,37,23,49,14,27,yes,11,1000
2025-05-20T12:03:48.645369,KXBTCD-25MAY2016-T105499.99,DELTA,37,23,49,14,433,yes,11,1000
2025-05-20T12:03:48.949242,KXBTCD-25MAY2016-T105499.99,DELTA,37,23,49,14,434,no,7,-8000
2025-05-20T12:03:48.949242,KXBTCD-25MAY2016-T105499.99,DELTA,37,23,49,14,28,no,7,-8000
2025-05-20T12:03:48.950138,KXBTCD-25MAY2016-T105499.99,DELTA,37,23,49,14,435,no,1,8000
2025-05-20T12:03:48.950532,KXBTCD-25MAY2016-T105499.99,DELTA,37,23,49,14,29,no,1,8000
2025-05-20T12:03:49.265331,KXBTCD-25MAY2016-T105499.99,DELTA,37,23,44,5000,436,no,56,5000
2025-05-20T12:03:49.265330,KXBTCD-25MAY2016-T105499.99,DELTA,37,23,44,5000,30,no,56,5000
2025-05-20T12:03:49.266515,KXBTCD-25MAY2016-T105499.99,DELTA,37,23,44,5000,31,yes,35,5000
2025-05-20T12:03:49.266566,KXBTCD-25MAY2016-T105499.99,DELTA,37,23,44,5000,437,yes,35,5000
2025-05-20T12:03:49.389857,KXBTCD-25MAY2016-T105499.99,DELTA,37,23,44,5000,32,no,39,-9
2025-05-20T12:03:49.390948,KXBTCD-25MAY2016-T105499.99,DELTA,37,14,44,5000,33,yes,37,-9
2025-05-20T12:03:49.391864,KXBTCD-25MAY2016-T105499.99,DELTA,37,23,44,5000,438,no,39,-9
2025-05-20T12:03:49.392971,KXBTCD-25MAY2016-T105499.99,DELTA,37,14,44,5000,439,yes,37,-9
2025-05-20T12:03:49.585719,KXBTCD-25MAY2016-T105499.99,DELTA,37,14,44,5000,34,yes,36,1250
2025-05-20T12:03:49.586707,KXBTCD-25MAY2016-T105499.99,DELTA,37,14,44,5000,35,yes,11,-20000
2025-05-20T12:03:49.588717,KXBTCD-25MAY2016-T105499.99,DELTA,37,14,44,5000,440,yes,36,1250
2025-05-20T12:03:49.589403,KXBTCD-25MAY2016-T105499.99,DELTA,37,14,44,5000,441,yes,11,-20000
2025-05-20T12:03:49.605479,KXBTCD-25MAY2016-T105499.99,DELTA,37,14,44,5000,36,yes,11,-2000
2025-05-20T12:03:49.605960,KXBTCD-25MAY2016-T105499.99,DELTA,37,14,44,5000,37,yes,11,-1000
2025-05-20T12:03:49.609049,KXBTCD-25MAY2016-T105499.99,DELTA,37,14,44,5000,442,yes,11,-2000
2025-05-20T12:03:49.609286,KXBTCD-25MAY2016-T105499.99,DELTA,37,14,44,5000,443,yes,11,-1000
2025-05-20T12:03:49.766218,KXBTCD-25MAY2016-T105499.99,DELTA,37,14,44,5100,38,no,56,100
2025-05-20T12:03:49.769022,KXBTCD-25MAY2016-T105499.99,DELTA,37,14,44,5100,444,no,56,100
2025-05-20T12:03:49.786124,KXBTCD-25MAY2016-T105499.99,DELTA,37,14,44,5100,39,yes,36,100
2025-05-20T12:03:49.789887,KXBTCD-25MAY2016-T105499.99,DELTA,37,14,44,5100,445,yes,36,100
2025-05-20T12:03:50.046754,KXBTCD-25MAY2016-T105499.99,DELTA,37,14,44,5000,40,no,56,-100
2025-05-20T12:03:50.048890,KXBTCD-25MAY2016-T105499.99,DELTA,37,14,44,5000,446,no,56,-100
2025-05-20T12:03:50.466787,KXBTCD-25MAY2016-T105499.99,DELTA,37,1014,44,5000,41,yes,37,1000
2025-05-20T12:03:50.467846,KXBTCD-25MAY2016-T105499.99,DELTA,37,1014,44,5000,42,yes,36,20000
2025-05-20T12:03:50.468678,KXBTCD-25MAY2016-T105499.99,DELTA,37,1014,44,5000,43,yes,36,2000
2025-05-20T12:03:50.468908,KXBTCD-25MAY2016-T105499.99,DELTA,37,1014,44,5000,447,yes,37,1000
2025-05-20T12:03:50.470374,KXBTCD-25MAY2016-T105499.99,DELTA,37,1014,44,5000,448,yes,36,20000
2025-05-20T12:03:50.470922,KXBTCD-25MAY2016-T105499.99,DELTA,37,1014,44,5000,449,yes,36,2000
2025-05-20T12:03:50.998734,KXBTCD-25MAY2016-T105499.99,DELTA,37,1014,44,5100,450,no,56,100
2025-05-20T12:03:50.998777,KXBTCD-25MAY2016-T105499.99,DELTA,37,1014,44,5100,44,no,56,100
2025-05-20T12:03:51.188148,KXBTCD-25MAY2016-T105499.99,DELTA,37,1014,44,5000,45,no,56,-100
2025-05-20T12:03:51.188976,KXBTCD-25MAY2016-T105499.99,DELTA,37,1014,44,5000,451,no,56,-100
2025-05-20T12:03:52.030161,KXBTCD-25MAY2016-T105499.99,DELTA,37,1014,44,5000,452,yes,10,-3240
2025-05-20T12:03:52.030161,KXBTCD-25MAY2016-T105499.99,DELTA,37,1014,44,5000,46,yes,10,-3240
2025-05-20T12:03:52.031037,KXBTCD-25MAY2016-T105499.99,DELTA,37,1014,44,5000,453,yes,4,8100
2025-05-20T12:03:52.031272,KXBTCD-25MAY2016-T105499.99,DELTA,37,1014,44,5000,47,yes,4,8100
2025-05-20T12:03:52.089175,KXBTCD-25MAY2016-T105499.99,DELTA,37,1014,44,5000,48,no,12,-2700
2025-05-20T12:03:52.089799,KXBTCD-25MAY2016-T105499.99,DELTA,37,1014,44,5000,454,no,12,-2700
2025-05-20T12:03:52.090208,KXBTCD-25MAY2016-T105499.99,DELTA,37,1014,44,5000,49,no,4,8100
2025-05-20T12:03:52.090620,KXBTCD-25MAY2016-T105499.99,DELTA,37,1014,44,5000,455,no,4,8100
2025-05-20T12:03:52.192348,KXBTCD-25MAY2016-T105499.99,DELTA,37,1014,44,5000,50,no,5,20000
2025-05-20T12:03:52.194529,KXBTCD-25MAY2016-T105499.99,DELTA,37,1014,44,5000,456,no,5,20000
2025-05-20T12:03:52.248406,KXBTCD-25MAY2016-T105499.99,DELTA,37,1014,43,100,51,no,57,100
2025-05-20T12:03:52.249081,KXBTCD-25MAY2016-T105499.99,DELTA,37,1014,43,100,457,no,57,100
2025-05-20T12:03:53.564056,KXBTCD-25MAY2016-T105499.99,DELTA,37,1014,43,100,458,yes,35,-5000
2025-05-20T12:03:53.568463,KXBTCD-25MAY2016-T105499.99,DELTA,37,1014,43,100,459,no,56,-5000
2025-05-20T12:03:53.586535,KXBTCD-25MAY2016-T105499.99,DELTA,37,1014,43,100,52,yes,35,-5000
2025-05-20T12:03:53.591036,KXBTCD-25MAY2016-T105499.99,DELTA,37,1014,43,100,53,no,56,-5000
2025-05-20T12:03:53.812156,KXBTCD-25MAY2016-T105499.99,DELTA,37,1014,43,100,54,yes,36,-20000
2025-05-20T12:03:53.815408,KXBTCD-25MAY2016-T105499.99,DELTA,37,1014,43,100,55,yes,36,-2000
2025-05-20T12:03:53.817180,KXBTCD-25MAY2016-T105499.99,DELTA,37,1014,43,100,460,yes,36,-20000
2025-05-20T12:03:53.818227,KXBTCD-25MAY2016-T105499.99,DELTA,37,1014,43,100,461,yes,36,-2000
2025-05-20T12:03:53.830048,KXBTCD-25MAY2016-T105499.99,DELTA,37,1014,43,100,56,yes,36,-1250
2025-05-20T12:03:53.855973,KXBTCD-25MAY2016-T105499.99,DELTA,37,1014,43,100,462,yes,36,-1250
2025-05-20T12:03:54.190661,KXBTCD-25MAY2016-T105499.99,DELTA,37,1014,43,100,57,yes,4,-8100
2025-05-20T12:03:54.191178,KXBTCD-25MAY2016-T105499.99,DELTA,37,1014,43,100,58,yes,10,3240
2025-05-20T12:03:54.193097,KXBTCD-25MAY2016-T105499.99,DELTA,37,1014,43,100,463,yes,4,-8100
2025-05-20T12:03:54.193421,KXBTCD-25MAY2016-T105499.99,DELTA,37,1014,43,100,464,yes,10,3240
2025-05-20T12:03:54.230079,KXBTCD-25MAY2016-T105499.99,DELTA,37,1014,43,100,59,no,4,-8100
2025-05-20T12:03:54.230948,KXBTCD-25MAY2016-T105499.99,DELTA,37,1014,43,100,60,no,6,5400
2025-05-20T12:03:54.232336,KXBTCD-25MAY2016-T105499.99,DELTA,37,1014,43,100,465,no,4,-8100
2025-05-20T12:03:54.233023,KXBTCD-25MAY2016-T105499.99,DELTA,37,1014,43,100,466,no,6,5400
2025-05-20T12:03:54.290235,KXBTCD-25MAY2016-T105499.99,DELTA,37,1014,43,100,61,yes,5,20000
2025-05-20T12:03:54.290784,KXBTCD-25MAY2016-T105499.99,DELTA,37,1014,43,100,62,yes,11,2000
2025-05-20T12:03:54.293033,KXBTCD-25MAY2016-T105499.99,DELTA,37,1014,43,100,467,yes,5,20000
2025-05-20T12:03:54.293315,KXBTCD-25MAY2016-T105499.99,DELTA,37,1014,43,100,468,yes,11,2000
2025-05-20T12:03:54.310349,KXBTCD-25MAY2016-T105499.99,DELTA,37,1014,43,100,63,no,52,9
2025-05-20T12:03:54.313450,KXBTCD-25MAY2016-T105499.99,DELTA,37,1014,43,100,469,no,52,9
2025-05-20T12:03:54.330061,KXBTCD-25MAY2016-T105499.99,DELTA,37,1014,43,100,64,yes,5,-20000
2025-05-20T12:03:54.331738,KXBTCD-25MAY2016-T105499.99,DELTA,37,1014,43,100,470,yes,5,-20000
2025-05-20T12:03:54.350232,KXBTCD-25MAY2016-T105499.99,DELTA,37,1014,43,100,65,no,5,-20000
2025-05-20T12:03:54.351913,KXBTCD-25MAY2016-T105499.99,DELTA,37,1014,43,100,471,no,5,-20000
2025-05-20T12:03:54.931104,KXBTCD-25MAY2016-T105499.99,DELTA,37,1014,43,100,66,no,7,20000
2025-05-20T12:03:54.931548,KXBTCD-25MAY2016-T105499.99,DELTA,37,1014,43,100,67,yes,11,20000
2025-05-20T12:03:54.935272,KXBTCD-25MAY2016-T105499.99,DELTA,37,1014,43,100,472,no,7,20000
2025-05-20T12:03:54.935467,KXBTCD-25MAY2016-T105499.99,DELTA,37,1014,43,100,473,yes,11,20000
2025-05-20T12:03:55.010203,KXBTCD-25MAY2016-T105499.99,DELTA,37,1014,43,100,68,no,56,5000
2025-05-20T12:03:55.012085,KXBTCD-25MAY2016-T105499.99,DELTA,37,1014,43,100,474,no,56,5000
2025-05-20T12:03:55.030439,KXBTCD-25MAY2016-T105499.99,DELTA,37,1014,43,100,69,yes,35,5000
2025-05-20T12:03:55.031427,KXBTCD-25MAY2016-T105499.99,DELTA,37,1014,43,100,475,yes,35,5000
2025-05-20T12:03:55.151048,KXBTCD-25MAY2016-T105499.99,DELTA,37,1014,43,100,70,yes,11,-20000
2025-05-20T12:03:55.151460,KXBTCD-25MAY2016-T105499.99,DELTA,37,1014,43,100,71,yes,11,-2000
2025-05-20T12:03:55.152020,KXBTCD-25MAY2016-T105499.99,DELTA,37,1014,43,100,476,yes,11,-20000
2025-05-20T12:03:55.152738,KXBTCD-25MAY2016-T105499.99,DELTA,37,1014,43,100,477,yes,11,-2000
2025-05-20T12:03:55.291595,KXBTCD-25MAY2016-T105499.99,DELTA,37,1014,43,100,72,yes,36,20000
2025-05-20T12:03:55.292219,KXBTCD-25MAY2016-T105499.99,DELTA,37,1014,43,100,73,yes,35,1250
2025-05-20T12:03:55.292411,KXBTCD-25MAY2016-T105499.99,DELTA,37,1014,43,100,74,yes,36,2000
2025-05-20T12:03:55.296273,KXBTCD-25MAY2016-T105499.99,DELTA,37,1014,43,100,478,yes,36,20000
2025-05-20T12:03:55.298454,KXBTCD-25MAY2016-T105499.99,DELTA,37,1014,43,100,479,yes,35,1250
2025-05-20T12:03:55.298650,KXBTCD-25MAY2016-T105499.99,DELTA,37,1014,43,100,480,yes,36,2000
2025-05-20T12:03:55.351072,KXBTCD-25MAY2016-T105499.99,DELTA,37,1014,43,100,75,no,6,-5400
2025-05-20T12:03:55.351349,KXBTCD-25MAY2016-T105499.99,DELTA,37,1014,43,100,76,no,8,4050
2025-05-20T12:03:55.353624,KXBTCD-25MAY2016-T105499.99,DELTA,37,1014,43,100,481,no,6,-5400
2025-05-20T12:03:55.353756,KXBTCD-25MAY2016-T105499.99,DELTA,37,1014,43,100,482,no,8,4050
2025-05-20T12:03:55.410958,KXBTCD-25MAY2016-T105499.99,DELTA,37,1014,43,100,77,no,7,-20000
2025-05-20T12:03:55.412630,KXBTCD-25MAY2016-T105499.99,DELTA,37,1014,43,100,483,no,7,-20000
2025-05-20T12:03:56.392003,KXBTCD-25MAY2016-T105499.99,DELTA,37,1014,43,100,78,no,9,20000
2025-05-20T12:03:56.392558,KXBTCD-25MAY2016-T105499.99,DELTA,37,1014,43,100,79,yes,35,-1250
2025-05-20T12:03:56.393592,KXBTCD-25MAY2016-T105499.99,DELTA,37,1014,43,100,484,no,9,20000
2025-05-20T12:03:56.395180,KXBTCD-25MAY2016-T105499.99,DELTA,37,1014,43,100,485,yes,35,-1250
2025-05-20T12:03:56.571650,KXBTCD-25MAY2016-T105499.99,DELTA,37,1014,43,100,80,no,52,-9
2025-05-20T12:03:56.573090,KXBTCD-25MAY2016-T105499.99,DELTA,37,1014,43,100,486,no,52,-9
2025-05-20T12:03:56.691431,KXBTCD-25MAY2016-T105499.99,DELTA,37,1014,43,100,81,no,8,-4050
2025-05-20T12:03:56.692321,KXBTCD-25MAY2016-T105499.99,DELTA,37,1014,43,100,82,no,10,3240
2025-05-20T12:03:56.692801,KXBTCD-25MAY2016-T105499.99,DELTA,37,1014,43,100,487,no,8,-4050
2025-05-20T12:03:56.693437,KXBTCD-25MAY2016-T105499.99,DELTA,37,1014,43,100,488,no,10,3240
2025-05-20T12:03:56.874712,KXBTCD-25MAY2016-T105499.99,DELTA,37,1014,43,100,83,no,9,-20000
2025-05-20T12:03:56.876119,KXBTCD-25MAY2016-T105499.99,DELTA,37,1014,43,100,489,no,9,-20000
2025-05-20T12:03:57.074865,KXBTCD-25MAY2016-T105499.99,DELTA,37,1014,43,100,84,yes,35,1250
2025-05-20T12:03:57.076135,KXBTCD-25MAY2016-T105499.99,DELTA,37,1014,43,100,85,no,11,20000
2025-05-20T12:03:57.076138,KXBTCD-25MAY2016-T105499.99,DELTA,37,1014,43,100,490,yes,35,1250
2025-05-20T12:03:57.077338,KXBTCD-25MAY2016-T105499.99,DELTA,37,1014,43,100,491,no,11,20000
2025-05-20T12:03:57.174238,KXBTCD-25MAY2016-T105499.99,DELTA,37,1014,43,100,86,yes,35,-5000
2025-05-20T12:03:57.175639,KXBTCD-25MAY2016-T105499.99,DELTA,37,1014,43,100,87,yes,34,5000
2025-05-20T12:03:57.175713,KXBTCD-25MAY2016-T105499.99,DELTA,37,1014,43,100,492,yes,35,-5000
2025-05-20T12:03:57.176470,KXBTCD-25MAY2016-T105499.99,DELTA,37,1014,43,100,493,yes,34,5000
2025-05-20T12:03:57.193905,KXBTCD-25MAY2016-T105499.99,DELTA,37,1014,43,100,88,yes,35,-1250
2025-05-20T12:03:57.195218,KXBTCD-25MAY2016-T105499.99,DELTA,37,1014,43,100,89,no,56,-5000
2025-05-20T12:03:57.195275,KXBTCD-25MAY2016-T105499.99,DELTA,37,1014,43,100,494,yes,35,-1250
2025-05-20T12:03:57.195703,KXBTCD-25MAY2016-T105499.99,DELTA,37,1014,42,5000,90,no,58,5000
2025-05-20T12:03:57.196109,KXBTCD-25MAY2016-T105499.99,DELTA,37,1014,43,100,495,no,56,-5000
2025-05-20T12:03:57.196620,KXBTCD-25MAY2016-T105499.99,DELTA,37,1014,42,5000,496,no,58,5000
2025-05-20T12:03:57.474471,KXBTCD-25MAY2016-T105499.99,DELTA,37,1014,42,5000,91,yes,36,-20000
2025-05-20T12:03:57.475702,KXBTCD-25MAY2016-T105499.99,DELTA,37,1014,42,5000,92,yes,34,1250
2025-05-20T12:03:57.476337,KXBTCD-25MAY2016-T105499.99,DELTA,37,1014,42,5000,497,yes,36,-20000
2025-05-20T12:03:57.476868,KXBTCD-25MAY2016-T105499.99,DELTA,37,1014,42,5000,93,yes,34,-5000
2025-05-20T12:03:57.477045,KXBTCD-25MAY2016-T105499.99,DELTA,37,1014,42,5000,498,yes,34,1250
2025-05-20T12:03:57.477507,KXBTCD-25MAY2016-T105499.99,DELTA,37,1014,42,5000,94,yes,33,5000
2025-05-20T12:03:57.478344,KXBTCD-25MAY2016-T105499.99,DELTA,37,1014,42,5000,499,yes,34,-5000
2025-05-20T12:03:57.478947,KXBTCD-25MAY2016-T105499.99,DELTA,37,1014,42,5000,500,yes,33,5000
2025-05-20T12:03:57.865518,KXBTCD-25MAY2016-T105499.99,DELTA,37,1014,42,5000,501,yes,36,-2000
2025-05-20T12:03:57.865518,KXBTCD-25MAY2016-T105499.99,DELTA,37,1014,42,5000,95,yes,36,-2000
2025-05-20T12:03:57.873579,KXBTCD-25MAY2016-T105499.99,DELTA,37,1014,43,100,96,no,58,-5000
2025-05-20T12:03:57.874498,KXBTCD-25MAY2016-T105499.99,DELTA,37,1014,43,5100,97,no,57,5000
2025-05-20T12:03:57.876656,KXBTCD-25MAY2016-T105499.99,DELTA,37,1014,43,100,502,no,58,-5000
2025-05-20T12:03:57.877403,KXBTCD-25MAY2016-T105499.99,DELTA,37,1014,43,5100,503,no,57,5000
2025-05-20T12:03:57.999843,KXBTCD-25MAY2016-T105499.99,DELTA,37,1014,43,5100,98,yes,33,-5000
2025-05-20T12:03:58.000090,KXBTCD-25MAY2016-T105499.99,DELTA,37,1014,43,5100,99,yes,34,5000
2025-05-20T12:03:58.000203,KXBTCD-25MAY2016-T105499.99,DELTA,37,1014,43,5100,100,yes,34,2000
2025-05-20T12:03:58.000289,KXBTCD-25MAY2016-T105499.99,DELTA,37,1014,43,5100,101,yes,34,20000
2025-05-20T12:03:58.006071,KXBTCD-25MAY2016-T105499.99,DELTA,37,1014,43,5100,504,yes,33,-5000
2025-05-20T12:03:58.006240,KXBTCD-25MAY2016-T105499.99,DELTA,37,1014,43,5100,505,yes,34,5000
2025-05-20T12:03:58.009292,KXBTCD-25MAY2016-T105499.99,DELTA,37,1014,43,5100,506,yes,34,2000
2025-05-20T12:03:58.009385,KXBTCD-25MAY2016-T105499.99,DELTA,37,1014,43,5100,507,yes,34,20000
2025-05-20T12:03:58.175942,KXBTCD-25MAY2016-T105499.99,DELTA,37,1014,43,5100,102,yes,34,-20000
2025-05-20T12:03:58.179742,KXBTCD-25MAY2016-T105499.99,DELTA,37,1014,43,5100,508,yes,34,-20000
2025-05-20T12:03:58.193934,KXBTCD-25MAY2016-T105499.99,DELTA,37,1014,43,5100,103,yes,34,-2000
2025-05-20T12:03:58.194715,KXBTCD-25MAY2016-T105499.99,DELTA,37,1014,43,5100,509,yes,34,-2000
2025-05-20T12:03:58.492630,KXBTCD-25MAY2016-T105499.99,DELTA,37,1014,43,5100,104,yes,35,20000
2025-05-20T12:03:58.493384,KXBTCD-25MAY2016-T105499.99,DELTA,37,1014,43,5100,105,yes,35,2000
2025-05-20T12:03:58.494132,KXBTCD-25MAY2016-T105499.99,DELTA,37,1014,43,5100,510,yes,35,20000
2025-05-20T12:03:58.494925,KXBTCD-25MAY2016-T105499.99,DELTA,37,1014,43,5100,511,yes,35,2000
2025-05-20T12:03:58.673860,KXBTCD-25MAY2016-T105499.99,DELTA,37,1014,43,5000,106,no,57,-100
2025-05-20T12:03:58.675293,KXBTCD-25MAY2016-T105499.99,DELTA,37,1014,43,5000,512,no,57,-100
2025-05-20T12:03:58.693871,KXBTCD-25MAY2016-T105499.99,DELTA,37,1014,43,5000,107,yes,36,-100
2025-05-20T12:03:58.695044,KXBTCD-25MAY2016-T105499.99,DELTA,37,1014,43,5000,513,yes,36,-100
2025-05-20T12:03:58.778387,KXBTCD-25MAY2016-T105499.99,DELTA,37,14,43,5000,108,yes,37,-1000
2025-05-20T12:03:58.780434,KXBTCD-25MAY2016-T105499.99,DELTA,37,14,43,5000,514,yes,37,-1000
2025-05-20T12:03:58.833449,KXBTCD-25MAY2016-T105499.99,DELTA,37,14,43,5000,109,yes,35,1000
2025-05-20T12:03:58.835729,KXBTCD-25MAY2016-T105499.99,DELTA,37,14,43,5000,515,yes,35,1000
2025-05-20T12:03:58.913861,KXBTCD-25MAY2016-T105499.99,DELTA,37,14,43,5000,110,no,10,-3240
2025-05-20T12:03:58.915274,KXBTCD-25MAY2016-T105499.99,DELTA,37,14,43,5000,111,no,12,2700
2025-05-20T12:03:58.915344,KXBTCD-25MAY2016-T105499.99,DELTA,37,14,43,5000,516,no,10,-3240
2025-05-20T12:03:58.916020,KXBTCD-25MAY2016-T105499.99,DELTA,37,14,43,5000,517,no,12,2700
2025-05-20T12:03:58.975510,KXBTCD-25MAY2016-T105499.99,DELTA,37,14,43,5000,112,no,11,-20000
2025-05-20T12:03:58.977722,KXBTCD-25MAY2016-T105499.99,DELTA,37,14,43,5000,518,no,11,-20000
2025-05-20T12:03:59.506759,KXBTCD-25MAY2016-T105499.99,DELTA,37,14,43,5100,519,no,57,100
2025-05-20T12:03:59.506759,KXBTCD-25MAY2016-T105499.99,DELTA,37,14,43,5100,113,no,57,100
2025-05-20T12:04:00.123384,KXBTCD-25MAY2016-T105499.99,DELTA,37,14,43,5100,114,yes,35,100
2025-05-20T12:04:00.125610,KXBTCD-25MAY2016-T105499.99,DELTA,37,14,43,5100,520,yes,35,100
2025-05-20T12:04:00.175689,KXBTCD-25MAY2016-T105499.99,DELTA,37,14,43,5100,115,yes,35,-1000
2025-05-20T12:04:00.176965,KXBTCD-25MAY2016-T105499.99,DELTA,37,14,43,5100,521,yes,35,-1000
2025-05-20T12:04:00.216475,KXBTCD-25MAY2016-T105499.99,DELTA,37,14,43,5100,116,yes,36,1000
2025-05-20T12:04:00.218006,KXBTCD-25MAY2016-T105499.99,DELTA,37,14,43,5100,522,yes,36,1000
2025-05-20T12:04:01.555714,KXBTCD-25MAY2016-T105499.99,DELTA,37,14,43,5100,117,yes,34,-5000
2025-05-20T12:04:01.556020,KXBTCD-25MAY2016-T105499.99,DELTA,37,14,43,100,118,no,57,-5000
2025-05-20T12:04:01.558898,KXBTCD-25MAY2016-T105499.99,DELTA,37,14,43,5100,523,yes,34,-5000
2025-05-20T12:04:01.562999,KXBTCD-25MAY2016-T105499.99,DELTA,37,14,43,100,524,no,57,-5000
2025-05-20T12:04:01.696192,KXBTCD-25MAY2016-T105499.99,DELTA,37,14,43,100,119,no,52,9
2025-05-20T12:04:01.699035,KXBTCD-25MAY2016-T105499.99,DELTA,37,14,43,100,525,no,52,9
2025-05-20T12:04:01.722169,KXBTCD-25MAY2016-T105499.99,DELTA,37,14,43,100,526,yes,35,-20000
2025-05-20T12:04:01.722169,KXBTCD-25MAY2016-T105499.99,DELTA,37,14,43,100,120,yes,35,-20000
2025-05-20T12:04:01.722805,KXBTCD-25MAY2016-T105499.99,DELTA,37,14,43,100,121,yes,35,-2000
2025-05-20T12:04:01.723313,KXBTCD-25MAY2016-T105499.99,DELTA,37,14,43,100,527,yes,35,-2000
2025-05-20T12:04:01.737733,KXBTCD-25MAY2016-T105499.99,DELTA,37,14,43,100,122,yes,34,-1250
2025-05-20T12:04:01.758845,KXBTCD-25MAY2016-T105499.99,DELTA,37,14,43,100,528,yes,34,-1250
2025-05-20T12:04:01.795277,KXBTCD-25MAY2016-T105499.99,DELTA,37,14,43,100,123,no,12,-2700
2025-05-20T12:04:01.796094,KXBTCD-25MAY2016-T105499.99,DELTA,37,14,43,100,124,no,4,8100
2025-05-20T12:04:01.797482,KXBTCD-25MAY2016-T105499.99,DELTA,37,14,43,100,529,no,12,-2700
2025-05-20T12:04:01.798042,KXBTCD-25MAY2016-T105499.99,DELTA,37,14,43,100,530,no,4,8100
2025-05-20T12:04:02.216681,KXBTCD-25MAY2016-T105499.99,DELTA,37,14,43,100,125,no,5,20000
2025-05-20T12:04:02.218290,KXBTCD-25MAY2016-T105499.99,DELTA,37,14,43,100,531,no,5,20000
2025-05-20T12:04:02.261358,KXBTCD-25MAY2016-T105499.99,DELTA,37,14,43,100,126,yes,11,20000
2025-05-20T12:04:02.262304,KXBTCD-25MAY2016-T105499.99,DELTA,37,14,43,100,532,yes,11,20000
2025-05-20T12:04:02.336022,KXBTCD-25MAY2016-T105499.99,DELTA,37,14,48,9,127,no,57,-100
2025-05-20T12:04:02.339828,KXBTCD-25MAY2016-T105499.99,DELTA,37,14,48,9,533,no,57,-100
2025-05-20T12:04:02.356624,KXBTCD-25MAY2016-T105499.99,DELTA,37,14,48,9,128,yes,35,14
2025-05-20T12:04:02.357029,KXBTCD-25MAY2016-T105499.99,DELTA,36,1000,48,9,129,yes,37,-14
2025-05-20T12:04:02.357384,KXBTCD-25MAY2016-T105499.99,DELTA,36,1000,48,9,130,no,51,-14
2025-05-20T12:04:02.357517,KXBTCD-25MAY2016-T105499.99,DELTA,37,14,48,9,534,yes,35,14
2025-05-20T12:04:02.357733,KXBTCD-25MAY2016-T105499.99,DELTA,36,1000,47,14,131,no,53,14
2025-05-20T12:04:02.358316,KXBTCD-25MAY2016-T105499.99,DELTA,36,1000,48,9,535,yes,37,-14
2025-05-20T12:04:02.358934,KXBTCD-25MAY2016-T105499.99,DELTA,36,1000,48,9,536,no,51,-14
2025-05-20T12:04:02.359201,KXBTCD-25MAY2016-T105499.99,DELTA,36,1000,47,14,537,no,53,14
2025-05-20T12:04:02.837431,KXBTCD-25MAY2016-T105499.99,DELTA,36,1000,47,14,132,yes,11,2000
2025-05-20T12:04:02.839542,KXBTCD-25MAY2016-T105499.99,DELTA,36,1000,47,14,538,yes,11,2000
2025-05-20T12:04:02.957301,KXBTCD-25MAY2016-T105499.99,DELTA,36,1000,47,14,133,no,39,9
2025-05-20T12:04:02.958455,KXBTCD-25MAY2016-T105499.99,DELTA,37,9,47,14,134,yes,37,9
2025-05-20T12:04:02.959476,KXBTCD-25MAY2016-T105499.99,DELTA,36,1000,47,14,539,no,39,9
2025-05-20T12:04:02.960224,KXBTCD-25MAY2016-T105499.99,DELTA,37,9,47,14,540,yes,37,9
2025-05-20T12:04:03.056057,KXBTCD-25MAY2016-T105499.99,DELTA,37,9,47,14,135,yes,34,14
2025-05-20T12:04:03.056347,KXBTCD-25MAY2016-T105499.99,DELTA,37,9,47,14,136,yes,35,-14
2025-05-20T12:04:03.058108,KXBTCD-25MAY2016-T105499.99,DELTA,37,9,47,14,541,yes,34,14
2025-05-20T12:04:03.058289,KXBTCD-25MAY2016-T105499.99,DELTA,37,9,47,14,542,yes,35,-14
2025-05-20T12:04:03.076078,KXBTCD-25MAY2016-T105499.99,DELTA,37,9,45,14,137,no,55,14
2025-05-20T12:04:03.076224,KXBTCD-25MAY2016-T105499.99,DELTA,37,9,45,14,138,no,53,-14
2025-05-20T12:04:03.091619,KXBTCD-25MAY2016-T105499.99,DELTA,37,9,45,14,543,no,55,14
2025-05-20T12:04:03.091794,KXBTCD-25MAY2016-T105499.99,DELTA,37,9,45,14,544,no,53,-14
2025-05-20T12:04:03.115945,KXBTCD-25MAY2016-T105499.99,DELTA,37,9,41,5000,139,no,59,5000
2025-05-20T12:04:03.116405,KXBTCD-25MAY2016-T105499.99,DELTA,37,9,41,5000,140,yes,32,5000
2025-05-20T12:04:03.118176,KXBTCD-25MAY2016-T105499.99,DELTA,37,9,41,5000,545,no,59,5000
2025-05-20T12:04:03.118349,KXBTCD-25MAY2016-T105499.99,DELTA,37,9,41,5000,546,yes,32,5000
2025-05-20T12:04:03.217052,KXBTCD-25MAY2016-T105499.99,DELTA,37,9,41,5000,141,yes,35,-100
2025-05-20T12:04:03.219098,KXBTCD-25MAY2016-T105499.99,DELTA,37,9,41,5000,547,yes,35,-100
2025-05-20T12:04:03.317470,KXBTCD-25MAY2016-T105499.99,DELTA,37,9,41,5000,142,yes,11,-20000
2025-05-20T12:04:03.318143,KXBTCD-25MAY2016-T105499.99,DELTA,37,9,41,5000,548,yes,11,-20000
2025-05-20T12:04:03.318746,KXBTCD-25MAY2016-T105499.99,DELTA,37,9,41,5000,143,yes,33,1250
2025-05-20T12:04:03.319855,KXBTCD-25MAY2016-T105499.99,DELTA,37,9,41,5000,144,yes,11,-2000
2025-05-20T12:04:03.320079,KXBTCD-25MAY2016-T105499.99,DELTA,37,9,41,5000,549,yes,33,1250
2025-05-20T12:04:03.320821,KXBTCD-25MAY2016-T105499.99,DELTA,37,9,41,5000,550,yes,11,-2000
2025-05-20T12:04:03.417973,KXBTCD-25MAY2016-T105499.99,DELTA,37,9,41,5000,145,yes,36,-1000
2025-05-20T12:04:03.418570,KXBTCD-25MAY2016-T105499.99,DELTA,37,9,41,5000,551,yes,36,-1000
2025-05-20T12:04:03.517891,KXBTCD-25MAY2016-T105499.99,DELTA,37,9,45,14,146,no,59,-5000
2025-05-20T12:04:03.518647,KXBTCD-25MAY2016-T105499.99,DELTA,37,9,42,5000,147,no,58,5000
2025-05-20T12:04:03.521411,KXBTCD-25MAY2016-T105499.99,DELTA,37,9,45,14,552,no,59,-5000
2025-05-20T12:04:03.522022,KXBTCD-25MAY2016-T105499.99,DELTA,37,9,42,5000,553,no,58,5000
2025-05-20T12:04:03.536899,KXBTCD-25MAY2016-T105499.99,DELTA,37,9,42,5000,148,yes,32,-5000
2025-05-20T12:04:03.537791,KXBTCD-25MAY2016-T105499.99,DELTA,37,9,42,5000,149,yes,33,5000
2025-05-20T12:04:03.539209,KXBTCD-25MAY2016-T105499.99,DELTA,37,9,42,5000,554,yes,32,-5000
2025-05-20T12:04:03.539885,KXBTCD-25MAY2016-T105499.99,DELTA,37,9,42,5000,555,yes,33,5000
2025-05-20T12:04:03.577164,KXBTCD-25MAY2016-T105499.99,DELTA,37,9,42,5000,150,no,39,-9
2025-05-20T12:04:03.578981,KXBTCD-25MAY2016-T105499.99,DELTA,37,9,42,5000,556,no,39,-9
2025-05-20T12:04:03.597058,KXBTCD-25MAY2016-T105499.99,DELTA,34,14,42,5000,151,yes,37,-9
2025-05-20T12:04:03.598219,KXBTCD-25MAY2016-T105499.99,DELTA,34,14,42,5000,557,yes,37,-9
2025-05-20T12:04:03.677114,KXBTCD-25MAY2016-T105499.99,DELTA,34,14,42,5000,152,no,52,-9
2025-05-20T12:04:03.678937,KXBTCD-25MAY2016-T105499.99,DELTA,34,14,42,5000,558,no,52,-9
2025-05-20T12:04:03.797408,KXBTCD-25MAY2016-T105499.99,DELTA,34,14,41,100,153,no,59,100
2025-05-20T12:04:03.800192,KXBTCD-25MAY2016-T105499.99,DELTA,34,14,41,100,559,no,59,100
2025-05-20T12:04:04.256450,KXBTCD-25MAY2016-T105499.99,DELTA,34,14,41,100,154,no,4,-8100
2025-05-20T12:04:04.256914,KXBTCD-25MAY2016-T105499.99,DELTA,34,14,41,100,155,no,6,5400
2025-05-20T12:04:04.258162,KXBTCD-25MAY2016-T105499.99,DELTA,34,14,41,100,560,no,4,-8100
2025-05-20T12:04:04.258413,KXBTCD-25MAY2016-T105499.99,DELTA,34,14,41,100,561,no,6,5400
2025-05-20T12:04:04.316955,KXBTCD-25MAY2016-T105499.99,DELTA,34,14,41,100,156,no,5,-20000
2025-05-20T12:04:04.318284,KXBTCD-25MAY2016-T105499.99,DELTA,34,14,41,100,562,no,5,-20000
2025-05-20T12:04:04.417109,KXBTCD-25MAY2016-T105499.99,DELTA,34,14,41,100,157,yes,33,100
2025-05-20T12:04:04.418744,KXBTCD-25MAY2016-T105499.99,DELTA,34,14,41,100,563,yes,33,100
2025-05-20T12:04:04.798345,KXBTCD-25MAY2016-T105499.99,DELTA,34,2014,41,100,158,yes,34,2000
2025-05-20T12:04:04.799604,KXBTCD-25MAY2016-T105499.99,DELTA,34,2014,41,100,564,yes,34,2000
2025-05-20T12:04:04.837760,KXBTCD-25MAY2016-T105499.99,DELTA,34,22014,41,100,159,yes,34,20000
2025-05-20T12:04:04.838409,KXBTCD-25MAY2016-T105499.99,DELTA,34,22014,41,100,160,no,7,20000
2025-05-20T12:04:04.838616,KXBTCD-25MAY2016-T105499.99,DELTA,34,23014,41,100,161,yes,34,1000
2025-05-20T12:04:04.839129,KXBTCD-25MAY2016-T105499.99,DELTA,34,22014,41,100,565,yes,34,20000
2025-05-20T12:04:04.839384,KXBTCD-25MAY2016-T105499.99,DELTA,34,22014,41,100,566,no,7,20000
2025-05-20T12:04:04.839854,KXBTCD-25MAY2016-T105499.99,DELTA,34,23014,41,100,567,yes,34,1000
2025-05-20T12:04:05.242793,KXBTCD-25MAY2016-T105499.99,DELTA,34,23014,41,100,162,no,6,-5400
2025-05-20T12:04:05.242795,KXBTCD-25MAY2016-T105499.99,DELTA,34,23014,41,100,568,no,6,-5400
2025-05-20T12:04:05.243653,KXBTCD-25MAY2016-T105499.99,DELTA,34,23014,41,100,163,no,8,4050
2025-05-20T12:04:05.243884,KXBTCD-25MAY2016-T105499.99,DELTA,34,23014,41,100,569,no,8,4050
2025-05-20T12:04:05.298378,KXBTCD-25MAY2016-T105499.99,DELTA,34,23014,41,100,164,no,7,-20000
2025-05-20T12:04:05.299503,KXBTCD-25MAY2016-T105499.99,DELTA,34,23014,41,100,570,no,7,-20000
2025-05-20T12:04:05.338394,KXBTCD-25MAY2016-T105499.99,DELTA,34,23014,41,100,165,no,9,20000
2025-05-20T12:04:05.339625,KXBTCD-25MAY2016-T105499.99,DELTA,34,23014,41,100,571,no,9,20000
2025-05-20T12:04:05.479085,KXBTCD-25MAY2016-T105499.99,DELTA,34,23014,41,100,166,yes,33,-5000
2025-05-20T12:04:05.480067,KXBTCD-25MAY2016-T105499.99,DELTA,34,23014,41,100,167,yes,32,5000
2025-05-20T12:04:05.480841,KXBTCD-25MAY2016-T105499.99,DELTA,34,23014,41,100,572,yes,33,-5000
2025-05-20T12:04:05.481608,KXBTCD-25MAY2016-T105499.99,DELTA,34,23014,41,100,573,yes,32,5000
2025-05-20T12:04:05.498372,KXBTCD-25MAY2016-T105499.99,DELTA,34,23014,41,100,168,no,58,-5000
2025-05-20T12:04:05.499020,KXBTCD-25MAY2016-T105499.99,DELTA,34,23014,41,5100,169,no,59,5000
2025-05-20T12:04:05.500256,KXBTCD-25MAY2016-T105499.99,DELTA,34,23014,41,100,574,no,58,-5000
2025-05-20T12:04:05.500865,KXBTCD-25MAY2016-T105499.99,DELTA,34,23014,41,5100,575,no,59,5000
2025-05-20T12:04:05.558649,KXBTCD-25MAY2016-T105499.99,DELTA,34,3014,41,5100,170,yes,34,-20000
2025-05-20T12:04:05.559754,KXBTCD-25MAY2016-T105499.99,DELTA,34,1014,41,5100,171,yes,34,-2000
2025-05-20T12:04:05.560674,KXBTCD-25MAY2016-T105499.99,DELTA,34,3014,41,5100,576,yes,34,-20000
2025-05-20T12:04:05.561350,KXBTCD-25MAY2016-T105499.99,DELTA,34,1014,41,5100,577,yes,34,-2000
2025-05-20T12:04:05.618142,KXBTCD-25MAY2016-T105499.99,DELTA,34,1014,41,5100,172,yes,33,2000
2025-05-20T12:04:05.619352,KXBTCD-25MAY2016-T105499.99,DELTA,34,1014,41,5100,173,yes,33,20000
2025-05-20T12:04:05.619830,KXBTCD-25MAY2016-T105499.99,DELTA,34,1014,41,5100,578,yes,33,2000
2025-05-20T12:04:05.620682,KXBTCD-25MAY2016-T105499.99,DELTA,34,1014,41,5100,579,yes,33,20000
2025-05-20T12:04:05.737794,KXBTCD-25MAY2016-T105499.99,DELTA,34,1014,41,5100,174,yes,33,-1250
2025-05-20T12:04:05.739844,KXBTCD-25MAY2016-T105499.99,DELTA,34,1014,41,5100,580,yes,33,-1250
2025-05-20T12:04:05.798630,KXBTCD-25MAY2016-T105499.99,DELTA,34,1014,41,5100,175,yes,32,1250
2025-05-20T12:04:05.800256,KXBTCD-25MAY2016-T105499.99,DELTA,34,1014,41,5100,581,yes,32,1250
2025-05-20T12:04:06.166470,KXBTCD-25MAY2016-T105499.99,DELTA,34,1014,41,5100,176,yes,32,-1250
2025-05-20T12:04:06.166463,KXBTCD-25MAY2016-T105499.99,DELTA,34,1014,41,5100,582,yes,32,-1250
2025-05-20T12:04:06.167563,KXBTCD-25MAY2016-T105499.99,DELTA,34,1014,41,5100,177,no,8,-4050
2025-05-20T12:04:06.167616,KXBTCD-25MAY2016-T105499.99,DELTA,34,1014,41,5100,583,no,8,-4050
2025-05-20T12:04:06.168534,KXBTCD-25MAY2016-T105499.99,DELTA,34,1014,41,5100,584,no,10,3240
2025-05-20T12:04:06.168470,KXBTCD-25MAY2016-T105499.99,DELTA,34,1014,41,5100,178,no,10,3240
2025-05-20T12:04:06.238171,KXBTCD-25MAY2016-T105499.99,DELTA,34,1014,41,5096,179,no,59,-4
2025-05-20T12:04:06.239236,KXBTCD-25MAY2016-T105499.99,DELTA,34,1014,41,5096,180,yes,33,1250
2025-05-20T12:04:06.239933,KXBTCD-25MAY2016-T105499.99,DELTA,34,1014,41,5096,585,no,59,-4
2025-05-20T12:04:06.240572,KXBTCD-25MAY2016-T105499.99,DELTA,34,1014,41,5096,586,yes,33,1250
2025-05-20T12:04:06.258201,KXBTCD-25MAY2016-T105499.99,DELTA,34,1014,41,5096,181,no,9,-20000
2025-05-20T12:04:06.260765,KXBTCD-25MAY2016-T105499.99,DELTA,34,1014,41,5096,587,no,9,-20000
2025-05-20T12:04:06.298566,KXBTCD-25MAY2016-T105499.99,DELTA,34,1014,41,5096,182,no,11,20000
2025-05-20T12:04:06.299783,KXBTCD-25MAY2016-T105499.99,DELTA,34,1014,41,5096,588,no,11,20000
2025-05-20T12:04:06.698126,KXBTCD-25MAY2016-T105499.99,DELTA,34,1014,41,5096,183,yes,33,-1250
2025-05-20T12:04:06.699101,KXBTCD-25MAY2016-T105499.99,DELTA,34,1014,41,5096,589,yes,33,-1250
2025-05-20T12:04:06.757792,KXBTCD-25MAY2016-T105499.99,DELTA,34,1014,41,5096,184,yes,32,1250
2025-05-20T12:04:06.759715,KXBTCD-25MAY2016-T105499.99,DELTA,34,1014,41,5096,590,yes,32,1250
2025-05-20T12:04:07.099848,KXBTCD-25MAY2016-T105499.99,DELTA,34,1014,41,5096,185,no,10,-3240
2025-05-20T12:04:07.100901,KXBTCD-25MAY2016-T105499.99,DELTA,34,1014,41,5096,186,no,12,2700
2025-05-20T12:04:07.101304,KXBTCD-25MAY2016-T105499.99,DELTA,34,1014,41,5096,591,no,10,-3240
2025-05-20T12:04:07.101863,KXBTCD-25MAY2016-T105499.99,DELTA,34,1014,41,5096,592,no,12,2700
2025-05-20T12:04:07.180287,KXBTCD-25MAY2016-T105499.99,DELTA,34,1014,41,5096,187,no,11,-20000
2025-05-20T12:04:07.180822,KXBTCD-25MAY2016-T105499.99,DELTA,34,1014,41,5096,593,no,11,-20000
2025-05-20T12:04:08.110483,KXBTCD-25MAY2016-T105499.99,DELTA,34,1014,41,5096,594,no,12,-2700
2025-05-20T12:04:08.110482,KXBTCD-25MAY2016-T105499.99,DELTA,34,1014,41,5096,188,no,12,-2700
2025-05-20T12:04:08.110775,KXBTCD-25MAY2016-T105499.99,DELTA,34,1014,41,5096,595,no,4,8100
2025-05-20T12:04:08.110848,KXBTCD-25MAY2016-T105499.99,DELTA,34,1014,41,5096,189,no,4,8100
2025-05-20T12:04:08.118603,KXBTCD-25MAY2016-T105499.99,DELTA,34,1014,41,5096,190,no,5,20000
2025-05-20T12:04:08.119983,KXBTCD-25MAY2016-T105499.99,DELTA,34,1014,41,5096,596,no,5,20000
2025-05-20T12:04:10.940367,KXBTCD-25MAY2016-T105499.99,DELTA,34,1014,41,5096,191,no,4,-8100
2025-05-20T12:04:10.941503,KXBTCD-25MAY2016-T105499.99,DELTA,34,1014,41,5096,192,no,6,5400
2025-05-20T12:04:10.942117,KXBTCD-25MAY2016-T105499.99,DELTA,34,1014,41,5096,597,no,4,-8100
2025-05-20T12:04:10.942797,KXBTCD-25MAY2016-T105499.99,DELTA,34,1014,41,5096,598,no,6,5400
2025-05-20T12:04:11.000563,KXBTCD-25MAY2016-T105499.99,DELTA,34,1014,41,5096,193,no,5,-20000
2025-05-20T12:04:11.001487,KXBTCD-25MAY2016-T105499.99,DELTA,34,1014,41,5096,599,no,5,-20000
2025-05-20T12:04:11.040148,KXBTCD-25MAY2016-T105499.99,DELTA,34,1014,41,5096,194,no,7,20000
2025-05-20T12:04:11.041876,KXBTCD-25MAY2016-T105499.99,DELTA,34,1014,41,5096,600,no,7,20000
2025-05-20T12:04:11.670372,KXBTCD-25MAY2016-T105499.99,DELTA,34,1014,41,5096,195,yes,32,-5000
2025-05-20T12:04:11.682891,KXBTCD-25MAY2016-T105499.99,DELTA,34,1014,41,5096,601,yes,32,-5000
2025-05-20T12:04:11.684343,KXBTCD-25MAY2016-T105499.99,DELTA,34,1014,41,96,602,no,59,-5000
2025-05-20T12:04:11.696024,KXBTCD-25MAY2016-T105499.99,DELTA,34,1014,41,96,196,no,59,-5000
2025-05-20T12:04:11.984871,KXBTCD-25MAY2016-T105499.99,DELTA,34,1014,41,96,197,yes,33,-20000
2025-05-20T12:04:11.986328,KXBTCD-25MAY2016-T105499.99,DELTA,34,1014,41,96,198,no,31,-1000
2025-05-20T12:04:11.987262,KXBTCD-25MAY2016-T105499.99,DELTA,34,1014,41,96,199,yes,33,-2000
2025-05-20T12:04:11.997870,KXBTCD-25MAY2016-T105499.99,DELTA,34,1014,41,96,603,yes,33,-20000
2025-05-20T12:04:11.998569,KXBTCD-25MAY2016-T105499.99,DELTA,34,1014,41,96,604,no,31,-1000
2025-05-20T12:04:12.002378,KXBTCD-25MAY2016-T105499.99,DELTA,34,1014,41,96,605,yes,33,-2000
2025-05-20T12:04:12.003303,KXBTCD-25MAY2016-T105499.99,DELTA,34,1014,41,96,200,yes,32,-1250
2025-05-20T12:04:12.004421,KXBTCD-25MAY2016-T105499.99,DELTA,34,1014,41,96,201,no,1,-8000
2025-05-20T12:04:12.066338,KXBTCD-25MAY2016-T105499.99,DELTA,34,1014,41,96,606,yes,32,-1250
2025-05-20T12:04:12.067570,KXBTCD-25MAY2016-T105499.99,DELTA,34,1014,41,96,607,no,1,-8000
2025-05-20T12:04:12.202443,KXBTCD-25MAY2016-T105499.99,DELTA,34,1014,45,14,202,no,59,-96
2025-05-20T12:04:12.202712,KXBTCD-25MAY2016-T105499.99,DELTA,34,1014,45,14,608,no,59,-96
2025-05-20T12:04:12.340694,KXBTCD-25MAY2016-T105499.99,DELTA,34,1014,41,1000,203,no,59,1000
2025-05-20T12:04:12.342591,KXBTCD-25MAY2016-T105499.99,DELTA,34,1014,41,1000,204,no,3,8000
2025-05-20T12:04:12.343180,KXBTCD-25MAY2016-T105499.99,DELTA,34,1014,41,1000,609,no,59,1000
2025-05-20T12:04:12.344053,KXBTCD-25MAY2016-T105499.99,DELTA,34,1014,41,1000,610,no,3,8000
2025-05-20T12:04:12.501333,KXBTCD-25MAY2016-T105499.99,DELTA,34,1014,41,1000,205,yes,11,2000
2025-05-20T12:04:12.502160,KXBTCD-25MAY2016-T105499.99,DELTA,34,1014,41,1000,206,yes,11,20000
2025-05-20T12:04:12.503162,KXBTCD-25MAY2016-T105499.99,DELTA,34,1014,41,1000,611,yes,11,2000
2025-05-20T12:04:12.503787,KXBTCD-25MAY2016-T105499.99,DELTA,34,1014,41,1000,612,yes,11,20000
2025-05-20T12:04:12.680238,KXBTCD-25MAY2016-T105499.99,DELTA,34,1014,40,5000,207,no,60,5000
2025-05-20T12:04:12.682262,KXBTCD-25MAY2016-T105499.99,DELTA,34,1014,40,5000,613,no,60,5000
2025-05-20T12:04:12.699404,KXBTCD-25MAY2016-T105499.99,DELTA,34,1014,40,5000,208,yes,31,5000
2025-05-20T12:04:12.701332,KXBTCD-25MAY2016-T105499.99,DELTA,34,1014,40,5000,614,yes,31,5000
2025-05-20T12:04:12.841137,KXBTCD-25MAY2016-T105499.99,DELTA,34,1014,40,5000,209,yes,32,14
2025-05-20T12:04:12.842172,KXBTCD-25MAY2016-T105499.99,DELTA,34,1000,40,5000,210,yes,34,-14
2025-05-20T12:04:12.842324,KXBTCD-25MAY2016-T105499.99,DELTA,34,1014,40,5000,615,yes,32,14
2025-05-20T12:04:12.842583,KXBTCD-25MAY2016-T105499.99,DELTA,34,1000,40,5000,211,no,55,-14
2025-05-20T12:04:12.842946,KXBTCD-25MAY2016-T105499.99,DELTA,34,1000,40,5000,616,yes,34,-14
2025-05-20T12:04:12.843087,KXBTCD-25MAY2016-T105499.99,DELTA,34,1000,40,5000,212,no,59,-1000
2025-05-20T12:04:12.843504,KXBTCD-25MAY2016-T105499.99,DELTA,34,1000,40,5000,213,no,56,14
2025-05-20T12:04:12.844317,KXBTCD-25MAY2016-T105499.99,DELTA,34,1000,40,5000,214,yes,11,-20000
2025-05-20T12:04:12.844515,KXBTCD-25MAY2016-T105499.99,DELTA,34,1000,40,5000,617,no,55,-14
2025-05-20T12:04:12.844957,KXBTCD-25MAY2016-T105499.99,DELTA,34,1000,40,5000,618,no,59,-1000
2025-05-20T12:04:12.845345,KXBTCD-25MAY2016-T105499.99,DELTA,34,1000,40,5000,619,no,56,14
2025-05-20T12:04:12.845723,KXBTCD-25MAY2016-T105499.99,DELTA,34,1000,40,5000,620,yes,11,-20000
2025-05-20T12:04:12.860791,KXBTCD-25MAY2016-T105499.99,DELTA,34,1000,40,5000,215,yes,11,-2000
2025-05-20T12:04:12.863628,KXBTCD-25MAY2016-T105499.99,DELTA,34,1000,40,5000,621,yes,11,-2000
2025-05-20T12:04:13.140245,KXBTCD-25MAY2016-T105499.99,DELTA,34,1000,40,5000,216,yes,33,-100
2025-05-20T12:04:13.141172,KXBTCD-25MAY2016-T105499.99,DELTA,34,1000,40,5000,622,yes,33,-100
2025-05-20T12:04:13.200616,KXBTCD-25MAY2016-T105499.99,DELTA,32,14,40,5000,217,yes,34,-1000
2025-05-20T12:04:13.202294,KXBTCD-25MAY2016-T105499.99,DELTA,32,14,40,5000,623,yes,34,-1000
2025-05-20T12:04:13.322120,KXBTCD-25MAY2016-T105499.99,DELTA,32,1014,40,5000,218,yes,32,1000
2025-05-20T12:04:13.323092,KXBTCD-25MAY2016-T105499.99,DELTA,32,1014,40,5000,624,yes,32,1000
2025-05-20T12:04:13.360706,KXBTCD-25MAY2016-T105499.99,DELTA,32,1014,40,5000,219,no,6,-5400
2025-05-20T12:04:13.361429,KXBTCD-25MAY2016-T105499.99,DELTA,32,1014,40,5000,220,no,8,4050
2025-05-20T12:04:13.361605,KXBTCD-25MAY2016-T105499.99,DELTA,32,1014,40,5000,625,no,6,-5400
2025-05-20T12:04:13.362105,KXBTCD-25MAY2016-T105499.99,DELTA,32,1014,40,5000,626,no,8,4050
2025-05-20T12:04:13.380698,KXBTCD-25MAY2016-T105499.99,DELTA,32,1014,40,5000,221,yes,10,-200
2025-05-20T12:04:13.386833,KXBTCD-25MAY2016-T105499.99,DELTA,32,1014,40,5000,627,yes,10,-200
2025-05-20T12:04:13.421002,KXBTCD-25MAY2016-T105499.99,DELTA,32,1014,40,5000,222,no,30,-200
2025-05-20T12:04:13.421772,KXBTCD-25MAY2016-T105499.99,DELTA,32,1014,40,5000,223,no,40,200
2025-05-20T12:04:13.421933,KXBTCD-25MAY2016-T105499.99,DELTA,32,1014,40,5000,628,no,30,-200
2025-05-20T12:04:13.422320,KXBTCD-25MAY2016-T105499.99,DELTA,32,1014,40,5000,629,no,40,200
2025-05-20T12:04:13.441542,KXBTCD-25MAY2016-T105499.99,DELTA,32,1014,40,5100,224,no,60,100
2025-05-20T12:04:13.441702,KXBTCD-25MAY2016-T105499.99,DELTA,32,1014,40,5100,630,no,60,100
2025-05-20T12:04:13.461411,KXBTCD-25MAY2016-T105499.99,DELTA,32,1014,40,5100,225,yes,31,-5000
2025-05-20T12:04:13.461638,KXBTCD-25MAY2016-T105499.99,DELTA,32,1014,40,5100,226,yes,30,5000
2025-05-20T12:04:13.462454,KXBTCD-25MAY2016-T105499.99,DELTA,32,1014,40,5100,631,yes,31,-5000
2025-05-20T12:04:13.462714,KXBTCD-25MAY2016-T105499.99,DELTA,32,1014,40,5100,632,yes,30,5000
2025-05-20T12:04:13.500699,KXBTCD-25MAY2016-T105499.99,DELTA,32,1014,40,100,227,no,60,-5000
2025-05-20T12:04:13.501515,KXBTCD-25MAY2016-T105499.99,DELTA,32,1014,39,5000,228,no,61,5000
2025-05-20T12:04:13.501904,KXBTCD-25MAY2016-T105499.99,DELTA,32,1014,40,100,633,no,60,-5000
2025-05-20T12:04:13.502328,KXBTCD-25MAY2016-T105499.99,DELTA,32,1014,39,5000,634,no,61,5000
2025-05-20T12:04:13.520844,KXBTCD-25MAY2016-T105499.99,DELTA,32,14,39,5000,229,yes,32,-1000
2025-05-20T12:04:13.521729,KXBTCD-25MAY2016-T105499.99,DELTA,32,14,39,5000,635,yes,32,-1000
2025-05-20T12:04:13.742696,KXBTCD-25MAY2016-T105499.99,DELTA,32,14,39,5000,230,no,7,-20000
2025-05-20T12:04:13.743720,KXBTCD-25MAY2016-T105499.99,DELTA,32,14,39,5000,636,no,7,-20000
2025-05-20T12:04:13.761129,KXBTCD-25MAY2016-T105499.99,DELTA,32,14,39,5000,231,no,31,-2000
2025-05-20T12:04:13.761801,KXBTCD-25MAY2016-T105499.99,DELTA,32,14,39,5000,637,no,31,-2000
2025-05-20T12:04:14.156654,KXBTCD-25MAY2016-T105499.99,DELTA,32,14,39,5000,232,yes,31,100
2025-05-20T12:04:14.156660,KXBTCD-25MAY2016-T105499.99,DELTA,32,14,39,5000,638,yes,31,100
2025-05-20T12:04:14.157494,KXBTCD-25MAY2016-T105499.99,DELTA,32,14,39,5000,233,yes,31,2000
2025-05-20T12:04:14.157519,KXBTCD-25MAY2016-T105499.99,DELTA,32,14,39,5000,639,yes,31,2000
2025-05-20T12:04:14.157985,KXBTCD-25MAY2016-T105499.99,DELTA,32,14,39,5000,234,no,9,20000
2025-05-20T12:04:14.158173,KXBTCD-25MAY2016-T105499.99,DELTA,32,14,39,5000,640,no,9,20000
2025-05-20T12:04:14.158472,KXBTCD-25MAY2016-T105499.99,DELTA,32,14,39,5000,235,yes,30,1250
2025-05-20T12:04:14.158810,KXBTCD-25MAY2016-T105499.99,DELTA,32,14,39,5000,641,yes,30,1250
2025-05-20T12:04:14.158906,KXBTCD-25MAY2016-T105499.99,DELTA,32,14,39,5000,236,yes,31,1000
2025-05-20T12:04:14.159224,KXBTCD-25MAY2016-T105499.99,DELTA,32,14,39,5000,642,yes,31,1000
2025-05-20T12:04:14.159254,KXBTCD-25MAY2016-T105499.99,DELTA,32,14,39,5000,237,no,60,1000
2025-05-20T12:04:14.159440,KXBTCD-25MAY2016-T105499.99,DELTA,32,14,39,5000,643,no,60,1000
2025-05-20T12:04:14.159475,KXBTCD-25MAY2016-T105499.99,DELTA,32,14,39,5000,238,no,41,2000
2025-05-20T12:04:14.159637,KXBTCD-25MAY2016-T105499.99,DELTA,32,14,39,5000,644,no,41,2000
2025-05-20T12:04:14.159688,KXBTCD-25MAY2016-T105499.99,DELTA,32,14,39,5000,239,yes,31,20000
2025-05-20T12:04:14.159830,KXBTCD-25MAY2016-T105499.99,DELTA,32,14,39,5000,645,yes,31,20000
2025-05-20T12:04:14.159909,KXBTCD-25MAY2016-T105499.99,DELTA,32,14,39,5000,240,no,60,-100
2025-05-20T12:04:14.160060,KXBTCD-25MAY2016-T105499.99,DELTA,32,14,39,5000,646,no,60,-100
2025-05-20T12:04:14.161295,KXBTCD-25MAY2016-T105499.99,DELTA,32,14,39,5000,241,yes,31,-1000
2025-05-20T12:04:14.162373,KXBTCD-25MAY2016-T105499.99,DELTA,32,14,39,5000,647,yes,31,-1000
2025-05-20T12:04:14.202765,KXBTCD-25MAY2016-T105499.99,DELTA,32,14,39,5000,648,no,60,-1000
2025-05-20T12:04:14.213946,KXBTCD-25MAY2016-T105499.99,DELTA,32,14,39,5000,242,no,60,-1000
2025-05-20T12:04:14.242630,KXBTCD-25MAY2016-T105499.99,DELTA,32,1014,39,5000,649,yes,32,1000
2025-05-20T12:04:14.242630,KXBTCD-25MAY2016-T105499.99,DELTA,32,1014,39,5000,243,yes,32,1000
2025-05-20T12:04:14.243468,KXBTCD-25MAY2016-T105499.99,DELTA,32,1014,39,5000,650,yes,10,-3240
2025-05-20T12:04:14.243669,KXBTCD-25MAY2016-T105499.99,DELTA,32,1014,39,5000,244,yes,10,-3240
2025-05-20T12:04:14.243991,KXBTCD-25MAY2016-T105499.99,DELTA,32,1014,39,5000,651,yes,4,8100
2025-05-20T12:04:14.244222,KXBTCD-25MAY2016-T105499.99,DELTA,32,1014,39,5000,245,yes,4,8100
2025-05-20T12:04:14.280765,KXBTCD-25MAY2016-T105499.99,DELTA,32,1014,39,5000,246,no,8,-4050
2025-05-20T12:04:14.281479,KXBTCD-25MAY2016-T105499.99,DELTA,32,1014,39,5000,247,no,10,3240
2025-05-20T12:04:14.281778,KXBTCD-25MAY2016-T105499.99,DELTA,32,1014,39,5000,652,no,8,-4050
2025-05-20T12:04:14.282506,KXBTCD-25MAY2016-T105499.99,DELTA,32,1014,39,5000,653,no,10,3240
2025-05-20T12:04:14.322693,KXBTCD-25MAY2016-T105499.99,DELTA,32,1014,39,5000,654,no,3,-8000
2025-05-20T12:04:14.322693,KXBTCD-25MAY2016-T105499.99,DELTA,32,1014,39,5000,248,no,3,-8000
2025-05-20T12:04:14.343174,KXBTCD-25MAY2016-T105499.99,DELTA,32,1014,39,5000,655,no,41,1000
2025-05-20T12:04:14.343174,KXBTCD-25MAY2016-T105499.99,DELTA,32,1014,39,5000,249,no,41,1000
2025-05-20T12:04:14.421540,KXBTCD-25MAY2016-T105499.99,DELTA,32,1014,39,5000,250,no,4,8000
2025-05-20T12:04:14.422635,KXBTCD-25MAY2016-T105499.99,DELTA,32,1014,39,5000,656,no,4,8000
2025-05-20T12:04:14.521796,KXBTCD-25MAY2016-T105499.99,DELTA,32,1014,39,5000,251,no,9,-20000
2025-05-20T12:04:14.523235,KXBTCD-25MAY2016-T105499.99,DELTA,32,1014,39,5000,657,no,9,-20000
2025-05-20T12:04:14.560946,KXBTCD-25MAY2016-T105499.99,DELTA,32,1014,39,5000,252,no,11,20000
2025-05-20T12:04:14.562750,KXBTCD-25MAY2016-T105499.99,DELTA,32,1014,39,5000,658,no,11,20000
2025-05-20T12:04:15.180649,KXBTCD-25MAY2016-T105499.99,DELTA,32,1014,39,5100,253,no,61,100
2025-05-20T12:04:15.182210,KXBTCD-25MAY2016-T105499.99,DELTA,32,1014,39,5100,659,no,61,100
2025-05-20T12:04:15.220242,KXBTCD-25MAY2016-T105499.99,DELTA,32,1014,39,5100,254,no,10,-3240
2025-05-20T12:04:15.220508,KXBTCD-25MAY2016-T105499.99,DELTA,32,1014,39,5100,255,no,12,2700
2025-05-20T12:04:15.221970,KXBTCD-25MAY2016-T105499.99,DELTA,32,1014,39,5100,660,no,10,-3240
2025-05-20T12:04:15.222125,KXBTCD-25MAY2016-T105499.99,DELTA,32,1014,39,5100,661,no,12,2700
2025-05-20T12:04:15.280890,KXBTCD-25MAY2016-T105499.99,DELTA,32,1014,39,5100,256,no,11,-20000
2025-05-20T12:04:15.283335,KXBTCD-25MAY2016-T105499.99,DELTA,32,1014,39,5100,662,no,11,-20000
2025-05-20T12:04:15.440801,KXBTCD-25MAY2016-T105499.99,DELTA,32,1014,39,5100,257,yes,31,-100
2025-05-20T12:04:15.442665,KXBTCD-25MAY2016-T105499.99,DELTA,32,1014,39,5100,663,yes,31,-100
2025-05-20T12:04:15.521719,KXBTCD-25MAY2016-T105499.99,DELTA,32,14,39,5100,258,yes,32,-1000
2025-05-20T12:04:15.523081,KXBTCD-25MAY2016-T105499.99,DELTA,32,14,39,5100,664,yes,32,-1000
2025-05-20T12:04:15.580093,KXBTCD-25MAY2016-T105499.99,DELTA,32,14,39,5100,259,yes,31,1000
2025-05-20T12:04:15.581667,KXBTCD-25MAY2016-T105499.99,DELTA,32,14,39,5100,665,yes,31,1000
2025-05-20T12:04:16.100727,KXBTCD-25MAY2016-T105499.99,DELTA,32,14,39,5100,260,no,12,-2700
2025-05-20T12:04:16.101313,KXBTCD-25MAY2016-T105499.99,DELTA,32,14,39,5100,261,no,5,6480
2025-05-20T12:04:16.102528,KXBTCD-25MAY2016-T105499.99,DELTA,32,14,39,5100,666,no,12,-2700
2025-05-20T12:04:16.102807,KXBTCD-25MAY2016-T105499.99,DELTA,32,14,39,5100,667,no,5,6480
2025-05-20T12:04:16.181120,KXBTCD-25MAY2016-T105499.99,DELTA,32,14,39,5100,262,no,6,20000
2025-05-20T12:04:16.182663,KXBTCD-25MAY2016-T105499.99,DELTA,32,14,39,5100,668,no,6,20000
2025-05-20T12:04:16.521711,KXBTCD-25MAY2016-T105499.99,DELTA,32,114,39,5100,263,yes,32,100
2025-05-20T12:04:16.523682,KXBTCD-25MAY2016-T105499.99,DELTA,32,114,39,5100,669,yes,32,100
2025-05-20T12:04:16.602268,KXBTCD-25MAY2016-T105499.99,DELTA,32,114,39,5100,264,yes,31,-1000
2025-05-20T12:04:16.603983,KXBTCD-25MAY2016-T105499.99,DELTA,32,114,39,5100,670,yes,31,-1000
2025-05-20T12:04:16.642094,KXBTCD-25MAY2016-T105499.99,DELTA,33,1000,39,5100,265,yes,33,1000
2025-05-20T12:04:16.643817,KXBTCD-25MAY2016-T105499.99,DELTA,33,1000,39,5100,671,yes,33,1000
2025-05-20T12:04:16.981846,KXBTCD-25MAY2016-T105499.99,DELTA,33,1000,39,5100,266,no,5,-6480
2025-05-20T12:04:16.982793,KXBTCD-25MAY2016-T105499.99,DELTA,33,1000,39,5100,267,no,7,4628
2025-05-20T12:04:16.983168,KXBTCD-25MAY2016-T105499.99,DELTA,33,1000,39,5100,672,no,5,-6480
2025-05-20T12:04:16.983744,KXBTCD-25MAY2016-T105499.99,DELTA,33,1000,39,5100,673,no,7,4628
2025-05-20T12:04:17.042153,KXBTCD-25MAY2016-T105499.99,DELTA,33,1000,39,5100,268,no,6,-20000
2025-05-20T12:04:17.045089,KXBTCD-25MAY2016-T105499.99,DELTA,33,1000,39,5100,674,no,6,-20000
2025-05-20T12:04:17.082252,KXBTCD-25MAY2016-T105499.99,DELTA,33,1000,39,5100,269,no,8,20000
2025-05-20T12:04:17.082713,KXBTCD-25MAY2016-T105499.99,DELTA,33,1000,39,5100,675,no,8,20000
2025-05-20T12:04:19.892059,KXBTCD-25MAY2016-T105499.99,DELTA,33,1000,39,5100,676,no,7,-4628
2025-05-20T12:04:19.892206,KXBTCD-25MAY2016-T105499.99,DELTA,33,1000,39,5100,270,no,7,-4628
2025-05-20T12:04:19.892998,KXBTCD-25MAY2016-T105499.99,DELTA,33,1000,39,5100,677,no,9,3600
2025-05-20T12:04:19.893194,KXBTCD-25MAY2016-T105499.99,DELTA,33,1000,39,5100,271,no,9,3600
2025-05-20T12:04:19.893554,KXBTCD-25MAY2016-T105499.99,DELTA,33,1000,39,5100,678,no,8,-20000
2025-05-20T12:04:19.893797,KXBTCD-25MAY2016-T105499.99,DELTA,33,1000,39,5100,272,no,8,-20000
2025-05-20T12:04:19.921799,KXBTCD-25MAY2016-T105499.99,DELTA,33,1000,39,5100,273,no,10,20000
2025-05-20T12:04:19.923218,KXBTCD-25MAY2016-T105499.99,DELTA,33,1000,39,5100,679,no,10,20000
2025-05-20T12:04:20.923388,KXBTCD-25MAY2016-T105499.99,DELTA,33,1000,39,5100,274,yes,30,-1250
2025-05-20T12:04:20.924494,KXBTCD-25MAY2016-T105499.99,DELTA,33,1000,39,5100,680,yes,30,-1250
2025-05-20T12:04:20.942763,KXBTCD-25MAY2016-T105499.99,DELTA,33,1000,39,5100,275,no,41,-1000
2025-05-20T12:04:20.944286,KXBTCD-25MAY2016-T105499.99,DELTA,33,1000,39,5100,681,no,41,-1000
2025-05-20T12:04:20.982513,KXBTCD-25MAY2016-T105499.99,DELTA,33,1000,39,6100,276,no,61,1000
2025-05-20T12:04:20.984031,KXBTCD-25MAY2016-T105499.99,DELTA,33,1000,39,6100,682,no,61,1000
2025-05-20T12:04:21.839104,KXBTCD-25MAY2016-T105499.99,DELTA,33,1000,39,6100,683,no,9,-3600
2025-05-20T12:04:21.839104,KXBTCD-25MAY2016-T105499.99,DELTA,33,1000,39,6100,277,no,9,-3600
2025-05-20T12:04:21.839816,KXBTCD-25MAY2016-T105499.99,DELTA,33,1000,39,6100,684,no,11,2945
2025-05-20T12:04:21.839872,KXBTCD-25MAY2016-T105499.99,DELTA,33,1000,39,6100,278,no,11,2945
2025-05-20T12:04:21.840424,KXBTCD-25MAY2016-T105499.99,DELTA,33,1000,39,6100,685,no,10,-20000
2025-05-20T12:04:21.840533,KXBTCD-25MAY2016-T105499.99,DELTA,33,1000,39,6100,279,no,10,-20000
2025-05-20T12:04:22.342477,KXBTCD-25MAY2016-T105499.99,DELTA,33,1000,39,6097,280,no,61,-3
2025-05-20T12:04:22.344218,KXBTCD-25MAY2016-T105499.99,DELTA,33,1000,39,6097,686,no,61,-3
2025-05-20T12:04:22.401619,KXBTCD-25MAY2016-T105499.99,DELTA,33,1000,39,6100,281,no,61,3
2025-05-20T12:04:22.404110,KXBTCD-25MAY2016-T105499.99,DELTA,33,1000,39,6100,687,no,61,3
2025-05-20T12:04:22.641610,KXBTCD-25MAY2016-T105499.99,DELTA,33,1000,39,6100,282,no,11,-2945
2025-05-20T12:04:22.641888,KXBTCD-25MAY2016-T105499.99,DELTA,33,1000,39,6100,283,no,5,6480
2025-05-20T12:04:22.643400,KXBTCD-25MAY2016-T105499.99,DELTA,33,1000,39,6100,688,no,11,-2945
2025-05-20T12:04:22.643579,KXBTCD-25MAY2016-T105499.99,DELTA,33,1000,39,6100,689,no,5,6480
2025-05-20T12:04:22.741875,KXBTCD-25MAY2016-T105499.99,DELTA,33,1000,39,6100,284,no,6,20000
2025-05-20T12:04:22.744482,KXBTCD-25MAY2016-T105499.99,DELTA,33,1000,39,6100,690,no,6,20000
2025-05-20T12:04:23.064539,KXBTCD-25MAY2016-T105499.99,DELTA,33,1000,39,6100,285,yes,30,-5000
2025-05-20T12:04:23.064535,KXBTCD-25MAY2016-T105499.99,DELTA,33,1000,39,6100,691,yes,30,-5000
2025-05-20T12:04:23.068770,KXBTCD-25MAY2016-T105499.99,DELTA,33,1000,39,1100,692,no,61,-5000
2025-05-20T12:04:23.101440,KXBTCD-25MAY2016-T105499.99,DELTA,33,1000,39,1100,286,no,61,-5000
2025-05-20T12:04:23.304502,KXBTCD-25MAY2016-T105499.99,DELTA,33,1000,39,1100,287,yes,31,-20000
2025-05-20T12:04:23.306124,KXBTCD-25MAY2016-T105499.99,DELTA,33,1000,39,1100,693,yes,31,-20000
2025-05-20T12:04:23.323720,KXBTCD-25MAY2016-T105499.99,DELTA,33,1000,39,1100,288,yes,31,-2000
2025-05-20T12:04:23.327303,KXBTCD-25MAY2016-T105499.99,DELTA,33,1000,39,1100,694,yes,31,-2000
2025-05-20T12:04:23.523600,KXBTCD-25MAY2016-T105499.99,DELTA,33,1000,39,1100,289,no,5,-6480
2025-05-20T12:04:23.524569,KXBTCD-25MAY2016-T105499.99,DELTA,33,1000,39,1100,290,no,7,4628
2025-05-20T12:04:23.526892,KXBTCD-25MAY2016-T105499.99,DELTA,33,1000,39,1100,695,no,5,-6480
2025-05-20T12:04:23.527714,KXBTCD-25MAY2016-T105499.99,DELTA,33,1000,39,1100,696,no,7,4628
2025-05-20T12:04:23.886474,KXBTCD-25MAY2016-T105499.99,DELTA,33,1000,39,1100,697,yes,5,2000
2025-05-20T12:04:23.886491,KXBTCD-25MAY2016-T105499.99,DELTA,33,1000,39,1100,291,yes,5,2000
2025-05-20T12:04:24.002620,KXBTCD-25MAY2016-T105499.99,DELTA,33,1000,39,1100,292,no,6,-20000
2025-05-20T12:04:24.004522,KXBTCD-25MAY2016-T105499.99,DELTA,33,1000,39,1100,698,no,6,-20000
2025-05-20T12:04:24.385760,KXBTCD-25MAY2016-T105499.99,DELTA,33,1000,39,6100,293,no,61,5000
2025-05-20T12:04:24.387574,KXBTCD-25MAY2016-T105499.99,DELTA,33,1000,39,6100,699,no,61,5000
2025-05-20T12:04:24.504474,KXBTCD-25MAY2016-T105499.99,DELTA,33,1000,39,6100,294,yes,30,5000
2025-05-20T12:04:24.506366,KXBTCD-25MAY2016-T105499.99,DELTA,33,1000,39,6100,295,yes,5,20000
2025-05-20T12:04:24.509530,KXBTCD-25MAY2016-T105499.99,DELTA,33,1000,39,6100,700,yes,30,5000
2025-05-20T12:04:24.511474,KXBTCD-25MAY2016-T105499.99,DELTA,33,1000,39,6100,701,yes,5,20000
2025-05-20T12:04:24.581977,KXBTCD-25MAY2016-T105499.99,DELTA,33,1000,39,6100,296,no,8,20000
2025-05-20T12:04:24.583812,KXBTCD-25MAY2016-T105499.99,DELTA,33,1000,39,6100,702,no,8,20000
2025-05-20T12:04:24.704273,KXBTCD-25MAY2016-T105499.99,DELTA,33,1000,39,6100,297,yes,4,-8100
2025-05-20T12:04:24.704417,KXBTCD-25MAY2016-T105499.99,DELTA,33,1000,39,6100,298,yes,6,5400
2025-05-20T12:04:24.710066,KXBTCD-25MAY2016-T105499.99,DELTA,33,1000,39,6100,703,yes,4,-8100
2025-05-20T12:04:24.710211,KXBTCD-25MAY2016-T105499.99,DELTA,33,1000,39,6100,704,yes,6,5400
2025-05-20T12:04:25.217984,KXBTCD-25MAY2016-T105499.99,DELTA,33,1000,39,6100,299,no,7,-4628
2025-05-20T12:04:25.217949,KXBTCD-25MAY2016-T105499.99,DELTA,33,1000,39,6100,705,no,7,-4628
2025-05-20T12:04:25.218868,KXBTCD-25MAY2016-T105499.99,DELTA,33,1000,39,6100,300,no,5,6480
2025-05-20T12:04:25.219090,KXBTCD-25MAY2016-T105499.99,DELTA,33,1000,39,6100,706,no,5,6480
2025-05-20T12:04:25.219498,KXBTCD-25MAY2016-T105499.99,DELTA,33,1000,39,1100,301,no,61,-5000
2025-05-20T12:04:25.219735,KXBTCD-25MAY2016-T105499.99,DELTA,33,1000,39,1100,707,no,61,-5000
2025-05-20T12:04:25.220117,KXBTCD-25MAY2016-T105499.99,DELTA,33,1000,39,1100,302,no,60,5000
2025-05-20T12:04:25.220381,KXBTCD-25MAY2016-T105499.99,DELTA,33,1000,39,1100,708,no,60,5000
2025-05-20T12:04:25.220602,KXBTCD-25MAY2016-T105499.99,DELTA,33,1000,39,100,303,no,61,-1000
2025-05-20T12:04:25.220914,KXBTCD-25MAY2016-T105499.99,DELTA,33,1000,39,100,709,no,61,-1000
2025-05-20T12:04:25.221045,KXBTCD-25MAY2016-T105499.99,DELTA,33,1000,39,100,304,yes,5,-20000
2025-05-20T12:04:25.221365,KXBTCD-25MAY2016-T105499.99,DELTA,33,1000,39,100,710,yes,5,-20000
2025-05-20T12:04:25.422501,KXBTCD-25MAY2016-T105499.99,DELTA,33,1000,39,100,305,yes,30,-5000
2025-05-20T12:04:25.422502,KXBTCD-25MAY2016-T105499.99,DELTA,33,1000,39,100,711,yes,30,-5000
2025-05-20T12:04:25.423352,KXBTCD-25MAY2016-T105499.99,DELTA,33,1000,39,100,306,yes,31,5000
2025-05-20T12:04:25.423429,KXBTCD-25MAY2016-T105499.99,DELTA,33,1000,39,100,712,yes,31,5000
2025-05-20T12:04:25.423864,KXBTCD-25MAY2016-T105499.99,DELTA,33,1000,39,100,307,yes,5,-2000
2025-05-20T12:04:25.424022,KXBTCD-25MAY2016-T105499.99,DELTA,33,1000,39,100,713,yes,5,-2000
2025-05-20T12:04:25.481875,KXBTCD-25MAY2016-T105499.99,DELTA,33,1000,39,100,308,yes,31,1250
2025-05-20T12:04:25.483647,KXBTCD-25MAY2016-T105499.99,DELTA,33,1000,39,100,714,yes,31,1250
2025-05-20T12:04:25.934654,KXBTCD-25MAY2016-T105499.99,DELTA,33,1000,39,100,309,no,8,-20000
2025-05-20T12:04:25.934654,KXBTCD-25MAY2016-T105499.99,DELTA,33,1000,39,100,715,no,8,-20000
2025-05-20T12:04:26.445556,KXBTCD-25MAY2016-T105499.99,DELTA,33,1000,39,100,716,yes,32,-100
2025-05-20T12:04:26.445561,KXBTCD-25MAY2016-T105499.99,DELTA,33,1000,39,100,310,yes,32,-100
2025-05-20T12:04:26.482910,KXBTCD-25MAY2016-T105499.99,DELTA,33,1000,39,100,311,no,6,20000
2025-05-20T12:04:26.483134,KXBTCD-25MAY2016-T105499.99,DELTA,33,1000,39,100,312,yes,32,2000
2025-05-20T12:04:26.483218,KXBTCD-25MAY2016-T105499.99,DELTA,33,1000,39,100,313,yes,32,20000
2025-05-20T12:04:26.483366,KXBTCD-25MAY2016-T105499.99,DELTA,33,1000,39,100,314,no,41,1000
2025-05-20T12:04:26.483499,KXBTCD-25MAY2016-T105499.99,DELTA,33,1000,39,100,717,no,6,20000
2025-05-20T12:04:26.483643,KXBTCD-25MAY2016-T105499.99,DELTA,33,1000,39,100,718,yes,32,2000
2025-05-20T12:04:26.483909,KXBTCD-25MAY2016-T105499.99,DELTA,33,1000,39,100,719,yes,32,20000
2025-05-20T12:04:26.485296,KXBTCD-25MAY2016-T105499.99,DELTA,33,1000,39,100,720,no,41,1000
2025-05-20T12:04:26.502767,KXBTCD-25MAY2016-T105499.99,DELTA,33,1000,40,5000,315,no,61,-100
2025-05-20T12:04:26.502935,KXBTCD-25MAY2016-T105499.99,DELTA,32,22014,40,5000,316,yes,33,-1000
2025-05-20T12:04:26.504097,KXBTCD-25MAY2016-T105499.99,DELTA,33,1000,40,5000,721,no,61,-100
2025-05-20T12:04:26.504376,KXBTCD-25MAY2016-T105499.99,DELTA,32,22014,40,5000,722,yes,33,-1000
2025-05-20T12:04:26.602680,KXBTCD-25MAY2016-T105499.99,DELTA,32,22014,40,5000,317,yes,6,-5400
2025-05-20T12:04:26.603090,KXBTCD-25MAY2016-T105499.99,DELTA,32,22014,40,5000,318,yes,4,8100
2025-05-20T12:04:26.604336,KXBTCD-25MAY2016-T105499.99,DELTA,32,22014,40,5000,723,yes,6,-5400
2025-05-20T12:04:26.604615,KXBTCD-25MAY2016-T105499.99,DELTA,32,22014,40,5000,724,yes,4,8100
2025-05-20T12:04:26.683412,KXBTCD-25MAY2016-T105499.99,DELTA,32,23014,40,5000,319,yes,32,1000
2025-05-20T12:04:26.685754,KXBTCD-25MAY2016-T105499.99,DELTA,32,23014,40,5000,725,yes,32,1000
2025-05-20T12:04:26.782869,KXBTCD-25MAY2016-T105499.99,DELTA,32,23014,40,5000,320,no,5,-6480
2025-05-20T12:04:26.783545,KXBTCD-25MAY2016-T105499.99,DELTA,32,23014,40,5000,321,no,7,4628
2025-05-20T12:04:26.784422,KXBTCD-25MAY2016-T105499.99,DELTA,32,23014,40,5000,726,no,5,-6480
2025-05-20T12:04:26.785155,KXBTCD-25MAY2016-T105499.99,DELTA,32,23014,40,5000,727,no,7,4628
2025-05-20T12:04:26.987258,KXBTCD-25MAY2016-T105499.99,DELTA,32,23014,40,5000,728,no,6,-20000
2025-05-20T12:04:26.990677,KXBTCD-25MAY2016-T105499.99,DELTA,32,23014,40,5000,322,no,6,-20000
2025-05-20T12:04:27.022668,KXBTCD-25MAY2016-T105499.99,DELTA,32,23014,40,5000,323,no,8,20000
2025-05-20T12:04:27.024073,KXBTCD-25MAY2016-T105499.99,DELTA,32,23014,40,5000,729,no,8,20000
2025-05-20T12:04:27.469174,KXBTCD-25MAY2016-T105499.99,DELTA,32,23114,40,5000,324,yes,32,100
2025-05-20T12:04:27.469175,KXBTCD-25MAY2016-T105499.99,DELTA,32,23114,40,5000,730,yes,32,100
2025-05-20T12:04:27.503082,KXBTCD-25MAY2016-T105499.99,DELTA,32,22114,40,5000,325,yes,32,-1000
2025-05-20T12:04:27.504659,KXBTCD-25MAY2016-T105499.99,DELTA,32,22114,40,5000,731,yes,32,-1000
2025-05-20T12:04:27.563156,KXBTCD-25MAY2016-T105499.99,DELTA,33,1000,40,5000,326,yes,33,1000
2025-05-20T12:04:27.564946,KXBTCD-25MAY2016-T105499.99,DELTA,33,1000,40,5000,732,yes,33,1000
2025-05-20T12:04:27.704289,KXBTCD-25MAY2016-T105499.99,DELTA,33,1000,40,5000,327,yes,32,-100
2025-05-20T12:04:27.706472,KXBTCD-25MAY2016-T105499.99,DELTA,33,1000,40,5000,733,yes,32,-100
2025-05-20T12:04:27.862436,KXBTCD-25MAY2016-T105499.99,DELTA,32,22014,40,5000,328,yes,33,-1000
2025-05-20T12:04:27.864921,KXBTCD-25MAY2016-T105499.99,DELTA,32,22014,40,5000,734,yes,33,-1000
2025-05-20T12:04:27.983767,KXBTCD-25MAY2016-T105499.99,DELTA,32,23014,40,5000,329,yes,32,1000
2025-05-20T12:04:27.984851,KXBTCD-25MAY2016-T105499.99,DELTA,32,23014,40,5100,330,no,60,100
2025-05-20T12:04:27.986394,KXBTCD-25MAY2016-T105499.99,DELTA,32,23014,40,5000,735,yes,32,1000
2025-05-20T12:04:27.987416,KXBTCD-25MAY2016-T105499.99,DELTA,32,23014,40,5100,736,no,60,100
2025-05-20T12:04:28.042973,KXBTCD-25MAY2016-T105499.99,DELTA,32,23014,40,5100,331,yes,31,-1250
2025-05-20T12:04:28.046207,KXBTCD-25MAY2016-T105499.99,DELTA,32,23014,40,5100,737,yes,31,-1250
2025-05-20T12:04:28.062012,KXBTCD-25MAY2016-T105499.99,DELTA,33,14,40,5100,332,yes,33,14
2025-05-20T12:04:28.062297,KXBTCD-25MAY2016-T105499.99,DELTA,33,14,40,5100,333,yes,32,-14
2025-05-20T12:04:28.065261,KXBTCD-25MAY2016-T105499.99,DELTA,33,14,40,5100,738,yes,33,14
2025-05-20T12:04:28.065387,KXBTCD-25MAY2016-T105499.99,DELTA,33,14,40,5100,739,yes,32,-14
2025-05-20T12:04:28.082599,KXBTCD-25MAY2016-T105499.99,DELTA,33,14,40,5100,334,no,55,14
2025-05-20T12:04:28.082765,KXBTCD-25MAY2016-T105499.99,DELTA,33,14,40,5100,335,no,56,-14
2025-05-20T12:04:28.085246,KXBTCD-25MAY2016-T105499.99,DELTA,33,14,40,5100,740,no,55,14
2025-05-20T12:04:28.085351,KXBTCD-25MAY2016-T105499.99,DELTA,33,14,40,5100,741,no,56,-14
2025-05-20T12:04:28.102220,KXBTCD-25MAY2016-T105499.99,DELTA,33,14,40,5100,336,yes,32,1250
2025-05-20T12:04:28.104853,KXBTCD-25MAY2016-T105499.99,DELTA,33,14,40,5100,742,yes,32,1250
2025-05-20T12:04:28.143001,KXBTCD-25MAY2016-T105499.99,DELTA,33,14,40,100,337,no,60,-5000
2025-05-20T12:04:28.143208,KXBTCD-25MAY2016-T105499.99,DELTA,33,14,40,100,338,no,59,5000
2025-05-20T12:04:28.146604,KXBTCD-25MAY2016-T105499.99,DELTA,33,14,40,100,743,no,60,-5000
