timestamp,market_ticker,type,yes_bid_price_cents,yes_bid_qty,yes_ask_price_cents,yes_ask_qty_on_no_side,sequence_num,delta_side,delta_price_cents,delta_quantity
2025-05-23T17:00:32.611289,KXBTCD-25MAY2321-T106499.99,SNAPSHOT,81,100,89,100,1,,,
2025-05-23T17:00:35.572387,KXBTCD-25MAY2321-T106499.99,DELTA,70,200,89,100,2,yes,81,-100
2025-05-23T17:00:36.316092,KXBTCD-25MAY2321-T106499.99,DELTA,82,100,89,100,3,yes,82,100
2025-05-23T17:00:36.437067,KXBTCD-25MAY2321-T106499.99,DELTA,82,100,,0,4,no,11,-100
2025-05-23T17:00:37.936387,KXBTCD-25MAY2321-T106499.99,DELTA,82,100,90,100,5,no,10,100
2025-05-23T17:00:42.960872,KXBTCD-25MAY2321-T106499.99,DELTA,70,200,90,100,6,yes,82,-100
2025-05-23T17:00:44.277180,KXBTCD-25MAY2321-T106499.99,DELTA,83,100,90,100,7,yes,83,100
2025-05-23T17:00:48.438608,KXBTCD-25MAY2321-T106499.99,DELTA,83,100,90,100,8,yes,49,8000
2025-05-23T17:00:48.439177,KXBTCD-25MAY2321-T106499.99,DELTA,83,100,90,100,9,yes,74,3000
2025-05-23T17:00:48.457003,KXBTCD-25MAY2321-T106499.99,DELTA,83,100,90,100,10,no,3,80000
2025-05-23T17:00:48.458029,KXBTCD-25MAY2321-T106499.99,DELTA,83,100,90,100,11,yes,3,80000
2025-05-23T17:00:49.057863,KXBTCD-25MAY2321-T106499.99,DELTA,83,100,90,100,12,yes,1,-32400
2025-05-23T17:00:49.058598,KXBTCD-25MAY2321-T106499.99,DELTA,83,100,90,100,13,yes,4,8100
2025-05-23T17:00:49.397865,KXBTCD-25MAY2321-T106499.99,DELTA,83,100,90,100,14,yes,71,2000
2025-05-23T17:00:49.424047,KXBTCD-25MAY2321-T106499.99,DELTA,83,100,90,100,15,yes,5,20000
2025-05-23T17:00:49.438027,KXBTCD-25MAY2321-T106499.99,DELTA,84,1000,90,100,16,yes,84,1000
2025-05-23T17:00:51.986668,KXBTCD-25MAY2321-T106499.99,DELTA,84,1000,90,100,17,yes,4,-8100
2025-05-23T17:00:51.987321,KXBTCD-25MAY2321-T106499.99,DELTA,84,1000,90,100,18,yes,6,5400
2025-05-23T17:00:51.987669,KXBTCD-25MAY2321-T106499.99,DELTA,84,1000,90,100,19,yes,5,-20000
2025-05-23T17:00:52.017882,KXBTCD-25MAY2321-T106499.99,DELTA,84,1000,90,100,20,yes,7,20000
2025-05-23T17:00:54.738388,KXBTCD-25MAY2321-T106499.99,DELTA,84,1000,90,100,21,yes,74,-3000
2025-05-23T17:00:54.739422,KXBTCD-25MAY2321-T106499.99,DELTA,84,1000,90,100,22,yes,49,-8000
2025-05-23T17:00:54.817837,KXBTCD-25MAY2321-T106499.99,DELTA,84,1000,90,100,23,yes,48,8000
2025-05-23T17:00:54.818482,KXBTCD-25MAY2321-T106499.99,DELTA,84,1000,90,100,24,yes,73,3000
2025-05-23T17:00:55.797282,KXBTCD-25MAY2321-T106499.99,DELTA,84,1000,90,100,25,yes,6,-5400
2025-05-23T17:00:55.798129,KXBTCD-25MAY2321-T106499.99,DELTA,84,1000,90,100,26,yes,48,675
2025-05-23T17:00:55.857809,KXBTCD-25MAY2321-T106499.99,DELTA,84,1000,90,100,27,yes,7,-20000
2025-05-23T17:00:56.056460,KXBTCD-25MAY2321-T106499.99,DELTA,84,1000,90,100,28,yes,83,-100
2025-05-23T17:00:56.057081,KXBTCD-25MAY2321-T106499.99,DELTA,84,1000,97,80000,29,no,10,-100
2025-05-23T17:00:56.116984,KXBTCD-25MAY2321-T106499.99,DELTA,73,3000,97,80000,30,yes,84,-1000
2025-05-23T17:00:56.156932,KXBTCD-25MAY2321-T106499.99,DELTA,73,3000,97,80000,31,yes,71,1000
2025-05-23T17:00:57.056223,KXBTCD-25MAY2321-T106499.99,DELTA,81,100,97,80000,32,yes,81,100
2025-05-23T17:00:57.076631,KXBTCD-25MAY2321-T106499.99,DELTA,81,100,89,100,33,no,11,100
2025-05-23T17:00:57.117673,KXBTCD-25MAY2321-T106499.99,DELTA,81,100,89,100,34,yes,71,-1000
2025-05-23T17:00:57.155867,KXBTCD-25MAY2321-T106499.99,DELTA,82,1000,89,100,35,yes,82,1000
2025-05-23T17:00:59.479210,KXBTCD-25MAY2321-T106499.99,DELTA,82,1000,89,100,36,yes,73,-3000
2025-05-23T17:00:59.497417,KXBTCD-25MAY2321-T106499.99,DELTA,82,1000,89,100,37,yes,48,-8000
2025-05-23T17:00:59.556956,KXBTCD-25MAY2321-T106499.99,DELTA,82,1000,89,100,38,yes,47,8000
2025-05-23T17:00:59.578885,KXBTCD-25MAY2321-T106499.99,DELTA,82,1000,89,100,39,yes,72,3000
2025-05-23T17:01:00.216046,KXBTCD-25MAY2321-T106499.99,DELTA,82,1000,97,80000,40,no,11,-100
2025-05-23T17:01:01.315760,KXBTCD-25MAY2321-T106499.99,DELTA,82,1000,88,100,41,no,12,100
2025-05-23T17:01:02.057672,KXBTCD-25MAY2321-T106499.99,DELTA,82,1000,88,100,42,yes,81,-100
2025-05-23T17:01:02.117239,KXBTCD-25MAY2321-T106499.99,DELTA,72,3000,88,100,43,yes,82,-1000
2025-05-23T17:01:02.157458,KXBTCD-25MAY2321-T106499.99,DELTA,72,3000,88,100,44,yes,71,1000
2025-05-23T17:01:02.758172,KXBTCD-25MAY2321-T106499.99,DELTA,72,3000,97,80000,45,no,12,-100
2025-05-23T17:01:03.317335,KXBTCD-25MAY2321-T106499.99,DELTA,79,100,97,80000,46,yes,79,100
2025-05-23T17:01:03.377591,KXBTCD-25MAY2321-T106499.99,DELTA,79,100,97,80000,47,yes,71,-1000
2025-05-23T17:01:03.416990,KXBTCD-25MAY2321-T106499.99,DELTA,80,1000,97,80000,48,yes,80,1000
2025-05-23T17:01:03.675751,KXBTCD-25MAY2321-T106499.99,DELTA,80,1000,97,80000,49,yes,79,-100
2025-05-23T17:01:03.736708,KXBTCD-25MAY2321-T106499.99,DELTA,72,3000,97,80000,50,yes,80,-1000
2025-05-23T17:01:03.776793,KXBTCD-25MAY2321-T106499.99,DELTA,72,3000,97,80000,51,yes,71,1000
2025-05-23T17:01:03.856580,KXBTCD-25MAY2321-T106499.99,DELTA,72,3000,89,100,52,no,11,100
2025-05-23T17:01:04.098416,KXBTCD-25MAY2321-T106499.99,DELTA,72,3000,97,80000,53,no,11,-100
2025-05-23T17:01:04.496642,KXBTCD-25MAY2321-T106499.99,DELTA,79,100,97,80000,54,yes,79,100
2025-05-23T17:01:04.558723,KXBTCD-25MAY2321-T106499.99,DELTA,79,100,97,80000,55,yes,71,-1000
2025-05-23T17:01:04.596988,KXBTCD-25MAY2321-T106499.99,DELTA,80,1000,97,80000,56,yes,80,1000
2025-05-23T17:01:05.116142,KXBTCD-25MAY2321-T106499.99,DELTA,80,1000,87,100,57,no,13,100
2025-05-23T17:01:05.576187,KXBTCD-25MAY2321-T106499.99,DELTA,80,1000,87,100,58,yes,79,-100
2025-05-23T17:01:05.638150,KXBTCD-25MAY2321-T106499.99,DELTA,72,3000,87,100,59,yes,80,-1000
2025-05-23T17:01:05.676229,KXBTCD-25MAY2321-T106499.99,DELTA,72,3000,87,100,60,yes,71,1000
2025-05-23T17:01:07.038664,KXBTCD-25MAY2321-T106499.99,DELTA,79,100,87,100,61,yes,79,100
2025-05-23T17:01:07.097382,KXBTCD-25MAY2321-T106499.99,DELTA,79,100,87,100,62,yes,71,-1000
2025-05-23T17:01:07.157971,KXBTCD-25MAY2321-T106499.99,DELTA,80,1000,87,100,63,yes,80,1000
2025-05-23T17:01:07.797387,KXBTCD-25MAY2321-T106499.99,DELTA,80,1000,87,100,64,yes,79,-100
2025-05-23T17:01:07.955939,KXBTCD-25MAY2321-T106499.99,DELTA,72,3000,87,100,65,yes,80,-1000
2025-05-23T17:01:08.015132,KXBTCD-25MAY2321-T106499.99,DELTA,72,3000,87,100,66,yes,71,1000
2025-05-23T17:01:08.737283,KXBTCD-25MAY2321-T106499.99,DELTA,79,100,87,100,67,yes,79,100
2025-05-23T17:01:08.815684,KXBTCD-25MAY2321-T106499.99,DELTA,79,100,87,100,68,yes,71,-1000
2025-05-23T17:01:08.855787,KXBTCD-25MAY2321-T106499.99,DELTA,80,1000,87,100,69,yes,80,1000
2025-05-23T17:01:08.957262,KXBTCD-25MAY2321-T106499.99,DELTA,80,1000,87,100,70,yes,79,-100
2025-05-23T17:01:09.037127,KXBTCD-25MAY2321-T106499.99,DELTA,72,3000,87,100,71,yes,80,-1000
2025-05-23T17:01:09.102051,KXBTCD-25MAY2321-T106499.99,DELTA,72,3000,87,100,72,yes,71,1000
2025-05-23T17:01:09.216029,KXBTCD-25MAY2321-T106499.99,DELTA,72,3000,97,80000,73,no,13,-100
2025-05-23T17:01:10.196363,KXBTCD-25MAY2321-T106499.99,DELTA,81,100,97,80000,74,yes,81,100
2025-05-23T17:01:10.279173,KXBTCD-25MAY2321-T106499.99,DELTA,81,100,97,80000,75,yes,71,-1000
2025-05-23T17:01:10.316356,KXBTCD-25MAY2321-T106499.99,DELTA,82,1000,97,80000,76,yes,82,1000
2025-05-23T17:01:10.836127,KXBTCD-25MAY2321-T106499.99,DELTA,82,1000,89,100,77,no,11,100
2025-05-23T17:01:12.536563,KXBTCD-25MAY2321-T106499.99,DELTA,82,1000,89,100,78,yes,72,-3000
2025-05-23T17:01:12.536721,KXBTCD-25MAY2321-T106499.99,DELTA,82,1000,89,100,79,yes,47,-8000
2025-05-23T17:01:12.595679,KXBTCD-25MAY2321-T106499.99,DELTA,82,1000,89,100,80,yes,45,8000
2025-05-23T17:01:12.616273,KXBTCD-25MAY2321-T106499.99,DELTA,82,1000,89,100,81,yes,71,3000
2025-05-23T17:01:12.695427,KXBTCD-25MAY2321-T106499.99,DELTA,82,1000,97,80000,82,no,11,-100
2025-05-23T17:01:12.755103,KXBTCD-25MAY2321-T106499.99,DELTA,82,1000,89,1000,83,no,11,1000
2025-05-23T17:01:12.802962,KXBTCD-25MAY2321-T106499.99,DELTA,82,1000,97,80000,84,no,11,-1000
2025-05-23T17:01:13.136992,KXBTCD-25MAY2321-T106499.99,DELTA,82,1000,97,80000,85,yes,48,-675
2025-05-23T17:01:13.137305,KXBTCD-25MAY2321-T106499.99,DELTA,82,1000,97,80000,86,yes,46,704
2025-05-23T17:01:14.258124,KXBTCD-25MAY2321-T106499.99,DELTA,82,1000,88,100,87,no,12,100
2025-05-23T17:01:14.318168,KXBTCD-25MAY2321-T106499.99,DELTA,82,1000,88,100,88,yes,71,-2000
2025-05-23T17:01:14.318627,KXBTCD-25MAY2321-T106499.99,DELTA,81,100,88,100,89,yes,82,-1000
2025-05-23T17:01:14.436724,KXBTCD-25MAY2321-T106499.99,DELTA,81,100,88,100,90,yes,71,-3000
2025-05-23T17:01:14.535902,KXBTCD-25MAY2321-T106499.99,DELTA,81,100,88,100,91,yes,70,3000
2025-05-23T17:01:14.636902,KXBTCD-25MAY2321-T106499.99,DELTA,81,100,88,100,92,yes,70,-200
2025-05-23T17:01:14.637565,KXBTCD-25MAY2321-T106499.99,DELTA,81,100,88,100,93,yes,60,200
2025-05-23T17:01:14.896177,KXBTCD-25MAY2321-T106499.99,DELTA,81,100,88,1100,94,no,12,1000
2025-05-23T17:01:15.037091,KXBTCD-25MAY2321-T106499.99,DELTA,70,3000,88,1100,95,yes,81,-100
2025-05-23T17:01:15.056800,KXBTCD-25MAY2321-T106499.99,DELTA,70,3000,88,1000,96,no,12,-100
2025-05-23T17:01:15.076604,KXBTCD-25MAY2321-T106499.99,DELTA,70,3000,88,1000,97,yes,61,2000
2025-05-23T17:01:15.156330,KXBTCD-25MAY2321-T106499.99,DELTA,70,3000,97,80000,98,no,12,-1000
2025-05-23T17:01:15.476273,KXBTCD-25MAY2321-T106499.99,DELTA,70,3000,97,80000,99,yes,61,1000
2025-05-23T17:01:15.935874,KXBTCD-25MAY2321-T106499.99,DELTA,78,100,97,80000,100,yes,78,100
2025-05-23T17:01:15.936317,KXBTCD-25MAY2321-T106499.99,DELTA,78,100,86,100,101,no,14,100
2025-05-23T17:01:16.035528,KXBTCD-25MAY2321-T106499.99,DELTA,78,100,86,100,102,yes,61,-1000
2025-05-23T17:01:16.117998,KXBTCD-25MAY2321-T106499.99,DELTA,79,1000,86,100,103,yes,79,1000
2025-05-23T17:01:17.378031,KXBTCD-25MAY2321-T106499.99,DELTA,79,1000,86,100,104,yes,78,-100
2025-05-23T17:01:17.437094,KXBTCD-25MAY2321-T106499.99,DELTA,70,3000,86,100,105,yes,79,-1000
2025-05-23T17:01:17.495484,KXBTCD-25MAY2321-T106499.99,DELTA,70,3000,86,100,106,yes,61,1000
2025-05-23T17:01:17.596536,KXBTCD-25MAY2321-T106499.99,DELTA,70,3000,97,80000,107,no,14,-100
2025-05-23T17:01:19.118343,KXBTCD-25MAY2321-T106499.99,DELTA,79,100,97,80000,108,yes,79,100
2025-05-23T17:01:19.195944,KXBTCD-25MAY2321-T106499.99,DELTA,79,100,87,100,109,no,13,100
2025-05-23T17:01:19.215827,KXBTCD-25MAY2321-T106499.99,DELTA,79,100,87,100,110,yes,61,-1000
2025-05-23T17:01:19.316447,KXBTCD-25MAY2321-T106499.99,DELTA,80,1000,87,100,111,yes,80,1000
2025-05-23T17:01:19.516842,KXBTCD-25MAY2321-T106499.99,DELTA,80,1000,97,80000,112,no,13,-100
2025-05-23T17:01:20.515106,KXBTCD-25MAY2321-T106499.99,DELTA,80,1000,86,100,113,no,14,100
2025-05-23T17:01:21.102280,KXBTCD-25MAY2321-T106499.99,DELTA,80,1000,86,100,114,yes,46,-704
2025-05-23T17:01:21.103179,KXBTCD-25MAY2321-T106499.99,DELTA,80,1000,86,100,115,yes,4,8100
2025-05-23T17:01:21.495407,KXBTCD-25MAY2321-T106499.99,DELTA,80,1000,86,100,116,yes,5,20000
2025-05-23T17:01:21.495616,KXBTCD-25MAY2321-T106499.99,DELTA,80,1000,86,100,117,yes,60,-200
2025-05-23T17:01:21.495991,KXBTCD-25MAY2321-T106499.99,DELTA,80,1000,86,100,118,yes,70,200
2025-05-23T17:01:21.581332,KXBTCD-25MAY2321-T106499.99,DELTA,80,1000,86,100,119,yes,61,-2000
2025-05-23T17:01:21.635760,KXBTCD-25MAY2321-T106499.99,DELTA,80,1000,86,100,120,yes,71,2000
2025-05-23T17:01:22.497791,KXBTCD-25MAY2321-T106499.99,DELTA,80,1000,86,100,121,yes,4,-8100
2025-05-23T17:01:22.498052,KXBTCD-25MAY2321-T106499.99,DELTA,80,1000,86,100,122,yes,6,5400
2025-05-23T17:01:22.556237,KXBTCD-25MAY2321-T106499.99,DELTA,80,1000,86,100,123,yes,5,-20000
2025-05-23T17:01:22.596029,KXBTCD-25MAY2321-T106499.99,DELTA,80,1000,86,100,124,yes,7,20000
2025-05-23T17:01:22.956707,KXBTCD-25MAY2321-T106499.99,DELTA,80,1000,86,100,125,yes,70,-200
2025-05-23T17:01:22.956862,KXBTCD-25MAY2321-T106499.99,DELTA,80,1000,86,100,126,yes,60,200
2025-05-23T17:01:23.017035,KXBTCD-25MAY2321-T106499.99,DELTA,80,1000,86,100,127,yes,71,-2000
2025-05-23T17:01:23.057828,KXBTCD-25MAY2321-T106499.99,DELTA,80,1000,86,100,128,yes,61,2000
2025-05-23T17:01:23.677247,KXBTCD-25MAY2321-T106499.99,DELTA,80,1000,86,100,129,yes,6,-5400
2025-05-23T17:01:23.677420,KXBTCD-25MAY2321-T106499.99,DELTA,80,1000,86,100,130,yes,8,4050
2025-05-23T17:01:23.756865,KXBTCD-25MAY2321-T106499.99,DELTA,80,1000,86,100,131,yes,7,-20000
2025-05-23T17:01:23.797183,KXBTCD-25MAY2321-T106499.99,DELTA,80,1000,86,100,132,yes,9,20000
2025-05-23T17:01:24.960498,KXBTCD-25MAY2321-T106499.99,DELTA,80,1000,86,100,133,yes,8,-4050
2025-05-23T17:01:24.961539,KXBTCD-25MAY2321-T106499.99,DELTA,80,1000,86,100,134,yes,10,3240
2025-05-23T17:01:24.996745,KXBTCD-25MAY2321-T106499.99,DELTA,80,1000,86,100,135,yes,9,-20000
2025-05-23T17:01:25.077341,KXBTCD-25MAY2321-T106499.99,DELTA,80,1000,86,100,136,yes,11,20000
2025-05-23T17:01:26.138369,KXBTCD-25MAY2321-T106499.99,DELTA,80,1000,86,100,137,yes,10,-3240
2025-05-23T17:01:26.139272,KXBTCD-25MAY2321-T106499.99,DELTA,80,1000,86,100,138,yes,12,2700
2025-05-23T17:01:26.215139,KXBTCD-25MAY2321-T106499.99,DELTA,80,1000,86,100,139,yes,11,-20000
2025-05-23T17:01:27.057833,KXBTCD-25MAY2321-T106499.99,DELTA,80,1000,97,80000,140,no,14,-100
2025-05-23T17:01:27.078068,KXBTCD-25MAY2321-T106499.99,DELTA,80,1000,97,80000,141,yes,79,-100
2025-05-23T17:01:27.136796,KXBTCD-25MAY2321-T106499.99,DELTA,70,3000,97,80000,142,yes,80,-1000
2025-05-23T17:01:27.178719,KXBTCD-25MAY2321-T106499.99,DELTA,70,3000,97,80000,143,yes,61,1000
2025-05-23T17:01:27.376615,KXBTCD-25MAY2321-T106499.99,DELTA,70,3000,97,80000,144,yes,60,-200
2025-05-23T17:01:27.376798,KXBTCD-25MAY2321-T106499.99,DELTA,70,3200,97,80000,145,yes,70,200
2025-05-23T17:01:27.436644,KXBTCD-25MAY2321-T106499.99,DELTA,70,3200,97,80000,146,yes,61,-2000
2025-05-23T17:01:27.456843,KXBTCD-25MAY2321-T106499.99,DELTA,70,3200,97,80000,147,yes,61,-1000
2025-05-23T17:01:27.497047,KXBTCD-25MAY2321-T106499.99,DELTA,71,2000,97,80000,148,yes,71,2000
2025-05-23T17:01:27.497149,KXBTCD-25MAY2321-T106499.99,DELTA,71,3000,97,80000,149,yes,71,1000
2025-05-23T17:01:27.736893,KXBTCD-25MAY2321-T106499.99,DELTA,80,100,97,80000,150,yes,80,100
2025-05-23T17:01:27.756932,KXBTCD-25MAY2321-T106499.99,DELTA,80,100,88,100,151,no,12,100
2025-05-23T17:01:27.795917,KXBTCD-25MAY2321-T106499.99,DELTA,80,100,88,100,152,yes,71,-1000
2025-05-23T17:01:27.857992,KXBTCD-25MAY2321-T106499.99,DELTA,81,1000,88,100,153,yes,81,1000
2025-05-23T17:01:28.296645,KXBTCD-25MAY2321-T106499.99,DELTA,81,1000,88,100,154,yes,80,-100
2025-05-23T17:01:28.377675,KXBTCD-25MAY2321-T106499.99,DELTA,71,2000,88,100,155,yes,81,-1000
2025-05-23T17:01:28.437301,KXBTCD-25MAY2321-T106499.99,DELTA,71,3000,88,100,156,yes,71,1000
2025-05-23T17:01:28.877329,KXBTCD-25MAY2321-T106499.99,DELTA,71,3000,88,100,157,yes,12,-2700
2025-05-23T17:01:28.877841,KXBTCD-25MAY2321-T106499.99,DELTA,71,3000,88,100,158,yes,4,8100
2025-05-23T17:01:28.957152,KXBTCD-25MAY2321-T106499.99,DELTA,71,3000,88,100,159,yes,5,20000
2025-05-23T17:01:29.979740,KXBTCD-25MAY2321-T106499.99,DELTA,81,100,88,100,160,yes,81,100
2025-05-23T17:01:30.056559,KXBTCD-25MAY2321-T106499.99,DELTA,81,100,88,100,161,yes,71,-1000
2025-05-23T17:01:30.116237,KXBTCD-25MAY2321-T106499.99,DELTA,82,1000,88,100,162,yes,82,1000
2025-05-23T17:01:32.558914,KXBTCD-25MAY2321-T106499.99,DELTA,82,1000,88,100,163,yes,81,-100
2025-05-23T17:01:32.576477,KXBTCD-25MAY2321-T106499.99,DELTA,82,1000,97,80000,164,no,12,-100
2025-05-23T17:01:32.620617,KXBTCD-25MAY2321-T106499.99,DELTA,71,2000,97,80000,165,yes,82,-1000
2025-05-23T17:01:32.655525,KXBTCD-25MAY2321-T106499.99,DELTA,71,3000,97,80000,166,yes,71,1000
2025-05-23T17:01:33.737977,KXBTCD-25MAY2321-T106499.99,DELTA,81,100,97,80000,167,yes,81,100
2025-05-23T17:01:33.756598,KXBTCD-25MAY2321-T106499.99,DELTA,81,100,89,100,168,no,11,100
2025-05-23T17:01:33.797732,KXBTCD-25MAY2321-T106499.99,DELTA,81,100,89,100,169,yes,71,-1000
2025-05-23T17:01:33.838070,KXBTCD-25MAY2321-T106499.99,DELTA,82,1000,89,100,170,yes,82,1000
2025-05-23T17:01:34.117466,KXBTCD-25MAY2321-T106499.99,DELTA,82,1000,89,100,171,yes,4,-8100
2025-05-23T17:01:34.118889,KXBTCD-25MAY2321-T106499.99,DELTA,82,1000,89,100,172,yes,6,5400
2025-05-23T17:01:34.256833,KXBTCD-25MAY2321-T106499.99,DELTA,82,1000,89,100,173,yes,5,-20000
2025-05-23T17:01:34.336434,KXBTCD-25MAY2321-T106499.99,DELTA,82,1000,89,100,174,yes,7,20000
2025-05-23T17:01:35.405067,KXBTCD-25MAY2321-T106499.99,DELTA,82,1000,89,1100,175,no,11,1000
2025-05-23T17:01:35.406652,KXBTCD-25MAY2321-T106499.99,DELTA,82,1000,89,1100,176,yes,6,-5400
2025-05-23T17:01:35.407246,KXBTCD-25MAY2321-T106499.99,DELTA,82,1000,89,1100,177,yes,8,4050
2025-05-23T17:01:35.436815,KXBTCD-25MAY2321-T106499.99,DELTA,82,1000,89,1100,178,yes,7,-20000
2025-05-23T17:01:35.517822,KXBTCD-25MAY2321-T106499.99,DELTA,82,1000,89,1100,179,yes,9,20000
2025-05-23T17:01:36.038345,KXBTCD-25MAY2321-T106499.99,DELTA,82,1000,89,1000,180,no,11,-100
2025-05-23T17:01:36.156816,KXBTCD-25MAY2321-T106499.99,DELTA,82,1000,97,80000,181,no,11,-1000
2025-05-23T17:01:36.557854,KXBTCD-25MAY2321-T106499.99,DELTA,82,1000,97,80000,182,yes,8,-4050
2025-05-23T17:01:36.558260,KXBTCD-25MAY2321-T106499.99,DELTA,82,1000,97,80000,183,yes,10,3240
2025-05-23T17:01:36.637143,KXBTCD-25MAY2321-T106499.99,DELTA,82,1000,97,80000,184,yes,9,-20000
2025-05-23T17:01:36.677804,KXBTCD-25MAY2321-T106499.99,DELTA,82,1000,97,80000,185,yes,11,20000
2025-05-23T17:01:37.198006,KXBTCD-25MAY2321-T106499.99,DELTA,82,1000,88,100,186,no,12,100
2025-05-23T17:01:37.798611,KXBTCD-25MAY2321-T106499.99,DELTA,82,1000,88,100,187,yes,10,-3240
2025-05-23T17:01:37.799773,KXBTCD-25MAY2321-T106499.99,DELTA,82,1000,88,100,188,yes,45,720
2025-05-23T17:01:37.857994,KXBTCD-25MAY2321-T106499.99,DELTA,82,1000,88,100,189,yes,11,-20000
2025-05-23T17:01:45.577253,KXBTCD-25MAY2321-T106499.99,DELTA,82,1000,97,80000,190,no,12,-100
2025-05-23T17:01:45.577965,KXBTCD-25MAY2321-T106499.99,DELTA,82,1000,97,80000,191,yes,81,-100
2025-05-23T17:01:45.636735,KXBTCD-25MAY2321-T106499.99,DELTA,71,2000,97,80000,192,yes,82,-1000
2025-05-23T17:01:45.697044,KXBTCD-25MAY2321-T106499.99,DELTA,71,3000,97,80000,193,yes,71,1000
2025-05-23T17:01:47.097294,KXBTCD-25MAY2321-T106499.99,DELTA,80,100,97,80000,194,yes,80,100
2025-05-23T17:01:47.097912,KXBTCD-25MAY2321-T106499.99,DELTA,80,100,88,100,195,no,12,100
2025-05-23T17:01:47.157545,KXBTCD-25MAY2321-T106499.99,DELTA,80,100,88,100,196,yes,71,-1000
2025-05-23T17:01:47.216823,KXBTCD-25MAY2321-T106499.99,DELTA,81,1000,88,100,197,yes,81,1000
2025-05-23T17:01:48.257026,KXBTCD-25MAY2321-T106499.99,DELTA,81,1000,88,100,198,yes,45,-720
2025-05-23T17:01:48.258063,KXBTCD-25MAY2321-T106499.99,DELTA,81,1000,88,100,199,yes,46,704
2025-05-23T17:01:48.478249,KXBTCD-25MAY2321-T106499.99,DELTA,81,1000,88,100,200,yes,80,-100
2025-05-23T17:01:48.575971,KXBTCD-25MAY2321-T106499.99,DELTA,71,2000,88,100,201,yes,81,-1000
2025-05-23T17:01:48.636581,KXBTCD-25MAY2321-T106499.99,DELTA,71,3000,88,100,202,yes,71,1000
2025-05-23T17:01:49.355560,KXBTCD-25MAY2321-T106499.99,DELTA,81,100,88,100,203,yes,81,100
2025-05-23T17:01:49.437009,KXBTCD-25MAY2321-T106499.99,DELTA,81,100,88,100,204,yes,71,-1000
2025-05-23T17:01:49.500520,KXBTCD-25MAY2321-T106499.99,DELTA,82,1000,88,100,205,yes,82,1000
2025-05-23T17:01:59.116876,KXBTCD-25MAY2321-T106499.99,DELTA,82,1000,88,100,206,yes,81,-100
2025-05-23T17:01:59.197456,KXBTCD-25MAY2321-T106499.99,DELTA,71,2000,88,100,207,yes,82,-1000
2025-05-23T17:01:59.222869,KXBTCD-25MAY2321-T106499.99,DELTA,71,2000,88,1100,208,no,12,1000
2025-05-23T17:01:59.237661,KXBTCD-25MAY2321-T106499.99,DELTA,71,3000,88,1100,209,yes,71,1000
2025-05-23T17:01:59.336609,KXBTCD-25MAY2321-T106499.99,DELTA,71,3000,88,1000,210,no,12,-100
2025-05-23T17:01:59.416212,KXBTCD-25MAY2321-T106499.99,DELTA,71,3000,97,80000,211,no,12,-1000
2025-05-23T17:02:00.378066,KXBTCD-25MAY2321-T106499.99,DELTA,79,100,97,80000,212,yes,79,100
2025-05-23T17:02:00.378754,KXBTCD-25MAY2321-T106499.99,DELTA,79,100,87,100,213,no,13,100
2025-05-23T17:02:00.455770,KXBTCD-25MAY2321-T106499.99,DELTA,79,100,87,100,214,yes,71,-1000
2025-05-23T17:02:00.515462,KXBTCD-25MAY2321-T106499.99,DELTA,80,1000,87,100,215,yes,80,1000
2025-05-23T17:02:00.656671,KXBTCD-25MAY2321-T106499.99,DELTA,80,1000,87,100,216,yes,70,-200
2025-05-23T17:02:00.657091,KXBTCD-25MAY2321-T106499.99,DELTA,80,1000,87,100,217,yes,60,200
2025-05-23T17:02:00.716460,KXBTCD-25MAY2321-T106499.99,DELTA,80,1000,87,100,218,yes,71,-2000
2025-05-23T17:02:00.778614,KXBTCD-25MAY2321-T106499.99,DELTA,80,1000,87,100,219,yes,61,2000
2025-05-23T17:02:01.736622,KXBTCD-25MAY2321-T106499.99,DELTA,80,1000,97,80000,220,no,13,-100
2025-05-23T17:02:01.797516,KXBTCD-25MAY2321-T106499.99,DELTA,80,1000,87,1000,221,no,13,1000
2025-05-23T17:02:01.876029,KXBTCD-25MAY2321-T106499.99,DELTA,80,1000,87,1000,222,yes,70,-3000
2025-05-23T17:02:01.896792,KXBTCD-25MAY2321-T106499.99,DELTA,80,1000,87,1000,223,yes,45,-8000
2025-05-23T17:02:01.897152,KXBTCD-25MAY2321-T106499.99,DELTA,80,1000,97,80000,224,no,13,-1000
2025-05-23T17:02:01.956071,KXBTCD-25MAY2321-T106499.99,DELTA,80,1000,97,80000,225,yes,39,8000
2025-05-23T17:02:01.956927,KXBTCD-25MAY2321-T106499.99,DELTA,80,1000,97,80000,226,yes,69,3000
2025-05-23T17:02:02.058549,KXBTCD-25MAY2321-T106499.99,DELTA,80,1000,97,80000,227,yes,46,-704
2025-05-23T17:02:02.059325,KXBTCD-25MAY2321-T106499.99,DELTA,80,1000,97,80000,228,yes,40,810
2025-05-23T17:02:02.756965,KXBTCD-25MAY2321-T106499.99,DELTA,80,1000,86,100,229,no,14,100
2025-05-23T17:02:02.921051,KXBTCD-25MAY2321-T106499.99,DELTA,80,1000,86,100,230,yes,79,-100
2025-05-23T17:02:03.016730,KXBTCD-25MAY2321-T106499.99,DELTA,69,3000,86,100,231,yes,80,-1000
2025-05-23T17:02:03.056905,KXBTCD-25MAY2321-T106499.99,DELTA,69,3000,86,100,232,yes,61,1000
2025-05-23T17:02:03.157116,KXBTCD-25MAY2321-T106499.99,DELTA,69,3000,97,80000,233,no,14,-100
2025-05-23T17:02:04.116692,KXBTCD-25MAY2321-T106499.99,DELTA,69,3000,85,100,234,no,15,100
2025-05-23T17:02:04.136507,KXBTCD-25MAY2321-T106499.99,DELTA,77,100,85,100,235,yes,77,100
2025-05-23T17:02:04.217522,KXBTCD-25MAY2321-T106499.99,DELTA,77,100,85,100,236,yes,61,-1000
2025-05-23T17:02:04.297231,KXBTCD-25MAY2321-T106499.99,DELTA,78,1000,85,100,237,yes,78,1000
2025-05-23T17:02:05.396018,KXBTCD-25MAY2321-T106499.99,DELTA,78,1000,85,100,238,yes,77,-100
2025-05-23T17:02:05.455842,KXBTCD-25MAY2321-T106499.99,DELTA,69,3000,85,100,239,yes,78,-1000
2025-05-23T17:02:05.516546,KXBTCD-25MAY2321-T106499.99,DELTA,69,3000,85,100,240,yes,61,1000
2025-05-23T17:02:06.796278,KXBTCD-25MAY2321-T106499.99,DELTA,78,100,85,100,241,yes,78,100
2025-05-23T17:02:06.856362,KXBTCD-25MAY2321-T106499.99,DELTA,78,100,85,100,242,yes,61,-1000
2025-05-23T17:02:06.896643,KXBTCD-25MAY2321-T106499.99,DELTA,79,1000,85,100,243,yes,79,1000
2025-05-23T17:02:11.452985,KXBTCD-25MAY2321-T106499.99,DELTA,79,1000,97,80000,244,no,15,-100
2025-05-23T17:02:11.455402,KXBTCD-25MAY2321-T106499.99,DELTA,79,1000,97,80000,245,yes,78,-100
2025-05-23T17:02:11.517039,KXBTCD-25MAY2321-T106499.99,DELTA,69,3000,97,80000,246,yes,79,-1000
2025-05-23T17:02:11.577809,KXBTCD-25MAY2321-T106499.99,DELTA,69,3000,97,80000,247,yes,61,1000
2025-05-23T17:02:12.978012,KXBTCD-25MAY2321-T106499.99,DELTA,69,3000,86,100,248,no,14,100
2025-05-23T17:02:12.978362,KXBTCD-25MAY2321-T106499.99,DELTA,78,100,86,100,249,yes,78,100
2025-05-23T17:02:13.036743,KXBTCD-25MAY2321-T106499.99,DELTA,78,100,86,100,250,yes,61,-1000
2025-05-23T17:02:13.077748,KXBTCD-25MAY2321-T106499.99,DELTA,79,1000,86,100,251,yes,79,1000
2025-05-23T17:02:15.197381,KXBTCD-25MAY2321-T106499.99,DELTA,79,1000,97,80000,252,no,14,-100
2025-05-23T17:02:16.438588,KXBTCD-25MAY2321-T106499.99,DELTA,79,1000,86,100,253,no,14,100
2025-05-23T17:02:20.397794,KXBTCD-25MAY2321-T106499.99,DELTA,79,1000,86,1100,254,no,14,1000
2025-05-23T17:02:20.398691,KXBTCD-25MAY2321-T106499.99,DELTA,79,1000,86,1100,255,yes,69,-3000
2025-05-23T17:02:20.399330,KXBTCD-25MAY2321-T106499.99,DELTA,79,1000,86,1100,256,no,1,3000
2025-05-23T17:02:20.497027,KXBTCD-25MAY2321-T106499.99,DELTA,79,1000,86,1100,257,yes,67,3000
2025-05-23T17:02:20.656903,KXBTCD-25MAY2321-T106499.99,DELTA,79,1000,86,1000,258,no,14,-100
2025-05-23T17:02:20.657729,KXBTCD-25MAY2321-T106499.99,DELTA,79,1000,86,1000,259,yes,78,-100
2025-05-23T17:02:20.758586,KXBTCD-25MAY2321-T106499.99,DELTA,67,3000,86,1000,260,yes,79,-1000
2025-05-23T17:02:20.759066,KXBTCD-25MAY2321-T106499.99,DELTA,67,3000,97,80000,261,no,14,-1000
2025-05-23T17:02:20.816803,KXBTCD-25MAY2321-T106499.99,DELTA,67,3000,97,80000,262,yes,61,1000
2025-05-23T17:02:21.496328,KXBTCD-25MAY2321-T106499.99,DELTA,67,3000,84,100,263,no,16,100
2025-05-23T17:02:21.515630,KXBTCD-25MAY2321-T106499.99,DELTA,76,100,84,100,264,yes,76,100
2025-05-23T17:02:21.577237,KXBTCD-25MAY2321-T106499.99,DELTA,76,100,84,100,265,yes,61,-1000
2025-05-23T17:02:21.637826,KXBTCD-25MAY2321-T106499.99,DELTA,77,1000,84,100,266,yes,77,1000
2025-05-23T17:02:26.056799,KXBTCD-25MAY2321-T106499.99,DELTA,77,1000,97,80000,267,no,16,-100
2025-05-23T17:02:27.435562,KXBTCD-25MAY2321-T106499.99,DELTA,77,1000,83,100,268,no,17,100
2025-05-23T17:02:46.746565,KXBTCD-25MAY2321-T106499.99,DELTA,77,1000,83,100,269,no,1,-3000
2025-05-23T17:02:46.977585,KXBTCD-25MAY2321-T106499.99,DELTA,77,1000,83,100,270,yes,76,-100
2025-05-23T17:02:46.996412,KXBTCD-25MAY2321-T106499.99,DELTA,77,1000,97,80000,271,no,17,-100
2025-05-23T17:02:47.057203,KXBTCD-25MAY2321-T106499.99,DELTA,67,3000,97,80000,272,yes,77,-1000
2025-05-23T17:02:47.104550,KXBTCD-25MAY2321-T106499.99,DELTA,67,3000,97,80000,273,yes,61,1000
2025-05-23T17:02:48.137716,KXBTCD-25MAY2321-T106499.99,DELTA,67,3000,97,80000,274,no,1,3000
2025-05-23T17:02:48.461787,KXBTCD-25MAY2321-T106499.99,DELTA,77,100,97,80000,275,yes,77,100
2025-05-23T17:02:48.479266,KXBTCD-25MAY2321-T106499.99,DELTA,77,100,85,100,276,no,15,100
2025-05-23T17:02:48.537499,KXBTCD-25MAY2321-T106499.99,DELTA,77,100,85,100,277,yes,61,-1000
2025-05-23T17:02:48.555976,KXBTCD-25MAY2321-T106499.99,DELTA,77,100,85,1100,278,no,15,1000
2025-05-23T17:02:48.596894,KXBTCD-25MAY2321-T106499.99,DELTA,78,1000,85,1100,279,yes,78,1000
2025-05-23T17:02:48.757018,KXBTCD-25MAY2321-T106499.99,DELTA,78,1000,85,1000,280,no,15,-100
2025-05-23T17:02:48.816472,KXBTCD-25MAY2321-T106499.99,DELTA,78,1000,97,80000,281,no,15,-1000
2025-05-23T17:02:49.595884,KXBTCD-25MAY2321-T106499.99,DELTA,78,1000,84,100,282,no,16,100
2025-05-23T17:02:51.176889,KXBTCD-25MAY2321-T106499.99,DELTA,78,1000,97,80000,283,no,16,-100
2025-05-23T17:02:51.196585,KXBTCD-25MAY2321-T106499.99,DELTA,78,1000,97,80000,284,yes,77,-100
2025-05-23T17:02:51.256748,KXBTCD-25MAY2321-T106499.99,DELTA,67,3000,97,80000,285,yes,78,-1000
2025-05-23T17:02:51.336898,KXBTCD-25MAY2321-T106499.99,DELTA,67,3000,97,80000,286,yes,61,1000
2025-05-23T17:02:51.917527,KXBTCD-25MAY2321-T106499.99,DELTA,61,3000,97,80000,287,yes,67,-3000
2025-05-23T17:02:51.977197,KXBTCD-25MAY2321-T106499.99,DELTA,64,3000,97,80000,288,yes,64,3000
2025-05-23T17:02:52.737223,KXBTCD-25MAY2321-T106499.99,DELTA,74,100,97,80000,289,yes,74,100
2025-05-23T17:02:52.738465,KXBTCD-25MAY2321-T106499.99,DELTA,74,100,82,100,290,no,18,100
2025-05-23T17:02:52.815275,KXBTCD-25MAY2321-T106499.99,DELTA,74,100,82,100,291,yes,61,-1000
2025-05-23T17:02:52.877430,KXBTCD-25MAY2321-T106499.99,DELTA,75,1000,82,100,292,yes,75,1000
2025-05-23T17:02:55.277659,KXBTCD-25MAY2321-T106499.99,DELTA,75,1000,82,100,293,yes,74,-100
2025-05-23T17:02:55.278097,KXBTCD-25MAY2321-T106499.99,DELTA,64,3000,82,100,294,yes,75,-1000
2025-05-23T17:02:55.295729,KXBTCD-25MAY2321-T106499.99,DELTA,64,3000,82,100,295,yes,61,1000
2025-05-23T17:02:56.097732,KXBTCD-25MAY2321-T106499.99,DELTA,64,3000,97,80000,296,no,18,-100
2025-05-23T17:02:56.176212,KXBTCD-25MAY2321-T106499.99,DELTA,76,100,97,80000,297,yes,76,100
2025-05-23T17:02:56.260833,KXBTCD-25MAY2321-T106499.99,DELTA,76,100,97,80000,298,yes,61,-1000
2025-05-23T17:02:56.315525,KXBTCD-25MAY2321-T106499.99,DELTA,77,1000,97,80000,299,yes,77,1000
2025-05-23T17:02:57.297679,KXBTCD-25MAY2321-T106499.99,DELTA,77,1000,84,100,300,no,16,100
2025-05-23T17:02:59.158188,KXBTCD-25MAY2321-T106499.99,DELTA,77,1000,84,1100,301,no,16,1000
2025-05-23T17:02:59.475945,KXBTCD-25MAY2321-T106499.99,DELTA,77,1000,84,1000,302,no,16,-100
2025-05-23T17:02:59.536812,KXBTCD-25MAY2321-T106499.99,DELTA,77,1000,97,80000,303,no,16,-1000
2025-05-23T17:03:00.556419,KXBTCD-25MAY2321-T106499.99,DELTA,77,1000,83,100,304,no,17,100
2025-05-23T17:03:00.656579,KXBTCD-25MAY2321-T106499.99,DELTA,77,1000,83,1100,305,no,17,1000
2025-05-23T17:03:01.178242,KXBTCD-25MAY2321-T106499.99,DELTA,77,1000,83,100,306,no,17,-1000
2025-05-23T17:03:01.757861,KXBTCD-25MAY2321-T106499.99,DELTA,77,1000,83,1100,307,no,17,1000
2025-05-23T17:03:02.297233,KXBTCD-25MAY2321-T106499.99,DELTA,77,1000,83,100,308,no,17,-1000
2025-05-23T17:03:03.955980,KXBTCD-25MAY2321-T106499.99,DELTA,77,1000,83,1100,309,no,17,1000
2025-05-23T17:03:04.475944,KXBTCD-25MAY2321-T106499.99,DELTA,77,1000,83,100,310,no,17,-1000
2025-05-23T17:03:04.655968,KXBTCD-25MAY2321-T106499.99,DELTA,77,1000,83,1100,311,no,17,1000
2025-05-23T17:03:07.156340,KXBTCD-25MAY2321-T106499.99,DELTA,77,1000,83,1100,312,yes,40,-810
2025-05-23T17:03:07.979595,KXBTCD-25MAY2321-T106499.99,DELTA,77,1000,83,100,313,no,17,-1000
2025-05-23T17:03:10.496845,KXBTCD-25MAY2321-T106499.99,DELTA,77,1000,83,100,314,yes,40,810
2025-05-23T17:03:13.596638,KXBTCD-25MAY2321-T106499.99,DELTA,77,1000,83,1100,315,no,17,1000
2025-05-23T17:03:14.817023,KXBTCD-25MAY2321-T106499.99,DELTA,77,1000,83,100,316,no,17,-1000
2025-05-23T17:03:14.957137,KXBTCD-25MAY2321-T106499.99,DELTA,77,1000,83,1100,317,no,17,1000
2025-05-23T17:03:14.997306,KXBTCD-25MAY2321-T106499.99,DELTA,77,1000,83,100,318,no,17,-1000
2025-05-23T17:03:16.474928,KXBTCD-25MAY2321-T106499.99,DELTA,77,1000,83,1100,319,no,17,1000
2025-05-23T17:03:24.996772,KXBTCD-25MAY2321-T106499.99,DELTA,77,1000,83,100,320,no,17,-1000
2025-05-23T17:03:25.336170,KXBTCD-25MAY2321-T106499.99,DELTA,77,1000,83,1100,321,no,17,1000
2025-05-23T17:03:26.217260,KXBTCD-25MAY2321-T106499.99,DELTA,77,1000,83,100,322,no,17,-1000
2025-05-23T17:03:28.417961,KXBTCD-25MAY2321-T106499.99,DELTA,77,1000,97,80000,323,no,17,-100
2025-05-23T17:03:28.438518,KXBTCD-25MAY2321-T106499.99,DELTA,77,1000,97,80000,324,yes,76,-100
2025-05-23T17:03:28.518439,KXBTCD-25MAY2321-T106499.99,DELTA,64,3000,97,80000,325,yes,77,-1000
2025-05-23T17:03:28.596164,KXBTCD-25MAY2321-T106499.99,DELTA,64,3000,97,80000,326,yes,61,1000
2025-05-23T17:03:29.598043,KXBTCD-25MAY2321-T106499.99,DELTA,64,3000,85,100,327,no,15,100
2025-05-23T17:03:29.656859,KXBTCD-25MAY2321-T106499.99,DELTA,64,3000,84,1000,328,no,16,1000
2025-05-23T17:03:30.096121,KXBTCD-25MAY2321-T106499.99,DELTA,64,3000,84,1000,329,no,15,-100
2025-05-23T17:03:30.179193,KXBTCD-25MAY2321-T106499.99,DELTA,64,3000,97,80000,330,no,16,-1000
2025-05-23T17:03:30.197013,KXBTCD-25MAY2321-T106499.99,DELTA,76,100,97,80000,331,yes,76,100
2025-05-23T17:03:30.317678,KXBTCD-25MAY2321-T106499.99,DELTA,76,100,97,80000,332,yes,61,-1000
2025-05-23T17:03:30.376982,KXBTCD-25MAY2321-T106499.99,DELTA,77,1000,97,80000,333,yes,77,1000
2025-05-23T17:03:31.324748,KXBTCD-25MAY2321-T106499.99,DELTA,77,1000,84,100,334,no,16,100
2025-05-23T17:03:31.336645,KXBTCD-25MAY2321-T106499.99,DELTA,77,1000,84,1100,335,no,16,1000
2025-05-23T17:03:33.037932,KXBTCD-25MAY2321-T106499.99,DELTA,77,1000,84,100,336,no,16,-1000
2025-05-23T17:03:33.177563,KXBTCD-25MAY2321-T106499.99,DELTA,77,1000,84,1100,337,no,16,1000
2025-05-23T17:03:36.545599,KXBTCD-25MAY2321-T106499.99,DELTA,77,1000,84,100,338,no,16,-1000
2025-05-23T17:03:37.337981,KXBTCD-25MAY2321-T106499.99,DELTA,77,1000,84,100,339,yes,76,-100
2025-05-23T17:03:37.396679,KXBTCD-25MAY2321-T106499.99,DELTA,64,3000,84,100,340,yes,77,-1000
2025-05-23T17:03:37.436372,KXBTCD-25MAY2321-T106499.99,DELTA,64,3000,84,100,341,yes,61,1000
2025-05-23T17:03:38.896269,KXBTCD-25MAY2321-T106499.99,DELTA,77,100,84,100,342,yes,77,100
2025-05-23T17:03:38.956805,KXBTCD-25MAY2321-T106499.99,DELTA,77,100,84,100,343,yes,61,-1000
2025-05-23T17:03:38.997390,KXBTCD-25MAY2321-T106499.99,DELTA,78,1000,84,100,344,yes,78,1000
2025-05-23T17:03:39.575751,KXBTCD-25MAY2321-T106499.99,DELTA,78,1000,84,100,345,yes,77,-100
2025-05-23T17:03:39.596563,KXBTCD-25MAY2321-T106499.99,DELTA,78,1000,97,80000,346,no,16,-100
2025-05-23T17:03:39.657520,KXBTCD-25MAY2321-T106499.99,DELTA,64,3000,97,80000,347,yes,78,-1000
2025-05-23T17:03:39.723092,KXBTCD-25MAY2321-T106499.99,DELTA,64,3000,97,80000,348,yes,61,1000
2025-05-23T17:03:41.051917,KXBTCD-25MAY2321-T106499.99,DELTA,78,100,97,80000,349,yes,78,100
2025-05-23T17:03:41.052110,KXBTCD-25MAY2321-T106499.99,DELTA,78,100,86,100,350,no,14,100
2025-05-23T17:03:41.095732,KXBTCD-25MAY2321-T106499.99,DELTA,78,100,86,100,351,yes,61,-1000
2025-05-23T17:03:41.096046,KXBTCD-25MAY2321-T106499.99,DELTA,78,100,85,1000,352,no,15,1000
2025-05-23T17:03:41.137420,KXBTCD-25MAY2321-T106499.99,DELTA,79,1000,85,1000,353,yes,79,1000
2025-05-23T17:03:41.460986,KXBTCD-25MAY2321-T106499.99,DELTA,79,1000,85,1000,354,no,14,-100
2025-05-23T17:03:41.461586,KXBTCD-25MAY2321-T106499.99,DELTA,79,1000,97,80000,355,no,15,-1000
2025-05-23T17:03:42.657028,KXBTCD-25MAY2321-T106499.99,DELTA,79,1000,85,100,356,no,15,100
2025-05-23T17:03:42.736178,KXBTCD-25MAY2321-T106499.99,DELTA,79,1000,85,1100,357,no,15,1000
2025-05-23T17:03:43.077781,KXBTCD-25MAY2321-T106499.99,DELTA,79,1000,85,100,358,no,15,-1000
2025-05-23T17:03:43.817401,KXBTCD-25MAY2321-T106499.99,DELTA,79,1000,85,100,359,no,1,-3000
2025-05-23T17:03:44.596684,KXBTCD-25MAY2321-T106499.99,DELTA,79,1000,97,80000,360,no,15,-100
2025-05-23T17:03:44.597836,KXBTCD-25MAY2321-T106499.99,DELTA,79,1000,97,80000,361,yes,78,-100
2025-05-23T17:03:44.657123,KXBTCD-25MAY2321-T106499.99,DELTA,64,3000,97,80000,362,yes,79,-1000
2025-05-23T17:03:44.716788,KXBTCD-25MAY2321-T106499.99,DELTA,64,3000,97,80000,363,yes,61,1000
2025-05-23T17:03:46.176858,KXBTCD-25MAY2321-T106499.99,DELTA,64,3000,86,100,364,no,14,100
2025-05-23T17:03:46.198108,KXBTCD-25MAY2321-T106499.99,DELTA,78,100,86,100,365,yes,78,100
2025-05-23T17:03:46.256068,KXBTCD-25MAY2321-T106499.99,DELTA,78,100,86,100,366,yes,61,-1000
2025-05-23T17:03:46.296404,KXBTCD-25MAY2321-T106499.99,DELTA,78,100,86,100,367,yes,65,9
2025-05-23T17:03:46.296910,KXBTCD-25MAY2321-T106499.99,DELTA,78,100,85,9,368,no,15,9
2025-05-23T17:03:46.316944,KXBTCD-25MAY2321-T106499.99,DELTA,79,1000,85,9,369,yes,79,1000
2025-05-23T17:03:47.377063,KXBTCD-25MAY2321-T106499.99,DELTA,79,1000,85,9,370,yes,78,-100
2025-05-23T17:03:47.456790,KXBTCD-25MAY2321-T106499.99,DELTA,65,9,85,9,371,yes,79,-1000
2025-05-23T17:03:47.495883,KXBTCD-25MAY2321-T106499.99,DELTA,64,3000,85,9,372,yes,65,-9
2025-05-23T17:03:47.516448,KXBTCD-25MAY2321-T106499.99,DELTA,64,3000,85,9,373,yes,61,1000
2025-05-23T17:03:47.536379,KXBTCD-25MAY2321-T106499.99,DELTA,64,3000,86,100,374,no,15,-9
2025-05-23T17:03:48.276842,KXBTCD-25MAY2321-T106499.99,DELTA,64,3000,86,100,375,no,1,3000
2025-05-23T17:03:48.277255,KXBTCD-25MAY2321-T106499.99,DELTA,64,3000,86,1100,376,no,14,1000
2025-05-23T17:03:48.378733,KXBTCD-25MAY2321-T106499.99,DELTA,78,100,86,1100,377,yes,78,100
2025-05-23T17:03:48.397544,KXBTCD-25MAY2321-T106499.99,DELTA,78,100,86,1100,378,yes,65,9
2025-05-23T17:03:48.398018,KXBTCD-25MAY2321-T106499.99,DELTA,78,100,85,9,379,no,15,9
2025-05-23T17:03:48.456346,KXBTCD-25MAY2321-T106499.99,DELTA,78,100,85,9,380,yes,61,-1000
2025-05-23T17:03:48.517258,KXBTCD-25MAY2321-T106499.99,DELTA,79,1000,85,9,381,yes,79,1000
2025-05-23T17:03:52.137342,KXBTCD-25MAY2321-T106499.99,DELTA,79,1000,85,9,382,no,14,-1000
2025-05-23T17:03:52.236266,KXBTCD-25MAY2321-T106499.99,DELTA,79,1000,85,9,383,no,1,-3000
2025-05-23T17:03:52.257090,KXBTCD-25MAY2321-T106499.99,DELTA,79,1000,85,9,384,yes,65,-9
2025-05-23T17:03:52.257780,KXBTCD-25MAY2321-T106499.99,DELTA,79,1000,86,100,385,no,15,-9
2025-05-23T17:03:53.396013,KXBTCD-25MAY2321-T106499.99,DELTA,79,1000,86,100,386,yes,78,-100
2025-05-23T17:03:53.456845,KXBTCD-25MAY2321-T106499.99,DELTA,64,3000,86,100,387,yes,79,-1000
2025-05-23T17:03:53.517442,KXBTCD-25MAY2321-T106499.99,DELTA,64,3000,86,100,388,yes,61,1000
2025-05-23T17:03:54.337246,KXBTCD-25MAY2321-T106499.99,DELTA,79,100,86,100,389,yes,79,100
2025-05-23T17:03:54.396544,KXBTCD-25MAY2321-T106499.99,DELTA,79,100,86,100,390,yes,61,-1000
2025-05-23T17:03:54.436920,KXBTCD-25MAY2321-T106499.99,DELTA,80,1000,86,100,391,yes,80,1000
2025-05-23T17:03:57.557128,KXBTCD-25MAY2321-T106499.99,DELTA,80,1000,86,1100,392,no,14,1000
2025-05-23T17:03:57.557353,KXBTCD-25MAY2321-T106499.99,DELTA,80,1000,86,1100,393,no,1,3000
2025-05-23T17:03:57.816497,KXBTCD-25MAY2321-T106499.99,DELTA,80,1000,86,100,394,no,14,-1000
2025-05-23T17:03:57.878660,KXBTCD-25MAY2321-T106499.99,DELTA,80,1000,85,1000,395,no,15,1000
2025-05-23T17:03:58.955917,KXBTCD-25MAY2321-T106499.99,DELTA,80,1000,86,100,396,no,15,-1000
2025-05-23T17:03:59.015872,KXBTCD-25MAY2321-T106499.99,DELTA,80,1000,86,1100,397,no,14,1000
2025-05-23T17:03:59.377871,KXBTCD-25MAY2321-T106499.99,DELTA,80,1000,86,100,398,no,14,-1000
2025-05-23T17:03:59.497264,KXBTCD-25MAY2321-T106499.99,DELTA,80,1000,85,1000,399,no,15,1000
2025-05-23T17:03:59.536800,KXBTCD-25MAY2321-T106499.99,DELTA,79,100,85,1000,400,yes,80,-1000
2025-05-23T17:03:59.639692,KXBTCD-25MAY2321-T106499.99,DELTA,79,1100,85,1000,401,yes,79,1000
2025-05-23T17:03:59.816916,KXBTCD-25MAY2321-T106499.99,DELTA,79,1100,85,1000,402,no,14,-100
2025-05-23T17:03:59.817350,KXBTCD-25MAY2321-T106499.99,DELTA,79,1000,85,1000,403,yes,79,-100
2025-05-23T17:03:59.877745,KXBTCD-25MAY2321-T106499.99,DELTA,64,3000,85,1000,404,yes,79,-1000
2025-05-23T17:03:59.916827,KXBTCD-25MAY2321-T106499.99,DELTA,64,3000,97,80000,405,no,15,-1000
2025-05-23T17:04:00.016159,KXBTCD-25MAY2321-T106499.99,DELTA,64,3000,97,80000,406,yes,61,1000
2025-05-23T17:04:01.137226,KXBTCD-25MAY2321-T106499.99,DELTA,64,3000,85,100,407,no,15,100
2025-05-23T17:04:01.137344,KXBTCD-25MAY2321-T106499.99,DELTA,77,100,85,100,408,yes,77,100
2025-05-23T17:04:01.216222,KXBTCD-25MAY2321-T106499.99,DELTA,77,100,85,100,409,yes,61,-1000
2025-05-23T17:04:01.216492,KXBTCD-25MAY2321-T106499.99,DELTA,77,100,84,1000,410,no,16,1000
2025-05-23T17:04:01.297265,KXBTCD-25MAY2321-T106499.99,DELTA,78,1000,84,1000,411,yes,78,1000
2025-05-23T17:04:01.436085,KXBTCD-25MAY2321-T106499.99,DELTA,78,1000,84,1000,412,no,15,-100
2025-05-23T17:04:01.496421,KXBTCD-25MAY2321-T106499.99,DELTA,78,1000,97,80000,413,no,16,-1000
2025-05-23T17:04:02.437398,KXBTCD-25MAY2321-T106499.99,DELTA,78,1000,97,80000,414,yes,77,-100
2025-05-23T17:04:02.497048,KXBTCD-25MAY2321-T106499.99,DELTA,64,3000,97,80000,415,yes,78,-1000
2025-05-23T17:04:02.537339,KXBTCD-25MAY2321-T106499.99,DELTA,64,3000,97,80000,416,yes,61,1000
2025-05-23T17:04:02.918576,KXBTCD-25MAY2321-T106499.99,DELTA,64,3000,84,100,417,no,16,100
2025-05-23T17:04:02.997317,KXBTCD-25MAY2321-T106499.99,DELTA,64,3000,84,1100,418,no,16,1000
2025-05-23T17:04:03.096238,KXBTCD-25MAY2321-T106499.99,DELTA,64,3000,84,100,419,no,16,-1000
2025-05-23T17:04:03.136750,KXBTCD-25MAY2321-T106499.99,DELTA,64,3000,83,1000,420,no,17,1000
2025-05-23T17:04:03.358170,KXBTCD-25MAY2321-T106499.99,DELTA,64,3000,83,1000,421,no,16,-100
2025-05-23T17:04:03.436651,KXBTCD-25MAY2321-T106499.99,DELTA,64,3000,97,80000,422,no,17,-1000
2025-05-23T17:04:03.555822,KXBTCD-25MAY2321-T106499.99,DELTA,75,100,97,80000,423,yes,75,100
2025-05-23T17:04:03.617695,KXBTCD-25MAY2321-T106499.99,DELTA,75,100,97,80000,424,yes,61,-1000
2025-05-23T17:04:03.655699,KXBTCD-25MAY2321-T106499.99,DELTA,76,1000,97,80000,425,yes,76,1000
2025-05-23T17:04:04.136647,KXBTCD-25MAY2321-T106499.99,DELTA,76,1000,83,100,426,no,17,100
2025-05-23T17:04:04.197246,KXBTCD-25MAY2321-T106499.99,DELTA,76,1000,83,1100,427,no,17,1000
2025-05-23T17:04:05.256550,KXBTCD-25MAY2321-T106499.99,DELTA,76,1000,83,1000,428,no,17,-100
2025-05-23T17:04:05.336470,KXBTCD-25MAY2321-T106499.99,DELTA,76,1000,97,80000,429,no,17,-1000
2025-05-23T17:04:05.496328,KXBTCD-25MAY2321-T106499.99,DELTA,76,1000,97,80000,430,yes,75,-100
2025-05-23T17:04:05.557070,KXBTCD-25MAY2321-T106499.99,DELTA,64,3000,97,80000,431,yes,76,-1000
2025-05-23T17:04:05.636520,KXBTCD-25MAY2321-T106499.99,DELTA,64,3000,97,80000,432,yes,61,1000
2025-05-23T17:04:06.236972,KXBTCD-25MAY2321-T106499.99,DELTA,64,3000,81,100,433,no,19,100
2025-05-23T17:04:06.797278,KXBTCD-25MAY2321-T106499.99,DELTA,73,100,81,100,434,yes,73,100
2025-05-23T17:04:06.877361,KXBTCD-25MAY2321-T106499.99,DELTA,73,100,81,100,435,yes,61,-1000
2025-05-23T17:04:06.937337,KXBTCD-25MAY2321-T106499.99,DELTA,74,1000,81,100,436,yes,74,1000
2025-05-23T17:04:14.415907,KXBTCD-25MAY2321-T106499.99,DELTA,74,1000,81,100,437,yes,73,-100
2025-05-23T17:04:14.476067,KXBTCD-25MAY2321-T106499.99,DELTA,64,3000,81,100,438,yes,74,-1000
2025-05-23T17:04:14.596121,KXBTCD-25MAY2321-T106499.99,DELTA,64,3000,81,100,439,yes,61,1000
2025-05-23T17:04:15.796703,KXBTCD-25MAY2321-T106499.99,DELTA,74,100,81,100,440,yes,74,100
2025-05-23T17:04:15.876751,KXBTCD-25MAY2321-T106499.99,DELTA,74,100,81,100,441,yes,61,-1000
2025-05-23T17:04:15.919304,KXBTCD-25MAY2321-T106499.99,DELTA,75,1000,81,100,442,yes,75,1000
2025-05-23T17:04:24.538029,KXBTCD-25MAY2321-T106499.99,DELTA,75,1000,81,100,443,yes,74,-100
2025-05-23T17:04:24.636918,KXBTCD-25MAY2321-T106499.99,DELTA,64,3000,81,100,444,yes,75,-1000
2025-05-23T17:04:24.697095,KXBTCD-25MAY2321-T106499.99,DELTA,64,3000,81,100,445,yes,61,1000
2025-05-23T17:04:24.756374,KXBTCD-25MAY2321-T106499.99,DELTA,64,3000,97,80000,446,no,19,-100
2025-05-23T17:04:26.077860,KXBTCD-25MAY2321-T106499.99,DELTA,72,100,97,80000,447,yes,72,100
2025-05-23T17:04:26.097344,KXBTCD-25MAY2321-T106499.99,DELTA,72,100,80,100,448,no,20,100
2025-05-23T17:04:26.155466,KXBTCD-25MAY2321-T106499.99,DELTA,72,100,80,100,449,yes,61,-1000
2025-05-23T17:04:26.218467,KXBTCD-25MAY2321-T106499.99,DELTA,73,1000,80,100,450,yes,73,1000
2025-05-23T17:04:27.418252,KXBTCD-25MAY2321-T106499.99,DELTA,73,1000,80,100,451,yes,72,-100
2025-05-23T17:04:27.516530,KXBTCD-25MAY2321-T106499.99,DELTA,64,3000,80,100,452,yes,73,-1000
2025-05-23T17:04:27.655769,KXBTCD-25MAY2321-T106499.99,DELTA,64,3000,80,100,453,yes,61,1000
2025-05-23T17:04:28.396031,KXBTCD-25MAY2321-T106499.99,DELTA,73,100,80,100,454,yes,73,100
2025-05-23T17:04:28.479705,KXBTCD-25MAY2321-T106499.99,DELTA,73,100,80,100,455,yes,61,-1000
2025-05-23T17:04:28.564094,KXBTCD-25MAY2321-T106499.99,DELTA,74,1000,80,100,456,yes,74,1000
2025-05-23T17:04:32.137712,KXBTCD-25MAY2321-T106499.99,DELTA,74,1000,80,100,457,yes,40,-810
2025-05-23T17:04:32.138140,KXBTCD-25MAY2321-T106499.99,DELTA,74,1000,80,100,458,yes,4,8100
2025-05-23T17:04:32.195537,KXBTCD-25MAY2321-T106499.99,DELTA,74,1000,80,100,459,yes,5,20000
2025-05-23T17:04:32.476120,KXBTCD-25MAY2321-T106499.99,DELTA,74,1000,80,100,460,yes,73,-100
2025-05-23T17:04:32.476349,KXBTCD-25MAY2321-T106499.99,DELTA,74,1000,97,80000,461,no,20,-100
2025-05-23T17:04:32.540399,KXBTCD-25MAY2321-T106499.99,DELTA,64,3000,97,80000,462,yes,74,-1000
2025-05-23T17:04:32.577231,KXBTCD-25MAY2321-T106499.99,DELTA,64,3000,97,80000,463,yes,61,1000
2025-05-23T17:04:33.277385,KXBTCD-25MAY2321-T106499.99,DELTA,64,3000,97,80000,464,yes,4,-8100
2025-05-23T17:04:33.278235,KXBTCD-25MAY2321-T106499.99,DELTA,64,3000,97,80000,465,yes,6,5400
2025-05-23T17:04:33.336249,KXBTCD-25MAY2321-T106499.99,DELTA,64,3000,97,80000,466,yes,5,-20000
2025-05-23T17:04:33.377520,KXBTCD-25MAY2321-T106499.99,DELTA,64,3000,97,80000,467,yes,7,20000
2025-05-23T17:04:33.957559,KXBTCD-25MAY2321-T106499.99,DELTA,71,100,97,80000,468,yes,71,100
2025-05-23T17:04:33.958418,KXBTCD-25MAY2321-T106499.99,DELTA,71,100,79,100,469,no,21,100
2025-05-23T17:04:34.037265,KXBTCD-25MAY2321-T106499.99,DELTA,71,100,79,100,470,yes,61,-1000
2025-05-23T17:04:34.097926,KXBTCD-25MAY2321-T106499.99,DELTA,72,1000,79,100,471,yes,72,1000
2025-05-23T17:04:34.217488,KXBTCD-25MAY2321-T106499.99,DELTA,72,1000,79,100,472,yes,64,-3000
2025-05-23T17:04:34.220132,KXBTCD-25MAY2321-T106499.99,DELTA,72,1000,79,100,473,yes,39,-8000
2025-05-23T17:04:34.297296,KXBTCD-25MAY2321-T106499.99,DELTA,72,1000,79,100,474,yes,23,8000
2025-05-23T17:04:34.298040,KXBTCD-25MAY2321-T106499.99,DELTA,72,1000,79,100,475,yes,59,3000
2025-05-23T17:04:34.419330,KXBTCD-25MAY2321-T106499.99,DELTA,72,1000,79,100,476,yes,6,-5400
2025-05-23T17:04:34.420051,KXBTCD-25MAY2321-T106499.99,DELTA,72,1000,79,100,477,yes,24,1350
2025-05-23T17:04:34.496460,KXBTCD-25MAY2321-T106499.99,DELTA,72,1000,79,100,478,yes,7,-20000
2025-05-23T17:04:34.937769,KXBTCD-25MAY2321-T106499.99,DELTA,72,1000,97,80000,479,no,21,-100
2025-05-23T17:04:36.137236,KXBTCD-25MAY2321-T106499.99,DELTA,72,1000,78,100,480,no,22,100
2025-05-23T17:04:37.538641,KXBTCD-25MAY2321-T106499.99,DELTA,72,1000,78,100,481,yes,71,-100
2025-05-23T17:04:37.556685,KXBTCD-25MAY2321-T106499.99,DELTA,72,1000,97,80000,482,no,22,-100
2025-05-23T17:04:37.617032,KXBTCD-25MAY2321-T106499.99,DELTA,61,2000,97,80000,483,yes,72,-1000
2025-05-23T17:04:37.676690,KXBTCD-25MAY2321-T106499.99,DELTA,61,3000,97,80000,484,yes,61,1000
2025-05-23T17:04:38.399899,KXBTCD-25MAY2321-T106499.99,DELTA,61,3000,77,100,485,no,23,100
2025-05-23T17:04:38.400670,KXBTCD-25MAY2321-T106499.99,DELTA,69,100,77,100,486,yes,69,100
2025-05-23T17:04:38.476728,KXBTCD-25MAY2321-T106499.99,DELTA,69,100,77,100,487,yes,61,-1000
2025-05-23T17:04:38.558794,KXBTCD-25MAY2321-T106499.99,DELTA,70,1000,77,100,488,yes,70,1000
2025-05-23T17:04:39.011651,KXBTCD-25MAY2321-T106499.99,DELTA,70,1000,77,100,489,yes,69,-100
2025-05-23T17:04:39.013215,KXBTCD-25MAY2321-T106499.99,DELTA,61,2000,77,100,490,yes,70,-1000
2025-05-23T17:04:39.057783,KXBTCD-25MAY2321-T106499.99,DELTA,61,3000,77,100,491,yes,61,1000
2025-05-23T17:04:40.616949,KXBTCD-25MAY2321-T106499.99,DELTA,69,100,77,100,492,yes,69,100
2025-05-23T17:04:40.677549,KXBTCD-25MAY2321-T106499.99,DELTA,69,100,77,100,493,yes,61,-1000
2025-05-23T17:04:40.736622,KXBTCD-25MAY2321-T106499.99,DELTA,70,1000,77,100,494,yes,70,1000
2025-05-23T17:04:41.263578,KXBTCD-25MAY2321-T106499.99,DELTA,70,1000,77,100,495,yes,69,-100
2025-05-23T17:04:41.676813,KXBTCD-25MAY2321-T106499.99,DELTA,61,2000,77,100,496,yes,70,-1000
2025-05-23T17:04:41.777351,KXBTCD-25MAY2321-T106499.99,DELTA,61,3000,77,100,497,yes,61,1000
2025-05-23T17:04:42.184937,KXBTCD-25MAY2321-T106499.99,DELTA,70,100,77,100,498,yes,70,100
2025-05-23T17:04:42.235698,KXBTCD-25MAY2321-T106499.99,DELTA,70,100,77,100,499,yes,61,-1000
2025-05-23T17:04:42.276178,KXBTCD-25MAY2321-T106499.99,DELTA,71,1000,77,100,500,yes,71,1000
2025-05-23T17:04:54.516467,KXBTCD-25MAY2321-T106499.99,DELTA,71,1000,77,100,501,yes,70,-100
2025-05-23T17:04:54.517125,KXBTCD-25MAY2321-T106499.99,DELTA,71,1000,97,80000,502,no,23,-100
2025-05-23T17:04:54.597118,KXBTCD-25MAY2321-T106499.99,DELTA,61,2000,97,80000,503,yes,71,-1000
2025-05-23T17:04:54.657184,KXBTCD-25MAY2321-T106499.99,DELTA,61,3000,97,80000,504,yes,61,1000
2025-05-23T17:04:55.696386,KXBTCD-25MAY2321-T106499.99,DELTA,70,100,97,80000,505,yes,70,100
2025-05-23T17:04:55.697019,KXBTCD-25MAY2321-T106499.99,DELTA,70,100,78,100,506,no,22,100
2025-05-23T17:04:55.777486,KXBTCD-25MAY2321-T106499.99,DELTA,70,100,78,100,507,yes,61,-1000
2025-05-23T17:04:55.857755,KXBTCD-25MAY2321-T106499.99,DELTA,71,1000,78,100,508,yes,71,1000
2025-05-23T17:04:57.377741,KXBTCD-25MAY2321-T106499.99,DELTA,71,1000,78,100,509,yes,70,-100
2025-05-23T17:04:57.437658,KXBTCD-25MAY2321-T106499.99,DELTA,61,2000,78,100,510,yes,71,-1000
2025-05-23T17:04:57.476329,KXBTCD-25MAY2321-T106499.99,DELTA,61,3000,78,100,511,yes,61,1000
2025-05-23T17:04:58.417013,KXBTCD-25MAY2321-T106499.99,DELTA,71,100,78,100,512,yes,71,100
2025-05-23T17:04:58.495788,KXBTCD-25MAY2321-T106499.99,DELTA,71,100,78,100,513,yes,61,-1000
2025-05-23T17:04:58.536836,KXBTCD-25MAY2321-T106499.99,DELTA,72,1000,78,100,514,yes,72,1000
2025-05-23T17:05:01.219905,KXBTCD-25MAY2321-T106499.99,DELTA,72,1000,78,100,515,yes,68,250
2025-05-23T17:05:01.222619,KXBTCD-25MAY2321-T106499.99,DELTA,72,1000,78,100,516,yes,66,250
2025-05-23T17:05:01.236681,KXBTCD-25MAY2321-T106499.99,DELTA,72,1000,78,100,517,yes,64,250
2025-05-23T17:05:01.316593,KXBTCD-25MAY2321-T106499.99,DELTA,72,1000,78,100,518,no,6,250
2025-05-23T17:05:01.317436,KXBTCD-25MAY2321-T106499.99,DELTA,72,1000,78,100,519,yes,61,-2000
2025-05-23T17:05:01.318005,KXBTCD-25MAY2321-T106499.99,DELTA,72,1000,78,100,520,no,8,250
2025-05-23T17:05:01.336036,KXBTCD-25MAY2321-T106499.99,DELTA,72,1000,78,100,521,no,10,250
2025-05-23T17:05:01.336729,KXBTCD-25MAY2321-T106499.99,DELTA,72,1000,78,100,522,no,12,250
2025-05-23T17:05:01.357550,KXBTCD-25MAY2321-T106499.99,DELTA,72,1000,78,100,523,no,14,250
2025-05-23T17:05:01.358335,KXBTCD-25MAY2321-T106499.99,DELTA,72,1000,78,100,524,yes,62,250
2025-05-23T17:05:01.375934,KXBTCD-25MAY2321-T106499.99,DELTA,72,1000,78,100,525,yes,60,250
2025-05-23T17:05:01.438186,KXBTCD-25MAY2321-T106499.99,DELTA,72,1000,78,100,526,no,9,1000
2025-05-23T17:05:01.476809,KXBTCD-25MAY2321-T106499.99,DELTA,72,1000,78,100,527,yes,69,2000
2025-05-23T17:05:01.477536,KXBTCD-25MAY2321-T106499.99,DELTA,72,1000,78,100,528,yes,69,1250
2025-05-23T17:05:01.517590,KXBTCD-25MAY2321-T106499.99,DELTA,72,1000,78,100,529,no,9,-1000
2025-05-23T17:05:01.757164,KXBTCD-25MAY2321-T106499.99,DELTA,72,1000,78,100,530,no,15,2000
2025-05-23T17:05:01.877382,KXBTCD-25MAY2321-T106499.99,DELTA,72,1000,78,100,531,no,15,1250
2025-05-23T17:05:01.936750,KXBTCD-25MAY2321-T106499.99,DELTA,72,1000,78,100,532,no,15,1000
2025-05-23T17:05:02.138720,KXBTCD-25MAY2321-T106499.99,DELTA,72,1000,78,100,533,no,6,-250
2025-05-23T17:05:02.139518,KXBTCD-25MAY2321-T106499.99,DELTA,72,1000,78,100,534,no,16,250
2025-05-23T17:05:02.961314,KXBTCD-25MAY2321-T106499.99,DELTA,72,1000,78,100,535,no,15,-2000
2025-05-23T17:05:02.962027,KXBTCD-25MAY2321-T106499.99,DELTA,72,1000,78,100,536,no,15,-1000
2025-05-23T17:05:02.962239,KXBTCD-25MAY2321-T106499.99,DELTA,72,1000,78,100,537,no,15,-1250
2025-05-23T17:05:03.112749,KXBTCD-25MAY2321-T106499.99,DELTA,72,1000,78,100,538,no,17,1000
2025-05-23T17:05:03.113699,KXBTCD-25MAY2321-T106499.99,DELTA,72,1000,78,100,539,no,17,2000
2025-05-23T17:05:03.996625,KXBTCD-25MAY2321-T106499.99,DELTA,72,1000,78,100,540,no,16,1250
2025-05-23T17:05:04.536574,KXBTCD-25MAY2321-T106499.99,DELTA,72,1000,78,100,541,no,17,-2000
2025-05-23T17:05:05.256649,KXBTCD-25MAY2321-T106499.99,DELTA,72,1000,78,100,542,no,16,2000
2025-05-23T17:05:06.165107,KXBTCD-25MAY2321-T106499.99,DELTA,72,1000,78,100,543,yes,70,250
2025-05-23T17:05:06.165980,KXBTCD-25MAY2321-T106499.99,DELTA,72,1000,78,100,544,yes,60,-250
2025-05-23T17:05:06.318785,KXBTCD-25MAY2321-T106499.99,DELTA,72,1000,78,100,545,yes,71,-100
2025-05-23T17:05:06.319933,KXBTCD-25MAY2321-T106499.99,DELTA,72,1000,83,1000,546,no,22,-100
2025-05-23T17:05:06.596465,KXBTCD-25MAY2321-T106499.99,DELTA,70,250,83,1000,547,yes,72,-1000
2025-05-23T17:05:07.037539,KXBTCD-25MAY2321-T106499.99,DELTA,70,250,83,1000,548,yes,69,-2000
2025-05-23T17:05:07.038220,KXBTCD-25MAY2321-T106499.99,DELTA,70,250,83,1000,549,yes,69,-1250
2025-05-23T17:05:07.285835,KXBTCD-25MAY2321-T106499.99,DELTA,72,100,83,1000,550,yes,72,100
2025-05-23T17:05:07.286852,KXBTCD-25MAY2321-T106499.99,DELTA,72,100,80,100,551,no,20,100
2025-05-23T17:05:07.287488,KXBTCD-25MAY2321-T106499.99,DELTA,72,100,80,100,552,yes,60,250
2025-05-23T17:05:07.288026,KXBTCD-25MAY2321-T106499.99,DELTA,72,100,80,100,553,yes,70,-250
2025-05-23T17:05:07.288766,KXBTCD-25MAY2321-T106499.99,DELTA,72,100,80,100,554,yes,71,1000
2025-05-23T17:05:07.537552,KXBTCD-25MAY2321-T106499.99,DELTA,72,100,80,100,555,yes,70,250
2025-05-23T17:05:07.697871,KXBTCD-25MAY2321-T106499.99,DELTA,72,100,80,100,556,yes,60,-250
2025-05-23T17:05:07.756488,KXBTCD-25MAY2321-T106499.99,DELTA,72,100,80,100,557,yes,71,2000
2025-05-23T17:05:07.858502,KXBTCD-25MAY2321-T106499.99,DELTA,72,100,80,100,558,yes,71,1250
2025-05-23T17:05:08.219379,KXBTCD-25MAY2321-T106499.99,DELTA,72,100,80,100,559,yes,71,-1000
2025-05-23T17:05:08.299231,KXBTCD-25MAY2321-T106499.99,DELTA,73,1000,80,100,560,yes,73,1000
2025-05-23T17:05:10.039881,KXBTCD-25MAY2321-T106499.99,DELTA,73,1000,80,100,561,no,16,-2000
2025-05-23T17:05:10.041399,KXBTCD-25MAY2321-T106499.99,DELTA,73,1000,80,100,562,no,17,-1000
2025-05-23T17:05:10.113541,KXBTCD-25MAY2321-T106499.99,DELTA,73,1000,80,1100,563,no,20,1000
2025-05-23T17:05:10.336928,KXBTCD-25MAY2321-T106499.99,DELTA,73,1000,80,1100,564,no,17,2000
2025-05-23T17:05:10.517751,KXBTCD-25MAY2321-T106499.99,DELTA,73,1000,80,1100,565,no,16,-1250
2025-05-23T17:05:10.596723,KXBTCD-25MAY2321-T106499.99,DELTA,73,1000,80,1100,566,no,17,1250
2025-05-23T17:05:11.137526,KXBTCD-25MAY2321-T106499.99,DELTA,73,1000,80,1100,567,yes,60,250
2025-05-23T17:05:11.327692,KXBTCD-25MAY2321-T106499.99,DELTA,73,1000,80,1100,568,yes,70,-250
2025-05-23T17:05:11.976950,KXBTCD-25MAY2321-T106499.99,DELTA,73,1000,80,1100,569,yes,71,-2000
2025-05-23T17:05:12.001216,KXBTCD-25MAY2321-T106499.99,DELTA,73,1000,80,1100,570,yes,71,-1250
2025-05-23T17:05:12.036212,KXBTCD-25MAY2321-T106499.99,DELTA,73,1000,80,1100,571,yes,69,1250
2025-05-23T17:05:12.426763,KXBTCD-25MAY2321-T106499.99,DELTA,73,1000,80,1100,572,yes,69,2000
2025-05-23T17:05:14.375867,KXBTCD-25MAY2321-T106499.99,DELTA,73,1000,80,1000,573,no,20,-100
2025-05-23T17:05:14.437465,KXBTCD-25MAY2321-T106499.99,DELTA,73,1000,83,3250,574,no,20,-1000
2025-05-23T17:05:14.697655,KXBTCD-25MAY2321-T106499.99,DELTA,73,1000,83,4250,575,no,17,1000
2025-05-23T17:05:15.956008,KXBTCD-25MAY2321-T106499.99,DELTA,73,1000,79,100,576,no,21,100
2025-05-23T17:05:16.158163,KXBTCD-25MAY2321-T106499.99,DELTA,73,1000,79,100,577,no,18,250
2025-05-23T17:05:16.158645,KXBTCD-25MAY2321-T106499.99,DELTA,73,1000,79,100,578,no,8,-250
2025-05-23T17:05:16.236617,KXBTCD-25MAY2321-T106499.99,DELTA,73,1000,79,100,579,no,17,-1000
2025-05-23T17:05:16.316990,KXBTCD-25MAY2321-T106499.99,DELTA,73,1000,79,100,580,no,19,1000
2025-05-23T17:05:17.556631,KXBTCD-25MAY2321-T106499.99,DELTA,73,1000,81,1000,581,no,21,-100
2025-05-23T17:05:17.556867,KXBTCD-25MAY2321-T106499.99,DELTA,73,1000,81,1000,582,yes,72,-100
2025-05-23T17:05:17.677367,KXBTCD-25MAY2321-T106499.99,DELTA,69,3250,81,1000,583,yes,73,-1000
2025-05-23T17:05:17.737870,KXBTCD-25MAY2321-T106499.99,DELTA,69,3250,81,1000,584,yes,60,-200
2025-05-23T17:05:17.738497,KXBTCD-25MAY2321-T106499.99,DELTA,69,3250,81,1000,585,yes,50,200
2025-05-23T17:05:17.776073,KXBTCD-25MAY2321-T106499.99,DELTA,69,3250,81,1000,586,no,17,-2000
2025-05-23T17:05:17.796258,KXBTCD-25MAY2321-T106499.99,DELTA,69,3250,82,250,587,no,19,-1000
2025-05-23T17:05:17.856158,KXBTCD-25MAY2321-T106499.99,DELTA,69,4250,82,250,588,yes,69,1000
2025-05-23T17:05:17.876423,KXBTCD-25MAY2321-T106499.99,DELTA,69,4250,81,1000,589,no,19,1000
2025-05-23T17:05:17.877182,KXBTCD-25MAY2321-T106499.99,DELTA,69,4250,81,1000,590,no,18,2000
2025-05-23T17:05:18.296464,KXBTCD-25MAY2321-T106499.99,DELTA,69,4250,81,1000,591,no,18,-2000
2025-05-23T17:05:18.341528,KXBTCD-25MAY2321-T106499.99,DELTA,69,4250,81,1000,592,no,17,2000
2025-05-23T17:05:18.616316,KXBTCD-25MAY2321-T106499.99,DELTA,69,4250,81,1000,593,no,17,-2000
2025-05-23T17:05:18.636270,KXBTCD-25MAY2321-T106499.99,DELTA,70,100,81,1000,594,yes,70,100
2025-05-23T17:05:18.636727,KXBTCD-25MAY2321-T106499.99,DELTA,70,100,78,100,595,no,22,100
2025-05-23T17:05:18.656826,KXBTCD-25MAY2321-T106499.99,DELTA,70,100,78,100,596,no,17,2000
2025-05-23T17:05:18.820088,KXBTCD-25MAY2321-T106499.99,DELTA,70,100,78,100,597,yes,69,-1000
2025-05-23T17:05:18.865144,KXBTCD-25MAY2321-T106499.99,DELTA,71,1000,78,100,598,yes,71,1000
2025-05-23T17:05:20.077337,KXBTCD-25MAY2321-T106499.99,DELTA,71,1000,78,100,599,no,17,-2000
2025-05-23T17:05:20.136733,KXBTCD-25MAY2321-T106499.99,DELTA,71,1000,78,100,600,no,18,2000
2025-05-23T17:05:21.297158,KXBTCD-25MAY2321-T106499.99,DELTA,71,1000,78,100,601,yes,68,-250
2025-05-23T17:05:21.316837,KXBTCD-25MAY2321-T106499.99,DELTA,71,1000,78,100,602,yes,58,250
2025-05-23T17:05:21.339780,KXBTCD-25MAY2321-T106499.99,DELTA,71,1000,78,100,603,no,17,-1250
2025-05-23T17:05:21.397419,KXBTCD-25MAY2321-T106499.99,DELTA,71,1000,78,100,604,yes,69,-2000
2025-05-23T17:05:21.416359,KXBTCD-25MAY2321-T106499.99,DELTA,71,1000,78,100,605,yes,69,-1250
2025-05-23T17:05:21.416771,KXBTCD-25MAY2321-T106499.99,DELTA,71,1000,78,100,606,no,17,1250
2025-05-23T17:05:21.497178,KXBTCD-25MAY2321-T106499.99,DELTA,71,1000,78,100,607,yes,67,1250
2025-05-23T17:05:21.536792,KXBTCD-25MAY2321-T106499.99,DELTA,71,1000,78,100,608,yes,67,2000
2025-05-23T17:05:21.998192,KXBTCD-25MAY2321-T106499.99,DELTA,71,1000,78,100,609,no,17,-1250
2025-05-23T17:05:22.176898,KXBTCD-25MAY2321-T106499.99,DELTA,71,1000,78,100,610,no,18,1250
2025-05-23T17:05:22.356363,KXBTCD-25MAY2321-T106499.99,DELTA,71,1000,81,1000,611,no,22,-100
2025-05-23T17:05:23.155819,KXBTCD-25MAY2321-T106499.99,DELTA,71,1000,81,1000,612,no,10,-250
2025-05-23T17:05:23.156546,KXBTCD-25MAY2321-T106499.99,DELTA,71,1000,80,250,613,no,20,250
2025-05-23T17:05:23.297438,KXBTCD-25MAY2321-T106499.99,DELTA,71,1000,80,250,614,no,19,-1000
2025-05-23T17:05:23.415865,KXBTCD-25MAY2321-T106499.99,DELTA,71,1000,79,1000,615,no,21,1000
2025-05-23T17:05:23.917138,KXBTCD-25MAY2321-T106499.99,DELTA,71,1000,77,100,616,no,23,100
2025-05-23T17:05:24.217036,KXBTCD-25MAY2321-T106499.99,DELTA,71,1000,77,100,617,no,10,250
2025-05-23T17:05:24.217426,KXBTCD-25MAY2321-T106499.99,DELTA,71,1000,77,100,618,no,20,-250
2025-05-23T17:05:24.298414,KXBTCD-25MAY2321-T106499.99,DELTA,71,1000,77,100,619,no,18,-1250
2025-05-23T17:05:24.318061,KXBTCD-25MAY2321-T106499.99,DELTA,71,1000,77,100,620,no,21,-1000
2025-05-23T17:05:24.496187,KXBTCD-25MAY2321-T106499.99,DELTA,71,1000,77,100,621,no,18,-2000
2025-05-23T17:05:24.497857,KXBTCD-25MAY2321-T106499.99,DELTA,71,1000,77,100,622,no,19,1000
2025-05-23T17:05:24.517430,KXBTCD-25MAY2321-T106499.99,DELTA,71,1000,77,100,623,no,17,1250
2025-05-23T17:05:24.797281,KXBTCD-25MAY2321-T106499.99,DELTA,71,1000,77,100,624,no,17,2000
2025-05-23T17:05:24.816969,KXBTCD-25MAY2321-T106499.99,DELTA,71,1000,77,100,625,yes,50,-200
2025-05-23T17:05:24.817219,KXBTCD-25MAY2321-T106499.99,DELTA,71,1000,77,100,626,yes,60,200
2025-05-23T17:05:25.316854,KXBTCD-25MAY2321-T106499.99,DELTA,71,1000,77,100,627,no,17,-2000
2025-05-23T17:05:25.416627,KXBTCD-25MAY2321-T106499.99,DELTA,71,1000,77,100,628,no,17,-1250
2025-05-23T17:05:25.717862,KXBTCD-25MAY2321-T106499.99,DELTA,71,1000,77,100,629,no,16,1250
2025-05-23T17:05:25.718260,KXBTCD-25MAY2321-T106499.99,DELTA,71,1000,77,100,630,no,16,2000
2025-05-23T17:05:26.117109,KXBTCD-25MAY2321-T106499.99,DELTA,71,1000,77,100,631,yes,68,250
2025-05-23T17:05:26.118150,KXBTCD-25MAY2321-T106499.99,DELTA,71,1000,77,100,632,yes,58,-250
2025-05-23T17:05:26.217786,KXBTCD-25MAY2321-T106499.99,DELTA,71,1000,77,100,633,yes,60,-250
2025-05-23T17:05:26.218448,KXBTCD-25MAY2321-T106499.99,DELTA,71,1000,77,100,634,yes,70,-100
2025-05-23T17:05:26.318875,KXBTCD-25MAY2321-T106499.99,DELTA,71,1000,77,100,635,no,18,-250
2025-05-23T17:05:26.319537,KXBTCD-25MAY2321-T106499.99,DELTA,71,1000,81,1000,636,no,23,-100
2025-05-23T17:05:26.319961,KXBTCD-25MAY2321-T106499.99,DELTA,71,1000,81,1000,637,no,8,250
2025-05-23T17:05:26.320237,KXBTCD-25MAY2321-T106499.99,DELTA,68,250,81,1000,638,yes,71,-1000
2025-05-23T17:05:26.417289,KXBTCD-25MAY2321-T106499.99,DELTA,68,250,81,1000,639,yes,67,-2000
2025-05-23T17:05:26.417586,KXBTCD-25MAY2321-T106499.99,DELTA,69,1000,81,1000,640,yes,69,1000
2025-05-23T17:05:26.418157,KXBTCD-25MAY2321-T106499.99,DELTA,69,1000,84,3500,641,no,19,-1000
2025-05-23T17:05:26.418704,KXBTCD-25MAY2321-T106499.99,DELTA,70,250,84,3500,642,yes,70,250
2025-05-23T17:05:26.418947,KXBTCD-25MAY2321-T106499.99,DELTA,70,250,84,3500,643,yes,67,-1250
2025-05-23T17:05:26.455455,KXBTCD-25MAY2321-T106499.99,DELTA,69,1000,84,3500,644,yes,70,-250
2025-05-23T17:05:26.518918,KXBTCD-25MAY2321-T106499.99,DELTA,69,1000,83,1000,645,no,17,1000
2025-05-23T17:05:26.536166,KXBTCD-25MAY2321-T106499.99,DELTA,69,2250,83,1000,646,yes,69,1250
2025-05-23T17:05:26.536564,KXBTCD-25MAY2321-T106499.99,DELTA,69,4250,83,1000,647,yes,69,2000
2025-05-23T17:05:27.137490,KXBTCD-25MAY2321-T106499.99,DELTA,69,4250,83,1000,648,yes,60,250
2025-05-23T17:05:27.796497,KXBTCD-25MAY2321-T106499.99,DELTA,71,100,83,1000,649,yes,71,100
2025-05-23T17:05:27.815782,KXBTCD-25MAY2321-T106499.99,DELTA,71,100,79,100,650,no,21,100
2025-05-23T17:05:27.896304,KXBTCD-25MAY2321-T106499.99,DELTA,71,100,79,100,651,yes,69,-1000
2025-05-23T17:05:28.136590,KXBTCD-25MAY2321-T106499.99,DELTA,72,1000,79,100,652,yes,72,1000
2025-05-23T17:05:28.196747,KXBTCD-25MAY2321-T106499.99,DELTA,72,1000,79,100,653,yes,60,-250
2025-05-23T17:05:28.197307,KXBTCD-25MAY2321-T106499.99,DELTA,72,1000,79,100,654,yes,70,250
2025-05-23T17:05:28.276755,KXBTCD-25MAY2321-T106499.99,DELTA,72,1000,79,100,655,yes,69,-2000
2025-05-23T17:05:28.277189,KXBTCD-25MAY2321-T106499.99,DELTA,72,1000,79,100,656,yes,69,-1250
2025-05-23T17:05:28.396274,KXBTCD-25MAY2321-T106499.99,DELTA,72,1000,79,100,657,yes,71,2000
2025-05-23T17:05:28.396928,KXBTCD-25MAY2321-T106499.99,DELTA,72,1000,79,100,658,yes,71,1250
2025-05-23T17:05:28.398065,KXBTCD-25MAY2321-T106499.99,DELTA,72,1000,79,100,659,yes,71,-100
2025-05-23T17:05:28.416659,KXBTCD-25MAY2321-T106499.99,DELTA,71,3250,79,100,660,yes,72,-1000
2025-05-23T17:05:28.476742,KXBTCD-25MAY2321-T106499.99,DELTA,71,4250,79,100,661,yes,71,1000
2025-05-23T17:05:28.517416,KXBTCD-25MAY2321-T106499.99,DELTA,71,4250,79,100,662,no,16,-1250
2025-05-23T17:05:28.556814,KXBTCD-25MAY2321-T106499.99,DELTA,71,4250,79,100,663,no,15,1250
2025-05-23T17:05:28.636486,KXBTCD-25MAY2321-T106499.99,DELTA,71,4250,83,1000,664,no,21,-100
2025-05-23T17:05:29.116632,KXBTCD-25MAY2321-T106499.99,DELTA,71,4250,83,1000,665,no,16,-250
2025-05-23T17:05:29.136282,KXBTCD-25MAY2321-T106499.99,DELTA,71,4250,83,1000,666,no,6,250
2025-05-23T17:05:29.177038,KXBTCD-25MAY2321-T106499.99,DELTA,71,4250,83,1000,667,no,16,-2000
2025-05-23T17:05:29.197254,KXBTCD-25MAY2321-T106499.99,DELTA,71,4250,85,1250,668,no,17,-1000
2025-05-23T17:05:29.237495,KXBTCD-25MAY2321-T106499.99,DELTA,71,4250,85,2250,669,no,15,1000
2025-05-23T17:05:29.255857,KXBTCD-25MAY2321-T106499.99,DELTA,71,4250,85,4250,670,no,15,2000
2025-05-23T17:05:29.556445,KXBTCD-25MAY2321-T106499.99,DELTA,71,4250,81,100,671,no,19,100
2025-05-23T17:05:29.576503,KXBTCD-25MAY2321-T106499.99,DELTA,73,100,81,100,672,yes,73,100
2025-05-23T17:05:29.756977,KXBTCD-25MAY2321-T106499.99,DELTA,73,100,81,100,673,yes,71,-1000
2025-05-23T17:05:29.861401,KXBTCD-25MAY2321-T106499.99,DELTA,74,1000,81,100,674,yes,74,1000
2025-05-23T17:05:31.237302,KXBTCD-25MAY2321-T106499.99,DELTA,74,1000,81,100,675,yes,62,-250
2025-05-23T17:05:31.257805,KXBTCD-25MAY2321-T106499.99,DELTA,74,1000,81,100,676,yes,72,250
2025-05-23T17:05:31.355737,KXBTCD-25MAY2321-T106499.99,DELTA,74,1000,81,100,677,yes,71,-2000
2025-05-23T17:05:31.376139,KXBTCD-25MAY2321-T106499.99,DELTA,74,1000,81,100,678,yes,71,-1250
2025-05-23T17:05:31.436589,KXBTCD-25MAY2321-T106499.99,DELTA,74,1000,81,100,679,yes,73,2000
2025-05-23T17:05:31.437164,KXBTCD-25MAY2321-T106499.99,DELTA,74,1000,81,100,680,yes,73,1250
2025-05-23T17:05:31.657543,KXBTCD-25MAY2321-T106499.99,DELTA,74,1000,85,4250,681,no,19,-100
2025-05-23T17:05:32.257812,KXBTCD-25MAY2321-T106499.99,DELTA,74,1250,85,4250,682,yes,74,250
2025-05-23T17:05:32.315902,KXBTCD-25MAY2321-T106499.99,DELTA,74,1250,85,4250,683,no,14,-250
2025-05-23T17:05:32.317103,KXBTCD-25MAY2321-T106499.99,DELTA,74,1250,85,4250,684,yes,73,-2000
2025-05-23T17:05:32.337581,KXBTCD-25MAY2321-T106499.99,DELTA,74,250,85,4250,685,yes,74,-1000
2025-05-23T17:05:32.338122,KXBTCD-25MAY2321-T106499.99,DELTA,74,250,85,4250,686,yes,73,-1250
2025-05-23T17:05:32.338464,KXBTCD-25MAY2321-T106499.99,DELTA,74,250,85,4250,687,yes,64,-250
2025-05-23T17:05:32.356513,KXBTCD-25MAY2321-T106499.99,DELTA,74,250,85,4250,688,no,4,250
2025-05-23T17:05:32.416872,KXBTCD-25MAY2321-T106499.99,DELTA,75,1000,85,4250,689,yes,75,1000
2025-05-23T17:05:32.417189,KXBTCD-25MAY2321-T106499.99,DELTA,75,1000,85,4250,690,yes,74,1250
2025-05-23T17:05:32.436887,KXBTCD-25MAY2321-T106499.99,DELTA,75,1000,85,4250,691,yes,74,2000
2025-05-23T17:05:32.457431,KXBTCD-25MAY2321-T106499.99,DELTA,75,1000,81,100,692,no,19,100
2025-05-23T17:05:32.636468,KXBTCD-25MAY2321-T106499.99,DELTA,75,1000,81,100,693,no,15,-2000
2025-05-23T17:05:32.657419,KXBTCD-25MAY2321-T106499.99,DELTA,75,1000,81,100,694,no,15,-1000
2025-05-23T17:05:32.657666,KXBTCD-25MAY2321-T106499.99,DELTA,75,1000,81,100,695,no,15,-1250
2025-05-23T17:05:32.777390,KXBTCD-25MAY2321-T106499.99,DELTA,75,1000,81,100,696,no,13,2000
2025-05-23T17:05:32.777714,KXBTCD-25MAY2321-T106499.99,DELTA,75,1000,81,100,697,no,13,1000
2025-05-23T17:05:32.777964,KXBTCD-25MAY2321-T106499.99,DELTA,75,1000,81,100,698,no,13,1250
2025-05-23T17:05:33.058302,KXBTCD-25MAY2321-T106499.99,DELTA,75,1000,81,100,699,yes,74,-2000
2025-05-23T17:05:33.078362,KXBTCD-25MAY2321-T106499.99,DELTA,75,1000,81,100,700,yes,74,-1250
2025-05-23T17:05:33.138349,KXBTCD-25MAY2321-T106499.99,DELTA,75,2250,81,100,701,yes,75,1250
2025-05-23T17:05:33.138783,KXBTCD-25MAY2321-T106499.99,DELTA,75,4250,81,100,702,yes,75,2000
2025-05-23T17:05:33.181965,KXBTCD-25MAY2321-T106499.99,DELTA,75,4250,81,100,703,yes,73,-100
2025-05-23T17:05:34.416948,KXBTCD-25MAY2321-T106499.99,DELTA,75,4250,81,100,704,no,2,250
2025-05-23T17:05:34.436678,KXBTCD-25MAY2321-T106499.99,DELTA,75,4250,81,100,705,no,12,-250
2025-05-23T17:05:34.519134,KXBTCD-25MAY2321-T106499.99,DELTA,75,4250,81,100,706,no,13,-2000
2025-05-23T17:05:34.519856,KXBTCD-25MAY2321-T106499.99,DELTA,75,4250,81,100,707,no,13,-1000
2025-05-23T17:05:34.537471,KXBTCD-25MAY2321-T106499.99,DELTA,75,4250,81,100,708,no,13,-1250
2025-05-23T17:05:34.735881,KXBTCD-25MAY2321-T106499.99,DELTA,75,4250,81,100,709,yes,73,100
2025-05-23T17:05:34.736367,KXBTCD-25MAY2321-T106499.99,DELTA,75,4250,81,100,710,no,11,1250
2025-05-23T17:05:34.756984,KXBTCD-25MAY2321-T106499.99,DELTA,75,4250,81,100,711,no,11,2000
2025-05-23T17:05:34.757493,KXBTCD-25MAY2321-T106499.99,DELTA,75,4250,81,100,712,no,11,1000
2025-05-23T17:05:36.197588,KXBTCD-25MAY2321-T106499.99,DELTA,75,4250,81,100,713,yes,66,-250
2025-05-23T17:05:36.197989,KXBTCD-25MAY2321-T106499.99,DELTA,76,250,81,100,714,yes,76,250
2025-05-23T17:05:36.337709,KXBTCD-25MAY2321-T106499.99,DELTA,76,250,81,100,715,yes,75,-2000
2025-05-23T17:05:36.338166,KXBTCD-25MAY2321-T106499.99,DELTA,76,250,81,100,716,yes,75,-1000
2025-05-23T17:05:36.356837,KXBTCD-25MAY2321-T106499.99,DELTA,76,250,81,100,717,yes,75,-1250
2025-05-23T17:05:36.477468,KXBTCD-25MAY2321-T106499.99,DELTA,77,1000,81,100,718,yes,77,1000
2025-05-23T17:05:36.477942,KXBTCD-25MAY2321-T106499.99,DELTA,77,1000,81,100,719,yes,76,2000
2025-05-23T17:05:36.516546,KXBTCD-25MAY2321-T106499.99,DELTA,77,1000,81,100,720,yes,76,-250
2025-05-23T17:05:36.516862,KXBTCD-25MAY2321-T106499.99,DELTA,77,1000,81,100,721,yes,66,250
2025-05-23T17:05:36.576919,KXBTCD-25MAY2321-T106499.99,DELTA,77,1000,81,100,722,yes,66,-250
2025-05-23T17:05:36.676490,KXBTCD-25MAY2321-T106499.99,DELTA,77,1000,81,100,723,yes,76,-2000
2025-05-23T17:05:36.677659,KXBTCD-25MAY2321-T106499.99,DELTA,74,250,81,100,724,yes,77,-1000
2025-05-23T17:05:36.737320,KXBTCD-25MAY2321-T106499.99,DELTA,74,250,81,100,725,yes,66,250
2025-05-23T17:05:36.758297,KXBTCD-25MAY2321-T106499.99,DELTA,77,1250,81,100,726,yes,77,1250
2025-05-23T17:05:36.777148,KXBTCD-25MAY2321-T106499.99,DELTA,77,1250,81,100,727,yes,75,2000
2025-05-23T17:05:36.777540,KXBTCD-25MAY2321-T106499.99,DELTA,77,1250,81,100,728,yes,75,1000
2025-05-23T17:05:36.816496,KXBTCD-25MAY2321-T106499.99,DELTA,77,1250,81,100,729,yes,76,250
2025-05-23T17:05:36.817001,KXBTCD-25MAY2321-T106499.99,DELTA,77,1250,81,100,730,yes,66,-250
2025-05-23T17:05:36.817158,KXBTCD-25MAY2321-T106499.99,DELTA,76,250,81,100,731,yes,77,-1250
2025-05-23T17:05:36.876617,KXBTCD-25MAY2321-T106499.99,DELTA,76,250,81,100,732,yes,75,1250
2025-05-23T17:05:36.940536,KXBTCD-25MAY2321-T106499.99,DELTA,76,250,81,100,733,yes,73,-100
2025-05-23T17:05:36.976549,KXBTCD-25MAY2321-T106499.99,DELTA,76,250,81,100,734,yes,75,-2000
2025-05-23T17:05:36.977700,KXBTCD-25MAY2321-T106499.99,DELTA,76,250,81,100,735,yes,75,-1000
2025-05-23T17:05:36.996340,KXBTCD-25MAY2321-T106499.99,DELTA,76,250,81,100,736,yes,75,-1250
2025-05-23T17:05:37.095508,KXBTCD-25MAY2321-T106499.99,DELTA,77,1250,81,100,737,yes,77,1250
2025-05-23T17:05:37.095830,KXBTCD-25MAY2321-T106499.99,DELTA,77,2250,81,100,738,yes,77,1000
2025-05-23T17:05:37.096438,KXBTCD-25MAY2321-T106499.99,DELTA,77,4250,81,100,739,yes,77,2000
2025-05-23T17:05:37.557021,KXBTCD-25MAY2321-T106499.99,DELTA,77,2250,81,100,740,yes,77,-2000
2025-05-23T17:05:37.617010,KXBTCD-25MAY2321-T106499.99,DELTA,77,2250,81,100,741,yes,76,2000
2025-05-23T17:05:37.877260,KXBTCD-25MAY2321-T106499.99,DELTA,77,1000,81,100,742,yes,77,-1250
2025-05-23T17:05:37.977497,KXBTCD-25MAY2321-T106499.99,DELTA,77,1000,81,100,743,yes,75,1250
2025-05-23T17:05:38.276792,KXBTCD-25MAY2321-T106499.99,DELTA,77,1000,81,100,744,yes,76,-2000
2025-05-23T17:05:38.317413,KXBTCD-25MAY2321-T106499.99,DELTA,77,1000,81,100,745,yes,75,2000
2025-05-23T17:05:38.435603,KXBTCD-25MAY2321-T106499.99,DELTA,77,1000,81,100,746,yes,74,100
2025-05-23T17:05:38.777389,KXBTCD-25MAY2321-T106499.99,DELTA,77,1000,81,100,747,yes,75,-1250
2025-05-23T17:05:38.816753,KXBTCD-25MAY2321-T106499.99,DELTA,77,1000,81,100,748,yes,76,1250
2025-05-23T17:05:38.937871,KXBTCD-25MAY2321-T106499.99,DELTA,77,1000,81,100,749,yes,76,-1250
2025-05-23T17:05:38.975707,KXBTCD-25MAY2321-T106499.99,DELTA,77,1000,81,100,750,yes,75,1250
2025-05-23T17:05:39.157363,KXBTCD-25MAY2321-T106499.99,DELTA,77,1000,81,100,751,yes,76,-250
2025-05-23T17:05:39.157976,KXBTCD-25MAY2321-T106499.99,DELTA,77,1000,81,100,752,yes,66,250
2025-05-23T17:05:39.256655,KXBTCD-25MAY2321-T106499.99,DELTA,75,3250,81,100,753,yes,77,-1000
2025-05-23T17:05:39.316056,KXBTCD-25MAY2321-T106499.99,DELTA,75,4250,81,100,754,yes,75,1000
2025-05-23T17:05:40.157622,KXBTCD-25MAY2321-T106499.99,DELTA,75,4250,81,100,755,yes,66,-250
2025-05-23T17:05:40.158034,KXBTCD-25MAY2321-T106499.99,DELTA,76,250,81,100,756,yes,76,250
2025-05-23T17:05:40.237107,KXBTCD-25MAY2321-T106499.99,DELTA,76,250,81,100,757,yes,75,-1000
2025-05-23T17:05:40.298223,KXBTCD-25MAY2321-T106499.99,DELTA,77,1000,81,100,758,yes,77,1000
2025-05-23T17:05:40.438992,KXBTCD-25MAY2321-T106499.99,DELTA,77,1000,81,100,759,yes,75,-2000
2025-05-23T17:05:40.457786,KXBTCD-25MAY2321-T106499.99,DELTA,77,1000,81,100,760,yes,75,-1250
2025-05-23T17:05:40.457950,KXBTCD-25MAY2321-T106499.99,DELTA,77,1000,81,100,761,yes,74,-100
2025-05-23T17:05:40.458027,KXBTCD-25MAY2321-T106499.99,DELTA,77,1000,89,4250,762,no,19,-100
2025-05-23T17:05:40.538667,KXBTCD-25MAY2321-T106499.99,DELTA,77,2250,89,4250,763,yes,77,1250
2025-05-23T17:05:40.556998,KXBTCD-25MAY2321-T106499.99,DELTA,77,2250,89,4250,764,yes,76,2000
2025-05-23T17:05:41.076428,KXBTCD-25MAY2321-T106499.99,DELTA,77,1000,89,4250,765,yes,77,-1250
2025-05-23T17:05:41.116860,KXBTCD-25MAY2321-T106499.99,DELTA,77,1000,89,4250,766,yes,76,1250
2025-05-23T17:05:42.437588,KXBTCD-25MAY2321-T106499.99,DELTA,77,1000,89,4250,767,yes,76,-2000
2025-05-23T17:05:42.438322,KXBTCD-25MAY2321-T106499.99,DELTA,77,1000,89,4250,768,yes,76,-1250
2025-05-23T17:05:42.537442,KXBTCD-25MAY2321-T106499.99,DELTA,77,1000,89,4250,769,yes,75,1250
2025-05-23T17:05:42.537548,KXBTCD-25MAY2321-T106499.99,DELTA,77,1000,89,4250,770,yes,75,2000
2025-05-23T17:05:42.636969,KXBTCD-25MAY2321-T106499.99,DELTA,77,1000,83,100,771,no,17,100
2025-05-23T17:05:42.679807,KXBTCD-25MAY2321-T106499.99,DELTA,77,1000,83,100,772,yes,75,100
2025-05-23T17:05:42.816629,KXBTCD-25MAY2321-T106499.99,DELTA,77,1000,83,100,773,no,11,-1000
2025-05-23T17:05:42.897129,KXBTCD-25MAY2321-T106499.99,DELTA,77,1000,83,1100,774,no,17,1000
2025-05-23T17:05:43.038201,KXBTCD-25MAY2321-T106499.99,DELTA,77,1000,83,1000,775,no,17,-100
2025-05-23T17:05:43.095818,KXBTCD-25MAY2321-T106499.99,DELTA,77,1000,89,3250,776,no,17,-1000
2025-05-23T17:05:43.156068,KXBTCD-25MAY2321-T106499.99,DELTA,77,1000,89,4250,777,no,11,1000
2025-05-23T17:05:43.397585,KXBTCD-25MAY2321-T106499.99,DELTA,77,1000,89,4250,778,yes,66,250
2025-05-23T17:05:43.398105,KXBTCD-25MAY2321-T106499.99,DELTA,77,1000,89,4250,779,yes,76,-250
2025-05-23T17:05:43.422504,KXBTCD-25MAY2321-T106499.99,DELTA,77,1000,89,4250,780,yes,75,-2000
2025-05-23T17:05:43.437304,KXBTCD-25MAY2321-T106499.99,DELTA,77,1000,89,4250,781,yes,75,-1250
2025-05-23T17:05:43.516753,KXBTCD-25MAY2321-T106499.99,DELTA,75,100,89,4250,782,yes,77,-1000
2025-05-23T17:05:43.556168,KXBTCD-25MAY2321-T106499.99,DELTA,75,100,89,4250,783,yes,74,2000
2025-05-23T17:05:43.577040,KXBTCD-25MAY2321-T106499.99,DELTA,75,100,89,4250,784,yes,64,250
2025-05-23T17:05:43.577298,KXBTCD-25MAY2321-T106499.99,DELTA,75,100,89,4250,785,yes,74,-250
2025-05-23T17:05:43.596538,KXBTCD-25MAY2321-T106499.99,DELTA,76,1000,89,4250,786,yes,76,1000
2025-05-23T17:05:43.636569,KXBTCD-25MAY2321-T106499.99,DELTA,76,1000,89,4250,787,yes,64,-250
2025-05-23T17:05:43.656082,KXBTCD-25MAY2321-T106499.99,DELTA,76,1000,89,4250,788,yes,74,250
2025-05-23T17:05:43.656704,KXBTCD-25MAY2321-T106499.99,DELTA,76,1000,89,4250,789,yes,74,1250
2025-05-23T17:05:43.741484,KXBTCD-25MAY2321-T106499.99,DELTA,76,1000,89,4250,790,yes,74,-2000
2025-05-23T17:05:43.796245,KXBTCD-25MAY2321-T106499.99,DELTA,76,1000,89,4250,791,yes,74,2000
2025-05-23T17:05:43.939352,KXBTCD-25MAY2321-T106499.99,DELTA,76,1000,82,100,792,no,18,100
2025-05-23T17:05:44.056427,KXBTCD-25MAY2321-T106499.99,DELTA,76,1000,82,100,793,no,11,-1000
2025-05-23T17:05:44.136728,KXBTCD-25MAY2321-T106499.99,DELTA,76,1000,82,1100,794,no,18,1000
2025-05-23T17:05:44.158896,KXBTCD-25MAY2321-T106499.99,DELTA,76,1000,82,1100,795,no,2,-250
2025-05-23T17:05:44.159719,KXBTCD-25MAY2321-T106499.99,DELTA,76,1000,82,1100,796,no,12,250
2025-05-23T17:05:44.295813,KXBTCD-25MAY2321-T106499.99,DELTA,76,1000,82,1100,797,no,11,-2000
2025-05-23T17:05:44.297087,KXBTCD-25MAY2321-T106499.99,DELTA,76,1000,82,1100,798,no,11,-1250
2025-05-23T17:05:44.377212,KXBTCD-25MAY2321-T106499.99,DELTA,76,1000,82,1100,799,yes,75,-100
2025-05-23T17:05:44.377723,KXBTCD-25MAY2321-T106499.99,DELTA,76,1000,82,1000,800,no,18,-100
2025-05-23T17:05:44.397894,KXBTCD-25MAY2321-T106499.99,DELTA,76,1000,82,1000,801,no,13,2000
2025-05-23T17:05:44.398428,KXBTCD-25MAY2321-T106499.99,DELTA,76,1000,82,1000,802,no,13,1250
2025-05-23T17:05:44.416270,KXBTCD-25MAY2321-T106499.99,DELTA,76,1000,82,1000,803,yes,74,-250
2025-05-23T17:05:44.416834,KXBTCD-25MAY2321-T106499.99,DELTA,76,1000,82,1000,804,yes,64,250
2025-05-23T17:05:44.455523,KXBTCD-25MAY2321-T106499.99,DELTA,76,1000,82,1000,805,yes,74,-1250
2025-05-23T17:05:44.496817,KXBTCD-25MAY2321-T106499.99,DELTA,74,2000,82,1000,806,yes,76,-1000
2025-05-23T17:05:44.497235,KXBTCD-25MAY2321-T106499.99,DELTA,74,2000,87,3250,807,no,18,-1000
2025-05-23T17:05:44.538322,KXBTCD-25MAY2321-T106499.99,DELTA,72,250,87,3250,808,yes,74,-2000
2025-05-23T17:05:44.555823,KXBTCD-25MAY2321-T106499.99,DELTA,73,1250,87,3250,809,yes,73,1250
2025-05-23T17:05:44.595231,KXBTCD-25MAY2321-T106499.99,DELTA,73,1250,87,3250,810,yes,72,-250
2025-05-23T17:05:44.615442,KXBTCD-25MAY2321-T106499.99,DELTA,73,1250,87,3250,811,yes,62,250
2025-05-23T17:05:44.635640,KXBTCD-25MAY2321-T106499.99,DELTA,73,1250,87,4250,812,no,13,1000
2025-05-23T17:05:44.636357,KXBTCD-25MAY2321-T106499.99,DELTA,73,1250,87,4250,813,yes,62,-250
2025-05-23T17:05:44.657036,KXBTCD-25MAY2321-T106499.99,DELTA,73,2250,87,4250,814,yes,73,1000
2025-05-23T17:05:44.675787,KXBTCD-25MAY2321-T106499.99,DELTA,73,4250,87,4250,815,yes,73,2000
2025-05-23T17:05:44.798739,KXBTCD-25MAY2321-T106499.99,DELTA,73,3000,87,4250,816,yes,73,-1250
2025-05-23T17:05:44.896398,KXBTCD-25MAY2321-T106499.99,DELTA,73,2000,87,4250,817,yes,73,-1000
2025-05-23T17:05:44.917484,KXBTCD-25MAY2321-T106499.99,DELTA,70,250,87,4250,818,yes,73,-2000
2025-05-23T17:05:44.957986,KXBTCD-25MAY2321-T106499.99,DELTA,71,1250,87,4250,819,yes,71,1250
2025-05-23T17:05:44.992490,KXBTCD-25MAY2321-T106499.99,DELTA,71,1250,87,4250,820,yes,62,250
2025-05-23T17:05:45.018334,KXBTCD-25MAY2321-T106499.99,DELTA,71,1250,87,4250,821,yes,62,-250
2025-05-23T17:05:45.018573,KXBTCD-25MAY2321-T106499.99,DELTA,72,250,87,4250,822,yes,72,250
2025-05-23T17:05:45.018776,KXBTCD-25MAY2321-T106499.99,DELTA,72,250,87,4250,823,yes,71,2000
2025-05-23T17:05:45.037778,KXBTCD-25MAY2321-T106499.99,DELTA,72,250,87,4250,824,yes,71,1000
2025-05-23T17:05:45.158576,KXBTCD-25MAY2321-T106499.99,DELTA,72,250,86,250,825,no,14,250
2025-05-23T17:05:45.177145,KXBTCD-25MAY2321-T106499.99,DELTA,72,250,86,250,826,yes,71,-2000
2025-05-23T17:05:45.196489,KXBTCD-25MAY2321-T106499.99,DELTA,72,250,86,250,827,yes,71,-1000
2025-05-23T17:05:45.197095,KXBTCD-25MAY2321-T106499.99,DELTA,72,250,86,250,828,yes,71,-1250
2025-05-23T17:05:45.277792,KXBTCD-25MAY2321-T106499.99,DELTA,72,250,86,250,829,yes,62,250
2025-05-23T17:05:45.278161,KXBTCD-25MAY2321-T106499.99,DELTA,72,250,86,250,830,no,4,-250
2025-05-23T17:05:45.278496,KXBTCD-25MAY2321-T106499.99,DELTA,70,250,86,250,831,yes,72,-250
2025-05-23T17:05:45.339606,KXBTCD-25MAY2321-T106499.99,DELTA,70,250,86,250,832,yes,60,250
2025-05-23T17:05:45.340297,KXBTCD-25MAY2321-T106499.99,DELTA,68,250,86,250,833,yes,70,-250
2025-05-23T17:05:45.340720,KXBTCD-25MAY2321-T106499.99,DELTA,68,250,86,250,834,no,13,-2000
2025-05-23T17:05:45.360377,KXBTCD-25MAY2321-T106499.99,DELTA,68,250,86,250,835,no,13,-1000
2025-05-23T17:05:45.360817,KXBTCD-25MAY2321-T106499.99,DELTA,68,250,80,100,836,no,20,100
2025-05-23T17:05:45.360960,KXBTCD-25MAY2321-T106499.99,DELTA,68,250,80,100,837,no,13,-1250
2025-05-23T17:05:45.477230,KXBTCD-25MAY2321-T106499.99,DELTA,73,2000,80,100,838,yes,73,2000
2025-05-23T17:05:45.495204,KXBTCD-25MAY2321-T106499.99,DELTA,73,3000,80,100,839,yes,73,1000
2025-05-23T17:05:45.496387,KXBTCD-25MAY2321-T106499.99,DELTA,73,4250,80,100,840,yes,73,1250
2025-05-23T17:05:45.517552,KXBTCD-25MAY2321-T106499.99,DELTA,73,4250,80,100,841,no,14,-250
2025-05-23T17:05:45.517662,KXBTCD-25MAY2321-T106499.99,DELTA,73,4250,80,100,842,no,4,250
2025-05-23T17:05:45.517726,KXBTCD-25MAY2321-T106499.99,DELTA,73,4250,80,100,843,yes,60,-250
2025-05-23T17:05:45.517780,KXBTCD-25MAY2321-T106499.99,DELTA,73,4250,80,100,844,yes,70,250
2025-05-23T17:05:45.695394,KXBTCD-25MAY2321-T106499.99,DELTA,73,4250,80,100,845,no,15,1000
2025-05-23T17:05:45.695547,KXBTCD-25MAY2321-T106499.99,DELTA,73,4250,80,100,846,no,15,2000
2025-05-23T17:05:45.717264,KXBTCD-25MAY2321-T106499.99,DELTA,73,4250,80,100,847,no,15,1250
2025-05-23T17:05:45.736164,KXBTCD-25MAY2321-T106499.99,DELTA,73,2250,80,100,848,yes,73,-2000
2025-05-23T17:05:45.816611,KXBTCD-25MAY2321-T106499.99,DELTA,73,1250,80,100,849,yes,73,-1000
2025-05-23T17:05:45.857246,KXBTCD-25MAY2321-T106499.99,DELTA,70,250,80,100,850,yes,73,-1250
2025-05-23T17:05:45.916821,KXBTCD-25MAY2321-T106499.99,DELTA,68,250,80,100,851,yes,70,-250
2025-05-23T17:05:45.917045,KXBTCD-25MAY2321-T106499.99,DELTA,68,250,80,100,852,yes,60,250
2025-05-23T17:05:45.936325,KXBTCD-25MAY2321-T106499.99,DELTA,68,250,80,100,853,no,14,250
2025-05-23T17:05:45.937182,KXBTCD-25MAY2321-T106499.99,DELTA,68,250,80,100,854,no,4,-250
2025-05-23T17:05:45.937945,KXBTCD-25MAY2321-T106499.99,DELTA,73,100,80,100,855,yes,73,100
2025-05-23T17:05:46.136386,KXBTCD-25MAY2321-T106499.99,DELTA,73,100,80,100,856,no,15,-1250
2025-05-23T17:05:46.136753,KXBTCD-25MAY2321-T106499.99,DELTA,73,100,80,100,857,yes,71,2000
2025-05-23T17:05:46.136963,KXBTCD-25MAY2321-T106499.99,DELTA,73,100,80,100,858,no,15,-2000
2025-05-23T17:05:46.138251,KXBTCD-25MAY2321-T106499.99,DELTA,73,100,80,100,859,yes,60,-250
2025-05-23T17:05:46.156727,KXBTCD-25MAY2321-T106499.99,DELTA,73,100,80,100,860,no,15,-1000
2025-05-23T17:05:46.157330,KXBTCD-25MAY2321-T106499.99,DELTA,73,100,80,100,861,yes,70,250
2025-05-23T17:05:46.176891,KXBTCD-25MAY2321-T106499.99,DELTA,73,100,80,100,862,yes,71,1250
2025-05-23T17:05:46.177582,KXBTCD-25MAY2321-T106499.99,DELTA,73,100,80,100,863,yes,71,1000
2025-05-23T17:05:46.336402,KXBTCD-25MAY2321-T106499.99,DELTA,73,100,80,100,864,no,15,1000
2025-05-23T17:05:46.336878,KXBTCD-25MAY2321-T106499.99,DELTA,73,100,80,100,865,yes,71,-1000
2025-05-23T17:05:46.337669,KXBTCD-25MAY2321-T106499.99,DELTA,73,100,80,100,866,no,15,2000
2025-05-23T17:05:46.338004,KXBTCD-25MAY2321-T106499.99,DELTA,73,100,80,100,867,no,15,1250
2025-05-23T17:05:46.463790,KXBTCD-25MAY2321-T106499.99,DELTA,74,1000,80,100,868,yes,74,1000
2025-05-23T17:05:46.497233,KXBTCD-25MAY2321-T106499.99,DELTA,74,1000,80,100,869,yes,62,-250
2025-05-23T17:05:46.515851,KXBTCD-25MAY2321-T106499.99,DELTA,74,1000,80,100,870,yes,72,250
2025-05-23T17:05:46.615746,KXBTCD-25MAY2321-T106499.99,DELTA,74,1000,80,100,871,yes,71,-2000
2025-05-23T17:05:46.636674,KXBTCD-25MAY2321-T106499.99,DELTA,74,1000,80,100,872,yes,71,-1250
2025-05-23T17:05:46.776053,KXBTCD-25MAY2321-T106499.99,DELTA,74,1000,80,100,873,yes,73,2000
2025-05-23T17:05:46.776759,KXBTCD-25MAY2321-T106499.99,DELTA,74,1000,80,100,874,yes,73,1250
2025-05-23T17:05:51.556165,KXBTCD-25MAY2321-T106499.99,DELTA,74,1000,80,100,875,no,4,250
2025-05-23T17:05:51.576816,KXBTCD-25MAY2321-T106499.99,DELTA,74,1000,80,100,876,no,14,-250
2025-05-23T17:05:51.678325,KXBTCD-25MAY2321-T106499.99,DELTA,74,1000,80,100,877,no,15,-2000
2025-05-23T17:05:51.680159,KXBTCD-25MAY2321-T106499.99,DELTA,74,1000,80,100,878,no,15,-1250
2025-05-23T17:05:51.699026,KXBTCD-25MAY2321-T106499.99,DELTA,74,1000,80,100,879,no,15,-1000
2025-05-23T17:05:51.778524,KXBTCD-25MAY2321-T106499.99,DELTA,74,1000,80,100,880,no,13,2000
2025-05-23T17:05:51.797350,KXBTCD-25MAY2321-T106499.99,DELTA,74,1000,80,100,881,no,13,1250
2025-05-23T17:05:51.797820,KXBTCD-25MAY2321-T106499.99,DELTA,74,1000,80,100,882,no,13,1000
2025-05-23T17:05:52.218835,KXBTCD-25MAY2321-T106499.99,DELTA,74,1000,80,100,883,yes,73,-100
2025-05-23T17:05:52.219286,KXBTCD-25MAY2321-T106499.99,DELTA,74,1000,80,100,884,yes,64,-250
2025-05-23T17:05:52.219597,KXBTCD-25MAY2321-T106499.99,DELTA,74,1000,87,4250,885,no,20,-100
2025-05-23T17:05:52.236936,KXBTCD-25MAY2321-T106499.99,DELTA,74,1250,87,4250,886,yes,74,250
2025-05-23T17:05:52.337528,KXBTCD-25MAY2321-T106499.99,DELTA,74,250,87,4250,887,yes,74,-1000
2025-05-23T17:05:52.417075,KXBTCD-25MAY2321-T106499.99,DELTA,74,250,87,4250,888,yes,73,-2000
2025-05-23T17:05:52.417296,KXBTCD-25MAY2321-T106499.99,DELTA,75,1000,87,4250,889,yes,75,1000
2025-05-23T17:05:52.436040,KXBTCD-25MAY2321-T106499.99,DELTA,75,1000,87,4250,890,yes,73,-1250
2025-05-23T17:05:52.515112,KXBTCD-25MAY2321-T106499.99,DELTA,75,2250,87,4250,891,yes,75,1250
2025-05-23T17:05:52.515362,KXBTCD-25MAY2321-T106499.99,DELTA,75,4250,87,4250,892,yes,75,2000
2025-05-23T17:05:53.136111,KXBTCD-25MAY2321-T106499.99,DELTA,75,4250,87,4250,893,no,12,-250
2025-05-23T17:05:53.136393,KXBTCD-25MAY2321-T106499.99,DELTA,75,4250,87,4250,894,no,2,250
2025-05-23T17:05:53.195669,KXBTCD-25MAY2321-T106499.99,DELTA,75,4250,87,2250,895,no,13,-2000
2025-05-23T17:05:53.216237,KXBTCD-25MAY2321-T106499.99,DELTA,75,4250,87,1250,896,no,13,-1000
2025-05-23T17:05:53.216518,KXBTCD-25MAY2321-T106499.99,DELTA,75,4250,90,250,897,no,13,-1250
2025-05-23T17:05:53.276289,KXBTCD-25MAY2321-T106499.99,DELTA,75,4250,92,250,898,no,10,-250
2025-05-23T17:05:53.276557,KXBTCD-25MAY2321-T106499.99,DELTA,75,4250,89,1250,899,no,11,1250
2025-05-23T17:05:53.276817,KXBTCD-25MAY2321-T106499.99,DELTA,75,4250,89,2250,900,no,11,1000
2025-05-23T17:05:53.298407,KXBTCD-25MAY2321-T106499.99,DELTA,75,4250,89,4250,901,no,11,2000
2025-05-23T17:05:53.336375,KXBTCD-25MAY2321-T106499.99,DELTA,75,4250,89,4250,902,no,10,250
2025-05-23T17:05:53.336565,KXBTCD-25MAY2321-T106499.99,DELTA,75,4250,89,2250,903,no,11,-2000
2025-05-23T17:05:53.355774,KXBTCD-25MAY2321-T106499.99,DELTA,75,4250,89,1250,904,no,11,-1000
2025-05-23T17:05:53.356008,KXBTCD-25MAY2321-T106499.99,DELTA,75,4250,90,250,905,no,11,-1250
2025-05-23T17:05:53.416195,KXBTCD-25MAY2321-T106499.99,DELTA,75,4250,92,250,906,no,10,-250
2025-05-23T17:05:53.435958,KXBTCD-25MAY2321-T106499.99,DELTA,75,4250,89,1000,907,no,11,1000
2025-05-23T17:05:53.436510,KXBTCD-25MAY2321-T106499.99,DELTA,75,4250,89,2250,908,no,11,1250
2025-05-23T17:05:53.436817,KXBTCD-25MAY2321-T106499.99,DELTA,75,4250,89,4250,909,no,11,2000
2025-05-23T17:05:53.475255,KXBTCD-25MAY2321-T106499.99,DELTA,75,4250,89,4250,910,no,10,250
2025-05-23T17:05:53.497208,KXBTCD-25MAY2321-T106499.99,DELTA,75,4250,89,2250,911,no,11,-2000
2025-05-23T17:05:53.497816,KXBTCD-25MAY2321-T106499.99,DELTA,75,4250,89,1250,912,no,11,-1000
2025-05-23T17:05:53.515487,KXBTCD-25MAY2321-T106499.99,DELTA,75,4250,90,250,913,no,11,-1250
2025-05-23T17:05:53.557396,KXBTCD-25MAY2321-T106499.99,DELTA,75,4250,89,1000,914,no,11,1000
2025-05-23T17:05:53.558081,KXBTCD-25MAY2321-T106499.99,DELTA,75,4250,89,3000,915,no,11,2000
2025-05-23T17:05:53.558330,KXBTCD-25MAY2321-T106499.99,DELTA,75,4250,89,4250,916,no,11,1250
2025-05-23T17:05:53.576549,KXBTCD-25MAY2321-T106499.99,DELTA,75,4250,89,4250,917,no,10,-250
2025-05-23T17:05:53.596154,KXBTCD-25MAY2321-T106499.99,DELTA,75,4250,89,4250,918,no,10,250
2025-05-23T17:05:53.656593,KXBTCD-25MAY2321-T106499.99,DELTA,75,4250,89,2250,919,no,11,-2000
2025-05-23T17:05:53.657092,KXBTCD-25MAY2321-T106499.99,DELTA,75,4250,89,1250,920,no,11,-1000
2025-05-23T17:05:53.676521,KXBTCD-25MAY2321-T106499.99,DELTA,75,4250,90,250,921,no,11,-1250
2025-05-23T17:05:53.677424,KXBTCD-25MAY2321-T106499.99,DELTA,75,4350,90,250,922,yes,75,100
2025-05-23T17:05:53.697254,KXBTCD-25MAY2321-T106499.99,DELTA,75,4350,83,100,923,no,17,100
2025-05-23T17:05:53.716561,KXBTCD-25MAY2321-T106499.99,DELTA,75,4350,83,100,924,no,10,-250
2025-05-23T17:05:53.797258,KXBTCD-25MAY2321-T106499.99,DELTA,75,4350,83,100,925,no,11,1250
2025-05-23T17:05:53.797890,KXBTCD-25MAY2321-T106499.99,DELTA,75,4350,83,100,926,no,11,1000
2025-05-23T17:05:53.798240,KXBTCD-25MAY2321-T106499.99,DELTA,75,4350,83,100,927,no,11,2000
2025-05-23T17:05:53.798993,KXBTCD-25MAY2321-T106499.99,DELTA,75,3350,83,100,928,yes,75,-1000
2025-05-23T17:05:53.856328,KXBTCD-25MAY2321-T106499.99,DELTA,75,3350,83,100,929,no,11,-2000
2025-05-23T17:05:53.856876,KXBTCD-25MAY2321-T106499.99,DELTA,76,1000,83,100,930,yes,76,1000
2025-05-23T17:05:53.877313,KXBTCD-25MAY2321-T106499.99,DELTA,76,1000,83,100,931,no,11,-1000
2025-05-23T17:05:53.877784,KXBTCD-25MAY2321-T106499.99,DELTA,76,1000,83,100,932,no,11,-1250
2025-05-23T17:05:53.916994,KXBTCD-25MAY2321-T106499.99,DELTA,76,1000,83,100,933,no,10,250
2025-05-23T17:05:53.936847,KXBTCD-25MAY2321-T106499.99,DELTA,76,1000,83,100,934,no,9,2000
2025-05-23T17:05:53.937813,KXBTCD-25MAY2321-T106499.99,DELTA,76,1000,83,1100,935,no,17,1000
2025-05-23T17:05:53.938233,KXBTCD-25MAY2321-T106499.99,DELTA,76,1000,83,1100,936,no,9,1250
2025-05-23T17:05:53.977341,KXBTCD-25MAY2321-T106499.99,DELTA,76,1000,83,1100,937,no,9,-2000
2025-05-23T17:05:53.997240,KXBTCD-25MAY2321-T106499.99,DELTA,76,1000,83,1100,938,no,9,-1250
2025-05-23T17:05:54.037470,KXBTCD-25MAY2321-T106499.99,DELTA,76,1000,83,1100,939,no,11,2000
2025-05-23T17:05:54.038185,KXBTCD-25MAY2321-T106499.99,DELTA,76,1000,83,1100,940,no,11,1250
2025-05-23T17:05:54.296133,KXBTCD-25MAY2321-T106499.99,DELTA,76,1000,83,1100,941,yes,75,-2000
2025-05-23T17:05:54.296776,KXBTCD-25MAY2321-T106499.99,DELTA,76,1000,83,1100,942,yes,75,-1250
2025-05-23T17:05:54.318609,KXBTCD-25MAY2321-T106499.99,DELTA,76,1000,83,100,943,no,17,-1000
2025-05-23T17:05:54.416691,KXBTCD-25MAY2321-T106499.99,DELTA,76,1000,83,100,944,yes,74,2000
2025-05-23T17:05:54.417044,KXBTCD-25MAY2321-T106499.99,DELTA,76,1000,82,1000,945,no,18,1000
2025-05-23T17:05:54.417247,KXBTCD-25MAY2321-T106499.99,DELTA,76,1000,82,1000,946,yes,74,1250
2025-05-23T17:05:54.877681,KXBTCD-25MAY2321-T106499.99,DELTA,76,1000,82,1000,947,yes,74,-2000
2025-05-23T17:05:54.896354,KXBTCD-25MAY2321-T106499.99,DELTA,76,1000,82,1000,948,yes,74,-1250
2025-05-23T17:05:54.896739,KXBTCD-25MAY2321-T106499.99,DELTA,76,1000,83,100,949,no,18,-1000
2025-05-23T17:05:54.977336,KXBTCD-25MAY2321-T106499.99,DELTA,76,1000,83,1100,950,no,17,1000
2025-05-23T17:05:54.977851,KXBTCD-25MAY2321-T106499.99,DELTA,76,1000,83,1100,951,yes,75,2000
2025-05-23T17:05:54.978338,KXBTCD-25MAY2321-T106499.99,DELTA,76,1000,83,1100,952,yes,75,1250
2025-05-23T17:05:54.997645,KXBTCD-25MAY2321-T106499.99,DELTA,76,1000,83,1000,953,no,17,-100
2025-05-23T17:05:55.117858,KXBTCD-25MAY2321-T106499.99,DELTA,76,1000,89,3250,954,no,17,-1000
2025-05-23T17:05:55.156281,KXBTCD-25MAY2321-T106499.99,DELTA,76,1000,89,3250,955,no,2,-250
2025-05-23T17:05:55.156849,KXBTCD-25MAY2321-T106499.99,DELTA,76,1000,88,250,956,no,12,250
2025-05-23T17:05:55.176710,KXBTCD-25MAY2321-T106499.99,DELTA,76,1000,88,250,957,no,11,1000
2025-05-23T17:05:55.256066,KXBTCD-25MAY2321-T106499.99,DELTA,76,1000,88,250,958,no,11,-2000
2025-05-23T17:05:55.256933,KXBTCD-25MAY2321-T106499.99,DELTA,76,1000,88,250,959,no,11,-1000
2025-05-23T17:05:55.275636,KXBTCD-25MAY2321-T106499.99,DELTA,76,1000,88,250,960,no,11,-1250
2025-05-23T17:05:55.357858,KXBTCD-25MAY2321-T106499.99,DELTA,76,1000,87,1000,961,no,13,1000
2025-05-23T17:05:55.358349,KXBTCD-25MAY2321-T106499.99,DELTA,76,1000,87,2250,962,no,13,1250
2025-05-23T17:05:55.358516,KXBTCD-25MAY2321-T106499.99,DELTA,76,1000,87,4250,963,no,13,2000
2025-05-23T17:05:56.436997,KXBTCD-25MAY2321-T106499.99,DELTA,76,1000,82,100,964,no,18,100
2025-05-23T17:05:59.677010,KXBTCD-25MAY2321-T106499.99,DELTA,76,990,82,100,965,yes,76,-10
2025-05-23T17:05:59.837088,KXBTCD-25MAY2321-T106499.99,DELTA,76,990,82,100,966,yes,75,-2000
2025-05-23T17:05:59.837604,KXBTCD-25MAY2321-T106499.99,DELTA,76,990,82,100,967,yes,75,-1250
2025-05-23T17:05:59.857038,KXBTCD-25MAY2321-T106499.99,DELTA,76,990,82,100,968,no,13,-1000
2025-05-23T17:05:59.976071,KXBTCD-25MAY2321-T106499.99,DELTA,76,990,82,100,969,yes,75,1250
2025-05-23T17:05:59.996633,KXBTCD-25MAY2321-T106499.99,DELTA,76,990,82,100,970,no,13,1000
2025-05-23T17:05:59.997163,KXBTCD-25MAY2321-T106499.99,DELTA,76,990,82,100,971,yes,75,2000
2025-05-23T17:06:00.218071,KXBTCD-25MAY2321-T106499.99,DELTA,76,990,82,100,972,yes,75,-2000
2025-05-23T17:06:00.237292,KXBTCD-25MAY2321-T106499.99,DELTA,76,990,82,100,973,yes,75,-1250
2025-05-23T17:06:00.237959,KXBTCD-25MAY2321-T106499.99,DELTA,76,990,82,100,974,no,13,-1000
2025-05-23T17:06:00.317027,KXBTCD-25MAY2321-T106499.99,DELTA,76,990,82,100,975,yes,74,1250
2025-05-23T17:06:00.317448,KXBTCD-25MAY2321-T106499.99,DELTA,76,990,82,1100,976,no,18,1000
2025-05-23T17:06:00.318093,KXBTCD-25MAY2321-T106499.99,DELTA,76,990,82,1100,977,yes,74,2000
2025-05-23T17:06:01.158222,KXBTCD-25MAY2321-T106499.99,DELTA,76,990,82,1100,978,no,16,250
2025-05-23T17:06:01.158511,KXBTCD-25MAY2321-T106499.99,DELTA,76,990,82,1100,979,no,6,-250
2025-05-23T17:06:01.277008,KXBTCD-25MAY2321-T106499.99,DELTA,76,990,82,1100,980,no,4,-250
2025-05-23T17:06:01.297299,KXBTCD-25MAY2321-T106499.99,DELTA,76,1240,82,1100,981,yes,76,250
2025-05-23T17:06:01.297786,KXBTCD-25MAY2321-T106499.99,DELTA,76,1240,82,1100,982,yes,66,-250
2025-05-23T17:06:01.316725,KXBTCD-25MAY2321-T106499.99,DELTA,76,1240,82,1100,983,no,14,250
2025-05-23T17:06:01.417102,KXBTCD-25MAY2321-T106499.99,DELTA,76,250,82,1100,984,yes,76,-990
2025-05-23T17:06:01.417524,KXBTCD-25MAY2321-T106499.99,DELTA,76,250,82,1100,985,no,13,-2000
2025-05-23T17:06:01.437503,KXBTCD-25MAY2321-T106499.99,DELTA,76,250,82,1100,986,no,13,-1250
2025-05-23T17:06:01.477198,KXBTCD-25MAY2321-T106499.99,DELTA,77,1000,82,1100,987,yes,77,1000
2025-05-23T17:06:01.496312,KXBTCD-25MAY2321-T106499.99,DELTA,77,1000,82,1100,988,no,15,1250
2025-05-23T17:06:01.537966,KXBTCD-25MAY2321-T106499.99,DELTA,77,1000,82,1100,989,no,15,2000
2025-05-23T17:06:02.046495,KXBTCD-25MAY2321-T106499.99,DELTA,77,1000,82,1100,990,yes,74,-2000
2025-05-23T17:06:02.056799,KXBTCD-25MAY2321-T106499.99,DELTA,77,1000,82,1100,991,yes,74,-1250
2025-05-23T17:06:02.057189,KXBTCD-25MAY2321-T106499.99,DELTA,77,1000,82,1100,992,no,15,-2000
2025-05-23T17:06:02.079929,KXBTCD-25MAY2321-T106499.99,DELTA,77,1000,82,100,993,no,18,-1000
2025-05-23T17:06:02.197860,KXBTCD-25MAY2321-T106499.99,DELTA,77,1000,82,100,994,no,17,1000
2025-05-23T17:06:02.198227,KXBTCD-25MAY2321-T106499.99,DELTA,77,1000,82,100,995,yes,75,2000
2025-05-23T17:06:02.198469,KXBTCD-25MAY2321-T106499.99,DELTA,77,1000,82,100,996,yes,75,1250
2025-05-23T17:06:02.198696,KXBTCD-25MAY2321-T106499.99,DELTA,77,1000,82,100,997,no,14,2000
2025-05-23T17:06:02.257319,KXBTCD-25MAY2321-T106499.99,DELTA,77,1000,82,100,998,no,16,-250
2025-05-23T17:06:02.257998,KXBTCD-25MAY2321-T106499.99,DELTA,77,1000,82,100,999,no,6,250
2025-05-23T17:06:02.276418,KXBTCD-25MAY2321-T106499.99,DELTA,77,1000,82,100,1000,no,15,-1250
2025-05-23T17:06:02.357171,KXBTCD-25MAY2321-T106499.99,DELTA,77,1000,82,100,1001,no,17,-1000
2025-05-23T17:06:02.396984,KXBTCD-25MAY2321-T106499.99,DELTA,77,1000,82,100,1002,no,14,1250
2025-05-23T17:06:02.595105,KXBTCD-25MAY2321-T106499.99,DELTA,77,1000,82,100,1003,no,15,1000
2025-05-23T17:06:03.157349,KXBTCD-25MAY2321-T106499.99,DELTA,78,250,82,100,1004,yes,78,250
2025-05-23T17:06:03.197017,KXBTCD-25MAY2321-T106499.99,DELTA,78,250,82,100,1005,yes,68,-250
2025-05-23T17:06:03.357930,KXBTCD-25MAY2321-T106499.99,DELTA,78,250,82,100,1006,yes,77,-1000
2025-05-23T17:06:03.437918,KXBTCD-25MAY2321-T106499.99,DELTA,78,1250,82,100,1007,yes,78,1000
2025-05-23T17:06:04.798024,KXBTCD-25MAY2321-T106499.99,DELTA,78,1250,82,100,1008,yes,75,-1250
2025-05-23T17:06:04.798378,KXBTCD-25MAY2321-T106499.99,DELTA,78,1250,82,100,1009,no,14,-2000
2025-05-23T17:06:04.798615,KXBTCD-25MAY2321-T106499.99,DELTA,78,1250,82,100,1010,no,14,-1250
2025-05-23T17:06:04.916754,KXBTCD-25MAY2321-T106499.99,DELTA,78,1250,82,100,1011,yes,77,1250
2025-05-23T17:06:04.917075,KXBTCD-25MAY2321-T106499.99,DELTA,78,1250,82,100,1012,no,13,1250
2025-05-23T17:06:04.917219,KXBTCD-25MAY2321-T106499.99,DELTA,78,1250,82,100,1013,yes,75,-2000
2025-05-23T17:06:04.917566,KXBTCD-25MAY2321-T106499.99,DELTA,78,1250,82,100,1014,no,13,2000
2025-05-23T17:06:04.917987,KXBTCD-25MAY2321-T106499.99,DELTA,78,250,82,100,1015,yes,78,-1000
2025-05-23T17:06:05.016859,KXBTCD-25MAY2321-T106499.99,DELTA,79,1000,82,100,1016,yes,79,1000
2025-05-23T17:06:05.017094,KXBTCD-25MAY2321-T106499.99,DELTA,79,1000,82,100,1017,yes,76,2000
2025-05-23T17:06:05.437533,KXBTCD-25MAY2321-T106499.99,DELTA,79,1000,82,100,1018,yes,76,-2000
2025-05-23T17:06:05.437927,KXBTCD-25MAY2321-T106499.99,DELTA,79,1000,82,100,1019,no,13,-2000
2025-05-23T17:06:05.476078,KXBTCD-25MAY2321-T106499.99,DELTA,79,1000,82,100,1020,yes,75,-100
2025-05-23T17:06:05.476311,KXBTCD-25MAY2321-T106499.99,DELTA,79,1000,85,1000,1021,no,18,-100
2025-05-23T17:06:05.496992,KXBTCD-25MAY2321-T106499.99,DELTA,79,1000,85,1000,1022,no,12,2000
2025-05-23T17:06:05.517709,KXBTCD-25MAY2321-T106499.99,DELTA,79,1000,85,1000,1023,yes,77,2000
2025-05-23T17:06:06.015955,KXBTCD-25MAY2321-T106499.99,DELTA,79,1000,85,1000,1024,no,14,-250
2025-05-23T17:06:06.096681,KXBTCD-25MAY2321-T106499.99,DELTA,79,1000,85,1000,1025,no,4,250
2025-05-23T17:06:06.116893,KXBTCD-25MAY2321-T106499.99,DELTA,79,1000,87,1250,1026,no,15,-1000
2025-05-23T17:06:06.397701,KXBTCD-25MAY2321-T106499.99,DELTA,79,1000,87,2250,1027,no,13,1000
2025-05-23T17:06:06.398658,KXBTCD-25MAY2321-T106499.99,DELTA,79,1000,87,2250,1028,yes,77,-1250
2025-05-23T17:06:06.399267,KXBTCD-25MAY2321-T106499.99,DELTA,79,1000,87,2250,1029,yes,23,-8000
2025-05-23T17:06:06.416788,KXBTCD-25MAY2321-T106499.99,DELTA,79,1000,87,1000,1030,no,13,-1250
2025-05-23T17:06:06.417042,KXBTCD-25MAY2321-T106499.99,DELTA,79,1000,87,1000,1031,no,12,-2000
2025-05-23T17:06:06.498230,KXBTCD-25MAY2321-T106499.99,DELTA,79,1000,87,1000,1032,yes,70,-250
2025-05-23T17:06:06.598129,KXBTCD-25MAY2321-T106499.99,DELTA,80,250,87,1000,1033,yes,80,250
2025-05-23T17:06:06.717187,KXBTCD-25MAY2321-T106499.99,DELTA,80,250,87,1000,1034,yes,77,-2000
2025-05-23T17:06:06.718645,KXBTCD-25MAY2321-T106499.99,DELTA,80,250,87,1000,1035,yes,36,8000
2025-05-23T17:06:06.718974,KXBTCD-25MAY2321-T106499.99,DELTA,80,250,87,1000,1036,yes,78,1250
2025-05-23T17:06:06.719369,KXBTCD-25MAY2321-T106499.99,DELTA,80,250,87,1000,1037,no,11,2000
2025-05-23T17:06:06.719705,KXBTCD-25MAY2321-T106499.99,DELTA,80,250,87,1000,1038,no,12,1250
2025-05-23T17:06:06.915764,KXBTCD-25MAY2321-T106499.99,DELTA,80,250,87,1000,1039,yes,78,2000
2025-05-23T17:06:06.916658,KXBTCD-25MAY2321-T106499.99,DELTA,80,250,87,1000,1040,yes,79,-1000
2025-05-23T17:06:06.916859,KXBTCD-25MAY2321-T106499.99,DELTA,80,250,84,100,1041,no,16,100
2025-05-23T17:06:06.996750,KXBTCD-25MAY2321-T106499.99,DELTA,80,250,84,100,1042,yes,76,100
2025-05-23T17:06:07.116759,KXBTCD-25MAY2321-T106499.99,DELTA,81,1000,84,100,1043,yes,81,1000
2025-05-23T17:06:07.795989,KXBTCD-25MAY2321-T106499.99,DELTA,81,1000,84,100,1044,yes,24,-1350
2025-05-23T17:06:07.796495,KXBTCD-25MAY2321-T106499.99,DELTA,81,1000,84,100,1045,yes,4,8100
2025-05-23T17:06:07.898390,KXBTCD-25MAY2321-T106499.99,DELTA,81,1000,84,100,1046,yes,5,20000
2025-05-23T17:06:08.595575,KXBTCD-25MAY2321-T106499.99,DELTA,81,1000,84,100,1047,yes,76,-100
2025-05-23T17:06:09.396266,KXBTCD-25MAY2321-T106499.99,DELTA,81,1000,84,100,1048,yes,4,-8100
2025-05-23T17:06:09.397157,KXBTCD-25MAY2321-T106499.99,DELTA,81,1000,84,100,1049,yes,6,5400
2025-05-23T17:06:09.477642,KXBTCD-25MAY2321-T106499.99,DELTA,81,1000,84,100,1050,yes,5,-20000
2025-05-23T17:06:09.516183,KXBTCD-25MAY2321-T106499.99,DELTA,81,1000,84,100,1051,yes,7,20000
2025-05-23T17:06:10.037404,KXBTCD-25MAY2321-T106499.99,DELTA,81,1000,84,100,1052,yes,78,-2000
2025-05-23T17:06:10.037834,KXBTCD-25MAY2321-T106499.99,DELTA,80,250,84,100,1053,yes,81,-1000
2025-05-23T17:06:10.056160,KXBTCD-25MAY2321-T106499.99,DELTA,80,250,84,100,1054,no,11,-2000
2025-05-23T17:06:10.077059,KXBTCD-25MAY2321-T106499.99,DELTA,80,250,84,100,1055,yes,6,-5400
2025-05-23T17:06:10.155902,KXBTCD-25MAY2321-T106499.99,DELTA,80,250,84,100,1056,no,12,2000
2025-05-23T17:06:10.156321,KXBTCD-25MAY2321-T106499.99,DELTA,80,1250,84,100,1057,yes,80,1000
2025-05-23T17:06:10.156824,KXBTCD-25MAY2321-T106499.99,DELTA,80,1250,84,100,1058,yes,77,2000
2025-05-23T17:06:10.175982,KXBTCD-25MAY2321-T106499.99,DELTA,80,1250,84,100,1059,yes,7,-20000
2025-05-23T17:06:10.396324,KXBTCD-25MAY2321-T106499.99,DELTA,80,1250,84,100,1060,yes,77,100
2025-05-23T17:06:10.476882,KXBTCD-25MAY2321-T106499.99,DELTA,80,1250,84,100,1061,yes,77,-2000
2025-05-23T17:06:10.476985,KXBTCD-25MAY2321-T106499.99,DELTA,80,250,84,100,1062,yes,80,-1000
2025-05-23T17:06:10.497124,KXBTCD-25MAY2321-T106499.99,DELTA,80,250,84,100,1063,yes,78,-1250
2025-05-23T17:06:10.497211,KXBTCD-25MAY2321-T106499.99,DELTA,80,250,84,100,1064,no,12,-2000
2025-05-23T17:06:10.575586,KXBTCD-25MAY2321-T106499.99,DELTA,80,250,84,100,1065,yes,4,8100
2025-05-23T17:06:10.597309,KXBTCD-25MAY2321-T106499.99,DELTA,80,250,84,100,1066,yes,78,2000
2025-05-23T17:06:10.597417,KXBTCD-25MAY2321-T106499.99,DELTA,80,250,84,100,1067,yes,79,1250
2025-05-23T17:06:10.597488,KXBTCD-25MAY2321-T106499.99,DELTA,81,1000,84,100,1068,yes,81,1000
2025-05-23T17:06:10.597551,KXBTCD-25MAY2321-T106499.99,DELTA,81,1000,84,100,1069,no,11,2000
2025-05-23T17:06:10.635742,KXBTCD-25MAY2321-T106499.99,DELTA,81,1000,84,100,1070,yes,5,20000
2025-05-23T17:06:10.896971,KXBTCD-25MAY2321-T106499.99,DELTA,81,1000,84,100,1071,yes,79,-1250
2025-05-23T17:06:10.937706,KXBTCD-25MAY2321-T106499.99,DELTA,81,1000,84,100,1072,yes,78,1250
2025-05-23T17:06:11.776715,KXBTCD-25MAY2321-T106499.99,DELTA,81,1000,84,100,1073,yes,4,-8100
2025-05-23T17:06:11.777442,KXBTCD-25MAY2321-T106499.99,DELTA,81,1000,84,100,1074,yes,6,5400
