timestamp,market_ticker,type,yes_bid_price_cents,yes_bid_qty,yes_ask_price_cents,yes_ask_qty_on_no_side,sequence_num,delta_side,delta_price_cents,delta_quantity
2025-05-20T15:01:51.030600,KXBTCD-25MAY2019-T106749.99,SNAPSHOT,52,125,57,25,1,,,
2025-05-20T15:01:52.490262,KXBTCD-25MAY2019-T106749.99,DELTA,52,125,57,25,2,no,41,-100
2025-05-20T15:01:52.491159,KXBTCD-25MAY2019-T106749.99,DELTA,52,25,57,25,3,yes,52,-100
2025-05-20T15:01:52.626081,KXBTCD-25MAY2019-T106749.99,DELTA,52,25,57,25,4,yes,10,-3240
2025-05-20T15:01:52.627624,KXBTCD-25MAY2019-T106749.99,DELTA,52,25,57,25,5,yes,12,2700
2025-05-20T15:01:52.666192,KXBTCD-25MAY2019-T106749.99,DELTA,52,25,57,25,6,no,6,-5400
2025-05-20T15:01:52.667103,KXBTCD-25MAY2019-T106749.99,DELTA,52,25,57,25,7,no,8,4050
2025-05-20T15:01:52.973421,KXBTCD-25MAY2019-T106749.99,DELTA,52,25,57,25,8,yes,11,-20000
2025-05-20T15:01:52.974788,KXBTCD-25MAY2019-T106749.99,DELTA,52,25,57,25,9,no,7,-20000
2025-05-20T15:01:52.976056,KXBTCD-25MAY2019-T106749.99,DELTA,52,25,57,25,10,no,9,20000
2025-05-20T15:01:53.498217,KXBTCD-25MAY2019-T106749.99,DELTA,52,25,57,25,11,yes,50,100
2025-05-20T15:01:53.498491,KXBTCD-25MAY2019-T106749.99,DELTA,52,25,57,25,12,no,41,100
2025-05-20T15:01:53.726779,KXBTCD-25MAY2019-T106749.99,DELTA,52,25,57,25,13,yes,12,-2700
2025-05-20T15:01:53.727908,KXBTCD-25MAY2019-T106749.99,DELTA,52,25,57,25,14,yes,4,8100
2025-05-20T15:01:53.772059,KXBTCD-25MAY2019-T106749.99,DELTA,52,25,57,25,15,yes,50,-100
2025-05-20T15:01:53.786665,KXBTCD-25MAY2019-T106749.99,DELTA,52,25,57,25,16,no,8,-4050
2025-05-20T15:01:53.787606,KXBTCD-25MAY2019-T106749.99,DELTA,52,25,57,25,17,no,10,3240
2025-05-20T15:01:53.846613,KXBTCD-25MAY2019-T106749.99,DELTA,52,25,57,25,18,yes,5,20000
2025-05-20T15:01:53.957376,KXBTCD-25MAY2019-T106749.99,DELTA,52,25,57,25,19,no,9,-20000
2025-05-20T15:01:54.008124,KXBTCD-25MAY2019-T106749.99,DELTA,52,25,57,25,20,no,11,20000
2025-05-20T15:01:54.565817,KXBTCD-25MAY2019-T106749.99,DELTA,52,25,57,25,21,yes,50,100
2025-05-20T15:01:55.006570,KXBTCD-25MAY2019-T106749.99,DELTA,52,25,57,25,22,yes,4,-8100
2025-05-20T15:01:55.007112,KXBTCD-25MAY2019-T106749.99,DELTA,52,25,57,25,23,yes,6,5400
2025-05-20T15:01:55.007496,KXBTCD-25MAY2019-T106749.99,DELTA,52,25,57,25,24,no,10,-3240
2025-05-20T15:01:55.007803,KXBTCD-25MAY2019-T106749.99,DELTA,52,25,57,25,25,no,12,2700
2025-05-20T15:01:55.047990,KXBTCD-25MAY2019-T106749.99,DELTA,52,25,57,25,26,yes,5,-20000
2025-05-20T15:01:55.110485,KXBTCD-25MAY2019-T106749.99,DELTA,52,25,57,25,27,no,11,-20000
2025-05-20T15:01:55.198323,KXBTCD-25MAY2019-T106749.99,DELTA,52,25,57,25,28,yes,7,20000
2025-05-20T15:01:55.227248,KXBTCD-25MAY2019-T106749.99,DELTA,52,25,57,25,29,no,5,20000
2025-05-20T15:01:55.228167,KXBTCD-25MAY2019-T106749.99,DELTA,52,25,57,25,30,yes,50,-100
2025-05-20T15:01:56.057895,KXBTCD-25MAY2019-T106749.99,DELTA,52,25,58,1000,31,no,43,-25
2025-05-20T15:01:56.058360,KXBTCD-25MAY2019-T106749.99,DELTA,52,25,58,983,32,no,42,-17
2025-05-20T15:01:56.086630,KXBTCD-25MAY2019-T106749.99,DELTA,51,14,58,983,33,yes,52,-25
2025-05-20T15:01:56.106173,KXBTCD-25MAY2019-T106749.99,DELTA,52,100,58,983,34,yes,52,100
2025-05-20T15:01:56.125996,KXBTCD-25MAY2019-T106749.99,DELTA,52,100,58,983,35,yes,6,-5400
2025-05-20T15:01:56.126312,KXBTCD-25MAY2019-T106749.99,DELTA,52,100,58,983,36,yes,8,4050
2025-05-20T15:01:56.246620,KXBTCD-25MAY2019-T106749.99,DELTA,52,100,58,983,37,no,12,-2700
2025-05-20T15:01:56.247227,KXBTCD-25MAY2019-T106749.99,DELTA,52,100,58,983,38,no,6,5400
2025-05-20T15:01:56.247655,KXBTCD-25MAY2019-T106749.99,DELTA,52,100,58,983,39,yes,7,-20000
2025-05-20T15:01:56.287028,KXBTCD-25MAY2019-T106749.99,DELTA,52,100,58,983,40,no,5,-20000
2025-05-20T15:01:56.307029,KXBTCD-25MAY2019-T106749.99,DELTA,52,100,58,983,41,yes,51,25
2025-05-20T15:01:56.307688,KXBTCD-25MAY2019-T106749.99,DELTA,52,100,57,25,42,no,43,25
2025-05-20T15:01:56.348643,KXBTCD-25MAY2019-T106749.99,DELTA,52,100,57,25,43,yes,9,20000
2025-05-20T15:01:56.349491,KXBTCD-25MAY2019-T106749.99,DELTA,52,100,58,983,44,no,43,-25
2025-05-20T15:01:56.366914,KXBTCD-25MAY2019-T106749.99,DELTA,52,100,58,983,45,yes,51,-25
2025-05-20T15:01:56.388062,KXBTCD-25MAY2019-T106749.99,DELTA,52,100,58,983,46,no,7,20000
2025-05-20T15:01:56.427672,KXBTCD-25MAY2019-T106749.99,DELTA,52,100,58,983,47,no,41,-100
2025-05-20T15:01:56.446371,KXBTCD-25MAY2019-T106749.99,DELTA,51,14,58,983,48,yes,52,-100
2025-05-20T15:01:57.346555,KXBTCD-25MAY2019-T106749.99,DELTA,51,14,58,983,49,yes,8,-4050
2025-05-20T15:01:57.347726,KXBTCD-25MAY2019-T106749.99,DELTA,51,14,58,983,50,yes,10,3240
2025-05-20T15:01:57.386969,KXBTCD-25MAY2019-T106749.99,DELTA,51,114,58,983,51,yes,51,100
2025-05-20T15:01:57.388053,KXBTCD-25MAY2019-T106749.99,DELTA,51,114,58,983,52,no,6,-5400
2025-05-20T15:01:57.388639,KXBTCD-25MAY2019-T106749.99,DELTA,51,114,58,983,53,no,8,4050
2025-05-20T15:01:57.389162,KXBTCD-25MAY2019-T106749.99,DELTA,51,114,58,983,54,no,41,100
2025-05-20T15:01:57.389616,KXBTCD-25MAY2019-T106749.99,DELTA,51,114,57,25,55,no,43,25
2025-05-20T15:01:57.406373,KXBTCD-25MAY2019-T106749.99,DELTA,51,114,57,25,56,yes,50,25
2025-05-20T15:01:57.445723,KXBTCD-25MAY2019-T106749.99,DELTA,51,114,57,25,57,yes,50,-25
2025-05-20T15:01:57.446536,KXBTCD-25MAY2019-T106749.99,DELTA,51,139,57,25,58,yes,51,25
2025-05-20T15:01:57.447112,KXBTCD-25MAY2019-T106749.99,DELTA,51,139,57,25,59,yes,9,-20000
2025-05-20T15:01:57.507452,KXBTCD-25MAY2019-T106749.99,DELTA,51,139,57,25,60,no,7,-20000
2025-05-20T15:01:57.625383,KXBTCD-25MAY2019-T106749.99,DELTA,51,139,57,25,61,yes,11,20000
2025-05-20T15:01:57.630071,KXBTCD-25MAY2019-T106749.99,DELTA,51,139,57,25,62,no,9,20000
2025-05-20T15:01:58.150031,KXBTCD-25MAY2019-T106749.99,DELTA,51,39,57,25,63,yes,51,-100
2025-05-20T15:01:58.186599,KXBTCD-25MAY2019-T106749.99,DELTA,51,14,57,25,64,yes,51,-25
2025-05-20T15:01:58.187398,KXBTCD-25MAY2019-T106749.99,DELTA,51,14,57,25,65,yes,50,25
2025-05-20T15:01:58.344102,KXBTCD-25MAY2019-T106749.99,DELTA,51,14,57,25,66,no,41,-100
2025-05-20T15:01:58.909020,KXBTCD-25MAY2019-T106749.99,DELTA,51,114,57,25,67,yes,51,100
2025-05-20T15:01:58.966995,KXBTCD-25MAY2019-T106749.99,DELTA,51,114,57,25,68,yes,50,-25
2025-05-20T15:01:58.968201,KXBTCD-25MAY2019-T106749.99,DELTA,52,25,57,25,69,yes,52,25
2025-05-20T15:01:59.394303,KXBTCD-25MAY2019-T106749.99,DELTA,52,25,57,25,70,yes,51,-100
2025-05-20T15:01:59.466822,KXBTCD-25MAY2019-T106749.99,DELTA,52,25,57,25,71,no,42,100
2025-05-20T15:01:59.566632,KXBTCD-25MAY2019-T106749.99,DELTA,52,25,57,25,72,no,42,-983
2025-05-20T15:01:59.720275,KXBTCD-25MAY2019-T106749.99,DELTA,52,25,57,1025,73,no,43,1000
2025-05-20T15:01:59.746608,KXBTCD-25MAY2019-T106749.99,DELTA,52,25,57,1000,74,no,43,-25
2025-05-20T15:01:59.747409,KXBTCD-25MAY2019-T106749.99,DELTA,52,25,56,25,75,no,44,25
2025-05-20T15:02:00.561765,KXBTCD-25MAY2019-T106749.99,DELTA,52,125,56,25,76,yes,52,100
2025-05-20T15:02:00.966172,KXBTCD-25MAY2019-T106749.99,DELTA,52,125,56,25,77,no,42,-100
2025-05-20T15:02:01.066699,KXBTCD-25MAY2019-T106749.99,DELTA,52,125,56,25,78,no,43,-1000
2025-05-20T15:02:01.127013,KXBTCD-25MAY2019-T106749.99,DELTA,52,125,59,30,79,no,44,-25
2025-05-20T15:02:01.127861,KXBTCD-25MAY2019-T106749.99,DELTA,52,125,58,25,80,no,42,25
2025-05-20T15:02:01.186484,KXBTCD-25MAY2019-T106749.99,DELTA,52,125,58,1025,81,no,42,1000
2025-05-20T15:02:01.294149,KXBTCD-25MAY2019-T106749.99,DELTA,52,125,58,1025,82,yes,10,-3240
2025-05-20T15:02:01.295099,KXBTCD-25MAY2019-T106749.99,DELTA,52,125,58,1025,83,yes,12,2700
2025-05-20T15:02:01.295733,KXBTCD-25MAY2019-T106749.99,DELTA,52,125,58,1000,84,no,42,-25
2025-05-20T15:02:01.296281,KXBTCD-25MAY2019-T106749.99,DELTA,52,125,57,25,85,no,43,25
2025-05-20T15:02:01.296814,KXBTCD-25MAY2019-T106749.99,DELTA,52,125,57,25,86,no,8,-4050
2025-05-20T15:02:01.297263,KXBTCD-25MAY2019-T106749.99,DELTA,52,125,57,25,87,no,10,3240
2025-05-20T15:02:01.325627,KXBTCD-25MAY2019-T106749.99,DELTA,52,125,57,25,88,yes,11,-20000
2025-05-20T15:02:01.366519,KXBTCD-25MAY2019-T106749.99,DELTA,52,125,57,25,89,no,9,-20000
2025-05-20T15:02:01.489886,KXBTCD-25MAY2019-T106749.99,DELTA,52,125,57,25,90,no,11,20000
2025-05-20T15:02:01.627301,KXBTCD-25MAY2019-T106749.99,DELTA,52,125,57,25,91,yes,49,-1000
2025-05-20T15:02:01.629102,KXBTCD-25MAY2019-T106749.99,DELTA,52,125,57,25,92,yes,1,-8000
2025-05-20T15:02:01.817203,KXBTCD-25MAY2019-T106749.99,DELTA,52,125,57,25,93,yes,48,1000
2025-05-20T15:02:02.014260,KXBTCD-25MAY2019-T106749.99,DELTA,52,25,57,25,94,yes,52,-100
2025-05-20T15:02:02.107848,KXBTCD-25MAY2019-T106749.99,DELTA,52,25,57,25,95,no,42,100
2025-05-20T15:02:02.227512,KXBTCD-25MAY2019-T106749.99,DELTA,52,25,57,25,96,no,42,-1000
2025-05-20T15:02:02.345524,KXBTCD-25MAY2019-T106749.99,DELTA,52,25,57,1025,97,no,43,1000
2025-05-20T15:02:02.386359,KXBTCD-25MAY2019-T106749.99,DELTA,52,25,57,1025,98,yes,49,14
2025-05-20T15:02:02.387103,KXBTCD-25MAY2019-T106749.99,DELTA,52,25,57,1025,99,no,42,-100
2025-05-20T15:02:02.387679,KXBTCD-25MAY2019-T106749.99,DELTA,52,25,57,1025,100,yes,51,-14
2025-05-20T15:02:02.406232,KXBTCD-25MAY2019-T106749.99,DELTA,52,25,57,1025,101,no,40,-14
2025-05-20T15:02:02.406710,KXBTCD-25MAY2019-T106749.99,DELTA,52,25,57,1025,102,no,42,14
2025-05-20T15:02:02.407073,KXBTCD-25MAY2019-T106749.99,DELTA,52,25,57,1000,103,no,43,-25
2025-05-20T15:02:02.407419,KXBTCD-25MAY2019-T106749.99,DELTA,52,25,56,25,104,no,44,25
2025-05-20T15:02:02.446331,KXBTCD-25MAY2019-T106749.99,DELTA,52,25,56,25,105,yes,48,-1000
2025-05-20T15:02:02.540002,KXBTCD-25MAY2019-T106749.99,DELTA,52,25,56,25,106,yes,46,30
2025-05-20T15:02:02.540726,KXBTCD-25MAY2019-T106749.99,DELTA,52,25,56,25,107,yes,47,14
2025-05-20T15:02:02.541315,KXBTCD-25MAY2019-T106749.99,DELTA,49,14,56,25,108,yes,52,-25
2025-05-20T15:02:02.541874,KXBTCD-25MAY2019-T106749.99,DELTA,50,25,56,25,109,yes,50,25
2025-05-20T15:02:02.542366,KXBTCD-25MAY2019-T106749.99,DELTA,50,25,56,25,110,no,43,-1000
2025-05-20T15:02:02.542741,KXBTCD-25MAY2019-T106749.99,DELTA,50,25,56,25,111,yes,49,-14
2025-05-20T15:02:02.542963,KXBTCD-25MAY2019-T106749.99,DELTA,50,25,56,25,112,yes,48,-30
2025-05-20T15:02:02.543177,KXBTCD-25MAY2019-T106749.99,DELTA,50,25,56,25,113,no,42,-14
2025-05-20T15:02:02.543385,KXBTCD-25MAY2019-T106749.99,DELTA,50,25,56,25,114,no,43,30
2025-05-20T15:02:02.543592,KXBTCD-25MAY2019-T106749.99,DELTA,50,25,56,39,115,no,44,14
2025-05-20T15:02:02.543796,KXBTCD-25MAY2019-T106749.99,DELTA,50,25,56,39,116,no,41,-30
2025-05-20T15:02:02.566925,KXBTCD-25MAY2019-T106749.99,DELTA,50,25,56,39,117,yes,31,1000
2025-05-20T15:02:02.586761,KXBTCD-25MAY2019-T106749.99,DELTA,47,14,56,39,118,yes,50,-25
2025-05-20T15:02:02.587235,KXBTCD-25MAY2019-T106749.99,DELTA,47,39,56,39,119,yes,47,25
2025-05-20T15:02:02.619283,KXBTCD-25MAY2019-T106749.99,DELTA,47,39,56,39,120,no,42,1000
2025-05-20T15:02:02.626689,KXBTCD-25MAY2019-T106749.99,DELTA,47,14,56,39,121,yes,47,-25
2025-05-20T15:02:02.627205,KXBTCD-25MAY2019-T106749.99,DELTA,49,25,56,39,122,yes,49,25
2025-05-20T15:02:02.686543,KXBTCD-25MAY2019-T106749.99,DELTA,49,25,56,39,123,yes,31,-1000
2025-05-20T15:02:02.726175,KXBTCD-25MAY2019-T106749.99,DELTA,49,25,56,39,124,no,42,-1000
2025-05-20T15:02:02.866580,KXBTCD-25MAY2019-T106749.99,DELTA,49,25,56,39,125,yes,47,1000
2025-05-20T15:02:02.867377,KXBTCD-25MAY2019-T106749.99,DELTA,49,25,55,1000,126,no,45,1000
2025-05-20T15:02:02.907764,KXBTCD-25MAY2019-T106749.99,DELTA,49,25,55,1000,127,no,44,-25
2025-05-20T15:02:02.908613,KXBTCD-25MAY2019-T106749.99,DELTA,49,25,54,25,128,no,46,25
2025-05-20T15:02:02.966505,KXBTCD-25MAY2019-T106749.99,DELTA,47,1014,54,25,129,yes,49,-25
2025-05-20T15:02:02.967593,KXBTCD-25MAY2019-T106749.99,DELTA,48,25,54,25,130,yes,48,25
2025-05-20T15:02:03.064271,KXBTCD-25MAY2019-T106749.99,DELTA,48,25,54,25,131,yes,47,-1000
2025-05-20T15:02:03.065306,KXBTCD-25MAY2019-T106749.99,DELTA,48,25,54,25,132,no,45,-1000
2025-05-20T15:02:03.066078,KXBTCD-25MAY2019-T106749.99,DELTA,47,14,54,25,133,yes,48,-25
2025-05-20T15:02:03.066737,KXBTCD-25MAY2019-T106749.99,DELTA,47,39,54,25,134,yes,47,25
2025-05-20T15:02:03.087415,KXBTCD-25MAY2019-T106749.99,DELTA,47,39,54,25,135,yes,46,1000
2025-05-20T15:02:03.127472,KXBTCD-25MAY2019-T106749.99,DELTA,47,39,54,25,136,no,44,1000
2025-05-20T15:02:03.128351,KXBTCD-25MAY2019-T106749.99,DELTA,47,39,54,25,137,no,44,100
2025-05-20T15:02:03.146990,KXBTCD-25MAY2019-T106749.99,DELTA,48,100,54,25,138,yes,48,100
2025-05-20T15:02:03.147900,KXBTCD-25MAY2019-T106749.99,DELTA,48,100,56,1114,139,no,46,-25
2025-05-20T15:02:03.148622,KXBTCD-25MAY2019-T106749.99,DELTA,48,100,56,1139,140,no,44,25
2025-05-20T15:02:03.206556,KXBTCD-25MAY2019-T106749.99,DELTA,48,100,56,1139,141,yes,46,-1000
2025-05-20T15:02:03.207403,KXBTCD-25MAY2019-T106749.99,DELTA,48,100,56,1114,142,no,44,-25
2025-05-20T15:02:03.207969,KXBTCD-25MAY2019-T106749.99,DELTA,48,100,55,25,143,no,45,25
2025-05-20T15:02:03.208474,KXBTCD-25MAY2019-T106749.99,DELTA,48,100,55,25,144,yes,47,-25
2025-05-20T15:02:03.209006,KXBTCD-25MAY2019-T106749.99,DELTA,49,25,55,25,145,yes,49,25
2025-05-20T15:02:03.227493,KXBTCD-25MAY2019-T106749.99,DELTA,49,25,55,25,146,no,44,-1000
2025-05-20T15:02:03.392693,KXBTCD-25MAY2019-T106749.99,DELTA,49,25,55,25,147,yes,46,1000
2025-05-20T15:02:03.393772,KXBTCD-25MAY2019-T106749.99,DELTA,49,25,55,1025,148,no,45,1000
2025-05-20T15:02:03.449339,KXBTCD-25MAY2019-T106749.99,DELTA,49,25,55,1000,149,no,45,-25
2025-05-20T15:02:03.450073,KXBTCD-25MAY2019-T106749.99,DELTA,49,25,54,25,150,no,46,25
2025-05-20T15:02:03.485707,KXBTCD-25MAY2019-T106749.99,DELTA,49,25,54,25,151,yes,46,-1000
2025-05-20T15:02:03.588685,KXBTCD-25MAY2019-T106749.99,DELTA,49,25,54,25,152,yes,32,9
2025-05-20T15:02:03.606381,KXBTCD-25MAY2019-T106749.99,DELTA,49,25,54,25,153,yes,31,1000
2025-05-20T15:02:03.667079,KXBTCD-25MAY2019-T106749.99,DELTA,49,25,54,25,154,yes,12,-2700
2025-05-20T15:02:03.667727,KXBTCD-25MAY2019-T106749.99,DELTA,49,25,54,25,155,yes,4,8100
2025-05-20T15:02:03.707353,KXBTCD-25MAY2019-T106749.99,DELTA,49,25,54,25,156,no,10,-3240
2025-05-20T15:02:03.708259,KXBTCD-25MAY2019-T106749.99,DELTA,49,25,54,25,157,no,12,2700
2025-05-20T15:02:03.786835,KXBTCD-25MAY2019-T106749.99,DELTA,49,25,54,25,158,yes,5,20000
2025-05-20T15:02:03.827547,KXBTCD-25MAY2019-T106749.99,DELTA,49,25,54,25,159,no,11,-20000
2025-05-20T15:02:03.916876,KXBTCD-25MAY2019-T106749.99,DELTA,49,25,54,25,160,no,1,8000
2025-05-20T15:02:03.928019,KXBTCD-25MAY2019-T106749.99,DELTA,49,25,54,25,161,yes,30,-200
2025-05-20T15:02:03.928896,KXBTCD-25MAY2019-T106749.99,DELTA,49,25,54,25,162,yes,20,200
2025-05-20T15:02:03.949801,KXBTCD-25MAY2019-T106749.99,DELTA,49,25,54,25,163,no,5,20000
2025-05-20T15:02:04.114200,KXBTCD-25MAY2019-T106749.99,DELTA,49,25,54,25,164,yes,31,-2000
2025-05-20T15:02:04.114493,KXBTCD-25MAY2019-T106749.99,DELTA,49,25,54,25,165,yes,31,-1000
2025-05-20T15:02:04.147479,KXBTCD-25MAY2019-T106749.99,DELTA,49,25,54,25,166,yes,21,2000
2025-05-20T15:02:04.166509,KXBTCD-25MAY2019-T106749.99,DELTA,49,25,54,25,167,yes,21,1000
2025-05-20T15:02:04.440905,KXBTCD-25MAY2019-T106749.99,DELTA,49,25,54,25,168,no,44,-100
2025-05-20T15:02:04.467630,KXBTCD-25MAY2019-T106749.99,DELTA,49,25,54,25,169,yes,47,-14
2025-05-20T15:02:04.468436,KXBTCD-25MAY2019-T106749.99,DELTA,49,25,54,25,170,yes,44,30
2025-05-20T15:02:04.469051,KXBTCD-25MAY2019-T106749.99,DELTA,49,25,54,25,171,yes,46,-30
2025-05-20T15:02:04.469494,KXBTCD-25MAY2019-T106749.99,DELTA,49,25,54,25,172,yes,46,14
2025-05-20T15:02:04.486130,KXBTCD-25MAY2019-T106749.99,DELTA,49,25,54,25,173,no,44,-14
2025-05-20T15:02:04.486853,KXBTCD-25MAY2019-T106749.99,DELTA,49,25,54,25,174,no,43,-30
2025-05-20T15:02:04.487310,KXBTCD-25MAY2019-T106749.99,DELTA,49,25,54,25,175,no,45,14
2025-05-20T15:02:04.487775,KXBTCD-25MAY2019-T106749.99,DELTA,49,25,54,25,176,no,45,30
2025-05-20T15:02:04.526283,KXBTCD-25MAY2019-T106749.99,DELTA,49,25,54,25,177,no,45,-1000
2025-05-20T15:02:04.639657,KXBTCD-25MAY2019-T106749.99,DELTA,49,25,54,25,178,yes,21,-1000
2025-05-20T15:02:04.640534,KXBTCD-25MAY2019-T106749.99,DELTA,49,25,54,1025,179,no,46,1000
2025-05-20T15:02:04.706446,KXBTCD-25MAY2019-T106749.99,DELTA,49,25,54,1025,180,yes,44,1000
2025-05-20T15:02:04.963076,KXBTCD-25MAY2019-T106749.99,DELTA,49,25,54,1025,181,yes,4,-8100
2025-05-20T15:02:04.963326,KXBTCD-25MAY2019-T106749.99,DELTA,49,25,54,1025,182,yes,6,5400
2025-05-20T15:02:04.965422,KXBTCD-25MAY2019-T106749.99,DELTA,49,25,54,1025,183,no,12,-2700
2025-05-20T15:02:04.965547,KXBTCD-25MAY2019-T106749.99,DELTA,49,25,54,1025,184,no,6,5400
2025-05-20T15:02:05.006182,KXBTCD-25MAY2019-T106749.99,DELTA,49,25,54,1025,185,yes,5,-20000
2025-05-20T15:02:05.163300,KXBTCD-25MAY2019-T106749.99,DELTA,49,25,54,1025,186,no,5,-20000
2025-05-20T15:02:05.164081,KXBTCD-25MAY2019-T106749.99,DELTA,49,25,54,1025,187,yes,7,20000
2025-05-20T15:02:05.187364,KXBTCD-25MAY2019-T106749.99,DELTA,49,25,54,1025,188,no,7,20000
2025-05-20T15:02:05.487861,KXBTCD-25MAY2019-T106749.99,DELTA,49,25,54,1025,189,yes,48,-100
2025-05-20T15:02:05.867449,KXBTCD-25MAY2019-T106749.99,DELTA,49,25,54,1025,190,yes,44,-1000
2025-05-20T15:02:05.868226,KXBTCD-25MAY2019-T106749.99,DELTA,49,25,54,1025,191,yes,42,30
2025-05-20T15:02:05.868738,KXBTCD-25MAY2019-T106749.99,DELTA,49,25,54,1025,192,yes,44,-30
2025-05-20T15:02:05.869206,KXBTCD-25MAY2019-T106749.99,DELTA,49,25,54,1025,193,yes,46,-14
2025-05-20T15:02:05.869621,KXBTCD-25MAY2019-T106749.99,DELTA,49,25,54,1025,194,yes,44,14
2025-05-20T15:02:05.886539,KXBTCD-25MAY2019-T106749.99,DELTA,49,25,54,1025,195,no,45,-30
2025-05-20T15:02:05.887349,KXBTCD-25MAY2019-T106749.99,DELTA,49,25,53,30,196,no,47,30
2025-05-20T15:02:05.887900,KXBTCD-25MAY2019-T106749.99,DELTA,49,25,53,44,197,no,47,14
2025-05-20T15:02:05.888345,KXBTCD-25MAY2019-T106749.99,DELTA,49,25,53,44,198,no,45,-14
2025-05-20T15:02:06.013555,KXBTCD-25MAY2019-T106749.99,DELTA,49,25,53,44,199,no,46,100
2025-05-20T15:02:06.014437,KXBTCD-25MAY2019-T106749.99,DELTA,49,25,53,44,200,no,46,-25
2025-05-20T15:02:06.015057,KXBTCD-25MAY2019-T106749.99,DELTA,49,25,52,25,201,no,48,25
2025-05-20T15:02:06.015583,KXBTCD-25MAY2019-T106749.99,DELTA,49,25,52,25,202,yes,21,1000
2025-05-20T15:02:06.016071,KXBTCD-25MAY2019-T106749.99,DELTA,49,25,52,25,203,yes,45,9
2025-05-20T15:02:06.016514,KXBTCD-25MAY2019-T106749.99,DELTA,49,25,52,25,204,yes,32,-9
2025-05-20T15:02:06.016971,KXBTCD-25MAY2019-T106749.99,DELTA,49,25,52,25,205,no,46,-1000
2025-05-20T15:02:06.046057,KXBTCD-25MAY2019-T106749.99,DELTA,49,25,52,25,206,no,22,-3000
2025-05-20T15:02:06.086969,KXBTCD-25MAY2019-T106749.99,DELTA,49,25,52,25,207,yes,21,-1000
2025-05-20T15:02:06.211548,KXBTCD-25MAY2019-T106749.99,DELTA,49,25,52,1025,208,no,48,1000
2025-05-20T15:02:06.212419,KXBTCD-25MAY2019-T106749.99,DELTA,45,9,52,1025,209,yes,49,-25
2025-05-20T15:02:06.213067,KXBTCD-25MAY2019-T106749.99,DELTA,45,9,52,1025,210,yes,43,25
2025-05-20T15:02:06.213649,KXBTCD-25MAY2019-T106749.99,DELTA,45,9,52,1025,211,no,29,3000
2025-05-20T15:02:06.214152,KXBTCD-25MAY2019-T106749.99,DELTA,45,9,52,1025,212,yes,6,-5400
2025-05-20T15:02:06.214553,KXBTCD-25MAY2019-T106749.99,DELTA,45,9,52,1025,213,yes,8,4050
2025-05-20T15:02:06.214966,KXBTCD-25MAY2019-T106749.99,DELTA,45,9,52,1025,214,yes,43,-25
2025-05-20T15:02:06.215348,KXBTCD-25MAY2019-T106749.99,DELTA,48,25,52,1025,215,yes,48,25
2025-05-20T15:02:06.215705,KXBTCD-25MAY2019-T106749.99,DELTA,48,25,52,1025,216,yes,43,1000
2025-05-20T15:02:06.216057,KXBTCD-25MAY2019-T106749.99,DELTA,48,25,52,1000,217,no,48,-25
2025-05-20T15:02:06.216401,KXBTCD-25MAY2019-T106749.99,DELTA,48,25,51,25,218,no,49,25
2025-05-20T15:02:06.216746,KXBTCD-25MAY2019-T106749.99,DELTA,48,25,51,25,219,no,6,-5400
2025-05-20T15:02:06.217080,KXBTCD-25MAY2019-T106749.99,DELTA,48,25,51,25,220,no,8,4050
2025-05-20T15:02:06.306205,KXBTCD-25MAY2019-T106749.99,DELTA,48,25,51,25,221,yes,7,-20000
2025-05-20T15:02:06.325240,KXBTCD-25MAY2019-T106749.99,DELTA,48,25,51,25,222,no,7,-20000
2025-05-20T15:02:06.426895,KXBTCD-25MAY2019-T106749.99,DELTA,48,25,51,25,223,yes,43,-1000
2025-05-20T15:02:06.427999,KXBTCD-25MAY2019-T106749.99,DELTA,48,25,51,25,224,yes,9,20000
2025-05-20T15:02:06.446193,KXBTCD-25MAY2019-T106749.99,DELTA,48,25,51,25,225,no,9,20000
2025-05-20T15:02:06.546302,KXBTCD-25MAY2019-T106749.99,DELTA,48,25,51,25,226,yes,44,100
2025-05-20T15:02:06.547041,KXBTCD-25MAY2019-T106749.99,DELTA,48,25,51,25,227,yes,42,1000
2025-05-20T15:02:06.606948,KXBTCD-25MAY2019-T106749.99,DELTA,48,25,51,25,228,no,46,-100
2025-05-20T15:02:07.367542,KXBTCD-25MAY2019-T106749.99,DELTA,48,25,51,25,229,yes,44,-100
2025-05-20T15:02:07.450872,KXBTCD-25MAY2019-T106749.99,DELTA,48,25,51,25,230,yes,8,-4050
2025-05-20T15:02:07.451397,KXBTCD-25MAY2019-T106749.99,DELTA,48,25,51,25,231,yes,10,3240
2025-05-20T15:02:07.586396,KXBTCD-25MAY2019-T106749.99,DELTA,48,25,51,25,232,no,8,-4050
2025-05-20T15:02:07.586734,KXBTCD-25MAY2019-T106749.99,DELTA,48,25,51,25,233,no,10,3240
2025-05-20T15:02:07.587140,KXBTCD-25MAY2019-T106749.99,DELTA,48,25,51,25,234,yes,9,-20000
2025-05-20T15:02:07.625995,KXBTCD-25MAY2019-T106749.99,DELTA,48,25,51,25,235,no,9,-20000
2025-05-20T15:02:07.667446,KXBTCD-25MAY2019-T106749.99,DELTA,48,25,51,25,236,yes,11,20000
2025-05-20T15:02:07.783301,KXBTCD-25MAY2019-T106749.99,DELTA,48,25,51,25,237,no,11,20000
2025-05-20T15:02:08.007094,KXBTCD-25MAY2019-T106749.99,DELTA,48,25,51,25,238,yes,45,100
2025-05-20T15:02:08.111866,KXBTCD-25MAY2019-T106749.99,DELTA,48,25,51,25,239,yes,45,-9
2025-05-20T15:02:09.283145,KXBTCD-25MAY2019-T106749.99,DELTA,48,25,51,25,240,no,48,100
2025-05-20T15:02:09.299863,KXBTCD-25MAY2019-T106749.99,DELTA,48,25,51,25,241,yes,42,-1000
2025-05-20T15:02:09.406891,KXBTCD-25MAY2019-T106749.99,DELTA,48,25,51,25,242,no,48,-1000
2025-05-20T15:02:09.426567,KXBTCD-25MAY2019-T106749.99,DELTA,48,25,51,25,243,yes,21,1000
2025-05-20T15:02:09.526805,KXBTCD-25MAY2019-T106749.99,DELTA,48,25,51,1025,244,no,49,1000
2025-05-20T15:02:09.591923,KXBTCD-25MAY2019-T106749.99,DELTA,48,25,51,1000,245,no,49,-25
2025-05-20T15:02:09.592848,KXBTCD-25MAY2019-T106749.99,DELTA,48,25,50,25,246,no,50,25
2025-05-20T15:02:11.450611,KXBTCD-25MAY2019-T106749.99,DELTA,48,25,50,25,247,yes,21,-1000
2025-05-20T15:02:11.546195,KXBTCD-25MAY2019-T106749.99,DELTA,48,25,50,25,248,yes,26,9
2025-05-20T15:02:11.567151,KXBTCD-25MAY2019-T106749.99,DELTA,48,25,50,25,249,yes,21,1000
2025-05-20T15:02:12.445934,KXBTCD-25MAY2019-T106749.99,DELTA,48,25,50,25,250,yes,10,-3240
2025-05-20T15:02:12.447084,KXBTCD-25MAY2019-T106749.99,DELTA,48,25,50,25,251,yes,12,2700
2025-05-20T15:02:12.485778,KXBTCD-25MAY2019-T106749.99,DELTA,48,25,50,25,252,no,10,-3240
2025-05-20T15:02:12.486579,KXBTCD-25MAY2019-T106749.99,DELTA,48,25,50,25,253,no,12,2700
2025-05-20T15:02:12.565966,KXBTCD-25MAY2019-T106749.99,DELTA,48,25,50,25,254,yes,11,-20000
2025-05-20T15:02:12.606226,KXBTCD-25MAY2019-T106749.99,DELTA,48,25,50,25,255,no,11,-20000
2025-05-20T15:02:12.726834,KXBTCD-25MAY2019-T106749.99,DELTA,48,25,50,25,256,no,5,20000
2025-05-20T15:02:14.525392,KXBTCD-25MAY2019-T106749.99,DELTA,48,25,50,25,257,yes,21,-1000
2025-05-20T15:02:14.664848,KXBTCD-25MAY2019-T106749.99,DELTA,48,25,50,25,258,yes,42,1000
2025-05-20T15:02:14.746592,KXBTCD-25MAY2019-T106749.99,DELTA,48,25,50,25,259,yes,12,-2700
2025-05-20T15:02:14.747596,KXBTCD-25MAY2019-T106749.99,DELTA,48,25,50,25,260,yes,4,8100
2025-05-20T15:02:14.786950,KXBTCD-25MAY2019-T106749.99,DELTA,48,25,50,25,261,no,12,-2700
2025-05-20T15:02:14.788014,KXBTCD-25MAY2019-T106749.99,DELTA,48,25,50,25,262,no,6,5400
2025-05-20T15:02:14.866283,KXBTCD-25MAY2019-T106749.99,DELTA,48,25,50,25,263,yes,5,20000
2025-05-20T15:02:14.905137,KXBTCD-25MAY2019-T106749.99,DELTA,48,25,50,25,264,no,5,-20000
2025-05-20T15:02:15.025236,KXBTCD-25MAY2019-T106749.99,DELTA,48,25,50,25,265,no,7,20000
2025-05-20T15:02:16.006097,KXBTCD-25MAY2019-T106749.99,DELTA,48,25,50,25,266,yes,4,-8100
2025-05-20T15:02:16.007304,KXBTCD-25MAY2019-T106749.99,DELTA,48,25,50,25,267,yes,6,5400
2025-05-20T15:02:16.047405,KXBTCD-25MAY2019-T106749.99,DELTA,48,25,50,25,268,no,6,-5400
2025-05-20T15:02:16.048221,KXBTCD-25MAY2019-T106749.99,DELTA,48,25,50,25,269,no,8,4050
2025-05-20T15:02:16.106807,KXBTCD-25MAY2019-T106749.99,DELTA,48,25,50,25,270,yes,5,-20000
2025-05-20T15:02:16.166568,KXBTCD-25MAY2019-T106749.99,DELTA,48,25,50,25,271,no,7,-20000
2025-05-20T15:02:16.226457,KXBTCD-25MAY2019-T106749.99,DELTA,48,25,50,25,272,yes,7,20000
2025-05-20T15:02:16.265298,KXBTCD-25MAY2019-T106749.99,DELTA,48,25,50,25,273,no,9,20000
2025-05-20T15:02:17.207582,KXBTCD-25MAY2019-T106749.99,DELTA,48,25,50,25,274,yes,6,-5400
2025-05-20T15:02:17.208449,KXBTCD-25MAY2019-T106749.99,DELTA,48,25,50,25,275,yes,8,4050
2025-05-20T15:02:17.265139,KXBTCD-25MAY2019-T106749.99,DELTA,48,25,50,25,276,no,8,-4050
2025-05-20T15:02:17.265383,KXBTCD-25MAY2019-T106749.99,DELTA,48,25,50,25,277,no,10,3240
2025-05-20T15:02:17.305662,KXBTCD-25MAY2019-T106749.99,DELTA,48,25,50,25,278,yes,26,-9
2025-05-20T15:02:17.305875,KXBTCD-25MAY2019-T106749.99,DELTA,48,25,50,25,279,yes,7,-20000
2025-05-20T15:02:17.365733,KXBTCD-25MAY2019-T106749.99,DELTA,48,25,50,25,280,no,9,-20000
2025-05-20T15:02:17.424783,KXBTCD-25MAY2019-T106749.99,DELTA,48,25,50,25,281,yes,9,20000
2025-05-20T15:02:17.486088,KXBTCD-25MAY2019-T106749.99,DELTA,48,25,50,25,282,no,11,20000
2025-05-20T15:02:18.386680,KXBTCD-25MAY2019-T106749.99,DELTA,48,25,50,25,283,yes,8,-4050
2025-05-20T15:02:18.387714,KXBTCD-25MAY2019-T106749.99,DELTA,48,25,50,25,284,yes,10,3240
2025-05-20T15:02:18.446714,KXBTCD-25MAY2019-T106749.99,DELTA,48,25,50,25,285,no,10,-3240
2025-05-20T15:02:18.447484,KXBTCD-25MAY2019-T106749.99,DELTA,48,25,50,25,286,no,12,2700
2025-05-20T15:02:18.506725,KXBTCD-25MAY2019-T106749.99,DELTA,48,25,50,25,287,yes,9,-20000
2025-05-20T15:02:18.566972,KXBTCD-25MAY2019-T106749.99,DELTA,48,25,50,25,288,no,11,-20000
2025-05-20T15:02:18.626319,KXBTCD-25MAY2019-T106749.99,DELTA,48,25,50,25,289,yes,11,20000
2025-05-20T15:02:18.686895,KXBTCD-25MAY2019-T106749.99,DELTA,48,25,50,25,290,no,5,20000
2025-05-20T15:02:18.885830,KXBTCD-25MAY2019-T106749.99,DELTA,48,25,50,25,291,yes,42,-1000
2025-05-20T15:02:19.006701,KXBTCD-25MAY2019-T106749.99,DELTA,48,25,50,25,292,yes,43,1000
2025-05-20T15:02:19.586905,KXBTCD-25MAY2019-T106749.99,DELTA,48,25,50,25,293,yes,43,-1000
2025-05-20T15:02:19.626165,KXBTCD-25MAY2019-T106749.99,DELTA,48,25,50,25,294,yes,10,-3240
2025-05-20T15:02:19.626996,KXBTCD-25MAY2019-T106749.99,DELTA,48,25,50,25,295,yes,12,2700
2025-05-20T15:02:19.686252,KXBTCD-25MAY2019-T106749.99,DELTA,48,25,50,25,296,no,12,-2700
2025-05-20T15:02:19.687155,KXBTCD-25MAY2019-T106749.99,DELTA,48,25,50,25,297,no,6,5400
2025-05-20T15:02:19.706353,KXBTCD-25MAY2019-T106749.99,DELTA,48,25,50,25,298,yes,26,9
2025-05-20T15:02:19.707233,KXBTCD-25MAY2019-T106749.99,DELTA,48,25,50,25,299,yes,42,1000
2025-05-20T15:02:19.746502,KXBTCD-25MAY2019-T106749.99,DELTA,48,25,50,25,300,yes,11,-20000
2025-05-20T15:02:19.826465,KXBTCD-25MAY2019-T106749.99,DELTA,48,25,50,25,301,no,5,-20000
2025-05-20T15:02:19.946696,KXBTCD-25MAY2019-T106749.99,DELTA,48,25,50,25,302,no,7,20000
2025-05-20T15:02:21.189134,KXBTCD-25MAY2019-T106749.99,DELTA,48,25,50,25,303,yes,42,-1000
2025-05-20T15:02:21.305527,KXBTCD-25MAY2019-T106749.99,DELTA,48,25,50,25,304,yes,43,1000
2025-05-20T15:02:22.330805,KXBTCD-25MAY2019-T106749.99,DELTA,45,100,50,25,305,yes,48,-25
2025-05-20T15:02:22.347936,KXBTCD-25MAY2019-T106749.99,DELTA,45,100,51,1000,306,no,50,-25
2025-05-20T15:02:22.426267,KXBTCD-25MAY2019-T106749.99,DELTA,45,100,51,1000,307,yes,26,-9
2025-05-20T15:02:23.515806,KXBTCD-25MAY2019-T106749.99,DELTA,45,100,51,1000,308,yes,12,-2700
2025-05-20T15:02:23.516231,KXBTCD-25MAY2019-T106749.99,DELTA,45,100,51,1000,309,yes,4,8100
2025-05-20T15:02:23.576853,KXBTCD-25MAY2019-T106749.99,DELTA,45,100,51,1000,310,no,6,-5400
2025-05-20T15:02:23.577724,KXBTCD-25MAY2019-T106749.99,DELTA,45,100,51,1000,311,no,8,4050
2025-05-20T15:02:23.630640,KXBTCD-25MAY2019-T106749.99,DELTA,45,100,51,1000,312,yes,5,20000
2025-05-20T15:02:23.686214,KXBTCD-25MAY2019-T106749.99,DELTA,45,100,51,1000,313,no,7,-20000
2025-05-20T15:02:23.885566,KXBTCD-25MAY2019-T106749.99,DELTA,45,100,51,1000,314,no,9,20000
2025-05-20T15:02:24.709064,KXBTCD-25MAY2019-T106749.99,DELTA,46,25,51,1000,315,yes,46,25
2025-05-20T15:02:24.785190,KXBTCD-25MAY2019-T106749.99,DELTA,46,25,50,25,316,no,50,25
2025-05-20T15:02:27.146110,KXBTCD-25MAY2019-T106749.99,DELTA,46,25,50,25,317,yes,43,-1000
2025-05-20T15:02:27.247741,KXBTCD-25MAY2019-T106749.99,DELTA,46,25,50,25,318,yes,26,9
2025-05-20T15:02:27.265868,KXBTCD-25MAY2019-T106749.99,DELTA,46,25,50,25,319,yes,42,1000
2025-05-20T15:02:27.486297,KXBTCD-25MAY2019-T106749.99,DELTA,46,25,50,25,320,yes,4,-8100
2025-05-20T15:02:27.487403,KXBTCD-25MAY2019-T106749.99,DELTA,46,25,50,25,321,yes,6,5400
2025-05-20T15:02:27.525716,KXBTCD-25MAY2019-T106749.99,DELTA,46,25,50,25,322,no,8,-4050
2025-05-20T15:02:27.526598,KXBTCD-25MAY2019-T106749.99,DELTA,46,25,50,25,323,no,10,3240
2025-05-20T15:02:27.586320,KXBTCD-25MAY2019-T106749.99,DELTA,46,25,50,25,324,yes,5,-20000
2025-05-20T15:02:27.685745,KXBTCD-25MAY2019-T106749.99,DELTA,46,25,50,25,325,no,9,-20000
2025-05-20T15:02:27.704464,KXBTCD-25MAY2019-T106749.99,DELTA,46,25,50,25,326,yes,7,20000
2025-05-20T15:02:27.785631,KXBTCD-25MAY2019-T106749.99,DELTA,46,25,50,25,327,no,11,20000
2025-05-20T15:02:28.245505,KXBTCD-25MAY2019-T106749.99,DELTA,46,25,50,25,328,yes,42,-1000
2025-05-20T15:02:28.346505,KXBTCD-25MAY2019-T106749.99,DELTA,46,25,50,25,329,yes,43,1000
2025-05-20T15:02:28.605891,KXBTCD-25MAY2019-T106749.99,DELTA,46,25,50,25,330,yes,6,-5400
2025-05-20T15:02:28.606163,KXBTCD-25MAY2019-T106749.99,DELTA,46,25,50,25,331,yes,8,4050
2025-05-20T15:02:28.664517,KXBTCD-25MAY2019-T106749.99,DELTA,46,25,50,25,332,no,10,-3240
2025-05-20T15:02:28.664676,KXBTCD-25MAY2019-T106749.99,DELTA,46,25,50,25,333,no,12,2700
2025-05-20T15:02:28.726735,KXBTCD-25MAY2019-T106749.99,DELTA,46,25,50,25,334,yes,7,-20000
2025-05-20T15:02:28.767033,KXBTCD-25MAY2019-T106749.99,DELTA,46,25,50,25,335,no,11,-20000
2025-05-20T15:02:28.826471,KXBTCD-25MAY2019-T106749.99,DELTA,46,25,50,25,336,yes,9,20000
2025-05-20T15:02:28.890163,KXBTCD-25MAY2019-T106749.99,DELTA,46,25,50,25,337,no,5,20000
2025-05-20T15:02:29.685782,KXBTCD-25MAY2019-T106749.99,DELTA,46,25,50,25,338,yes,8,-4050
2025-05-20T15:02:29.686743,KXBTCD-25MAY2019-T106749.99,DELTA,46,25,50,25,339,yes,10,3240
2025-05-20T15:02:29.725245,KXBTCD-25MAY2019-T106749.99,DELTA,46,25,50,25,340,no,12,-2700
2025-05-20T15:02:29.725798,KXBTCD-25MAY2019-T106749.99,DELTA,46,25,50,25,341,no,6,5400
2025-05-20T15:02:29.785714,KXBTCD-25MAY2019-T106749.99,DELTA,46,25,50,25,342,yes,26,-9
2025-05-20T15:02:29.806346,KXBTCD-25MAY2019-T106749.99,DELTA,46,25,50,25,343,yes,9,-20000
2025-05-20T15:02:29.844536,KXBTCD-25MAY2019-T106749.99,DELTA,46,25,50,25,344,no,5,-20000
2025-05-20T15:02:29.925439,KXBTCD-25MAY2019-T106749.99,DELTA,46,25,50,25,345,yes,11,20000
2025-05-20T15:02:29.945072,KXBTCD-25MAY2019-T106749.99,DELTA,46,25,50,25,346,no,7,20000
2025-05-20T15:02:30.746932,KXBTCD-25MAY2019-T106749.99,DELTA,46,25,50,25,347,yes,10,-3240
2025-05-20T15:02:30.747483,KXBTCD-25MAY2019-T106749.99,DELTA,46,25,50,25,348,yes,12,2700
2025-05-20T15:02:30.786441,KXBTCD-25MAY2019-T106749.99,DELTA,46,25,50,25,349,no,6,-5400
2025-05-20T15:02:30.787117,KXBTCD-25MAY2019-T106749.99,DELTA,46,25,50,25,350,no,8,4050
2025-05-20T15:02:30.867414,KXBTCD-25MAY2019-T106749.99,DELTA,46,25,50,25,351,yes,11,-20000
2025-05-20T15:02:30.887030,KXBTCD-25MAY2019-T106749.99,DELTA,46,25,50,25,352,no,7,-20000
2025-05-20T15:02:31.005980,KXBTCD-25MAY2019-T106749.99,DELTA,46,25,50,25,353,no,9,20000
2025-05-20T15:02:31.914561,KXBTCD-25MAY2019-T106749.99,DELTA,46,25,50,25,354,yes,12,-2700
2025-05-20T15:02:31.915744,KXBTCD-25MAY2019-T106749.99,DELTA,46,25,50,25,355,yes,4,8100
2025-05-20T15:02:31.946090,KXBTCD-25MAY2019-T106749.99,DELTA,46,25,50,25,356,no,8,-4050
2025-05-20T15:02:31.947060,KXBTCD-25MAY2019-T106749.99,DELTA,46,25,50,25,357,no,10,3240
2025-05-20T15:02:32.026054,KXBTCD-25MAY2019-T106749.99,DELTA,46,25,50,25,358,yes,5,20000
2025-05-20T15:02:32.066284,KXBTCD-25MAY2019-T106749.99,DELTA,46,25,50,25,359,no,9,-20000
2025-05-20T15:02:32.187098,KXBTCD-25MAY2019-T106749.99,DELTA,46,25,50,25,360,no,11,20000
2025-05-20T15:02:35.646183,KXBTCD-25MAY2019-T106749.99,DELTA,46,25,50,25,361,yes,4,-8100
2025-05-20T15:02:35.647480,KXBTCD-25MAY2019-T106749.99,DELTA,46,25,50,25,362,yes,6,5400
2025-05-20T15:02:35.709211,KXBTCD-25MAY2019-T106749.99,DELTA,46,25,50,25,363,no,10,-3240
2025-05-20T15:02:35.710139,KXBTCD-25MAY2019-T106749.99,DELTA,46,25,50,25,364,no,12,2700
2025-05-20T15:02:35.766700,KXBTCD-25MAY2019-T106749.99,DELTA,46,25,50,25,365,yes,5,-20000
2025-05-20T15:02:35.826644,KXBTCD-25MAY2019-T106749.99,DELTA,46,25,50,25,366,no,11,-20000
2025-05-20T15:02:35.886702,KXBTCD-25MAY2019-T106749.99,DELTA,46,25,50,25,367,yes,7,20000
2025-05-20T15:02:35.927147,KXBTCD-25MAY2019-T106749.99,DELTA,46,25,50,25,368,no,5,20000
2025-05-20T15:02:36.776883,KXBTCD-25MAY2019-T106749.99,DELTA,46,25,50,25,369,yes,43,-1000
2025-05-20T15:02:36.886223,KXBTCD-25MAY2019-T106749.99,DELTA,46,25,50,25,370,yes,42,1000
2025-05-20T15:02:38.345754,KXBTCD-25MAY2019-T106749.99,DELTA,46,25,50,25,371,yes,6,-5400
2025-05-20T15:02:38.346781,KXBTCD-25MAY2019-T106749.99,DELTA,46,25,50,25,372,yes,8,4050
2025-05-20T15:02:38.386158,KXBTCD-25MAY2019-T106749.99,DELTA,46,25,50,25,373,no,12,-2700
2025-05-20T15:02:38.386835,KXBTCD-25MAY2019-T106749.99,DELTA,46,25,50,25,374,no,6,5400
2025-05-20T15:02:38.466120,KXBTCD-25MAY2019-T106749.99,DELTA,46,25,50,25,375,yes,7,-20000
2025-05-20T15:02:38.506135,KXBTCD-25MAY2019-T106749.99,DELTA,46,25,50,25,376,no,5,-20000
2025-05-20T15:02:38.576278,KXBTCD-25MAY2019-T106749.99,DELTA,46,25,50,25,377,yes,9,20000
2025-05-20T15:02:38.605572,KXBTCD-25MAY2019-T106749.99,DELTA,46,25,50,25,378,no,7,20000
2025-05-20T15:02:39.489887,KXBTCD-25MAY2019-T106749.99,DELTA,46,25,50,25,379,yes,8,-4050
2025-05-20T15:02:39.490964,KXBTCD-25MAY2019-T106749.99,DELTA,46,25,50,25,380,yes,10,3240
2025-05-20T15:02:39.562491,KXBTCD-25MAY2019-T106749.99,DELTA,46,25,50,25,381,no,6,-5400
2025-05-20T15:02:39.563332,KXBTCD-25MAY2019-T106749.99,DELTA,46,25,50,25,382,no,8,4050
2025-05-20T15:02:39.607400,KXBTCD-25MAY2019-T106749.99,DELTA,46,25,50,25,383,yes,9,-20000
2025-05-20T15:02:39.675383,KXBTCD-25MAY2019-T106749.99,DELTA,46,25,50,25,384,no,7,-20000
2025-05-20T15:02:39.727630,KXBTCD-25MAY2019-T106749.99,DELTA,46,25,50,25,385,yes,11,20000
2025-05-20T15:02:39.787116,KXBTCD-25MAY2019-T106749.99,DELTA,46,25,50,25,386,no,9,20000
2025-05-20T15:02:40.720863,KXBTCD-25MAY2019-T106749.99,DELTA,46,25,50,25,387,yes,10,-3240
2025-05-20T15:02:40.721958,KXBTCD-25MAY2019-T106749.99,DELTA,46,25,50,25,388,yes,12,2700
2025-05-20T15:02:40.722706,KXBTCD-25MAY2019-T106749.99,DELTA,46,25,50,25,389,no,8,-4050
2025-05-20T15:02:40.723380,KXBTCD-25MAY2019-T106749.99,DELTA,46,25,50,25,390,no,10,3240
2025-05-20T15:02:40.745542,KXBTCD-25MAY2019-T106749.99,DELTA,46,25,50,25,391,yes,11,-20000
2025-05-20T15:02:40.785763,KXBTCD-25MAY2019-T106749.99,DELTA,46,25,50,25,392,no,9,-20000
2025-05-20T15:02:40.886951,KXBTCD-25MAY2019-T106749.99,DELTA,46,25,50,25,393,no,11,20000
2025-05-20T15:02:41.606660,KXBTCD-25MAY2019-T106749.99,DELTA,46,25,50,25,394,yes,42,-1000
2025-05-20T15:02:41.726428,KXBTCD-25MAY2019-T106749.99,DELTA,46,25,50,25,395,yes,43,1000
2025-05-20T15:02:41.727397,KXBTCD-25MAY2019-T106749.99,DELTA,46,25,50,25,396,yes,12,-2700
2025-05-20T15:02:41.728038,KXBTCD-25MAY2019-T106749.99,DELTA,46,25,50,25,397,yes,4,8100
2025-05-20T15:02:41.786942,KXBTCD-25MAY2019-T106749.99,DELTA,46,25,50,25,398,no,10,-3240
2025-05-20T15:02:41.787969,KXBTCD-25MAY2019-T106749.99,DELTA,46,25,50,25,399,no,12,2700
2025-05-20T15:02:41.826692,KXBTCD-25MAY2019-T106749.99,DELTA,46,25,50,25,400,yes,5,20000
2025-05-20T15:02:41.908111,KXBTCD-25MAY2019-T106749.99,DELTA,46,25,50,25,401,no,11,-20000
2025-05-20T15:02:42.006664,KXBTCD-25MAY2019-T106749.99,DELTA,46,25,50,25,402,no,5,20000
2025-05-20T15:02:42.871389,KXBTCD-25MAY2019-T106749.99,DELTA,46,25,50,25,403,yes,4,-8100
2025-05-20T15:02:42.872493,KXBTCD-25MAY2019-T106749.99,DELTA,46,25,50,25,404,yes,6,5400
2025-05-20T15:02:42.873198,KXBTCD-25MAY2019-T106749.99,DELTA,46,25,50,25,405,no,12,-2700
2025-05-20T15:02:42.873779,KXBTCD-25MAY2019-T106749.99,DELTA,46,25,50,25,406,no,6,5400
2025-05-20T15:02:42.887066,KXBTCD-25MAY2019-T106749.99,DELTA,46,25,50,25,407,yes,5,-20000
2025-05-20T15:02:42.966995,KXBTCD-25MAY2019-T106749.99,DELTA,46,25,50,25,408,no,5,-20000
2025-05-20T15:02:42.985809,KXBTCD-25MAY2019-T106749.99,DELTA,46,25,50,25,409,yes,7,20000
2025-05-20T15:02:43.086495,KXBTCD-25MAY2019-T106749.99,DELTA,46,25,50,25,410,no,7,20000
2025-05-20T15:02:43.147398,KXBTCD-25MAY2019-T106749.99,DELTA,46,25,50,25,411,yes,43,-1000
2025-05-20T15:02:43.265192,KXBTCD-25MAY2019-T106749.99,DELTA,46,25,50,25,412,yes,42,1000
2025-05-20T15:02:43.407053,KXBTCD-25MAY2019-T106749.99,DELTA,46,25,50,25,413,yes,42,-1000
2025-05-20T15:02:43.504892,KXBTCD-25MAY2019-T106749.99,DELTA,46,25,50,25,414,no,20,-200
2025-05-20T15:02:43.505751,KXBTCD-25MAY2019-T106749.99,DELTA,46,25,50,25,415,no,30,200
2025-05-20T15:02:43.526450,KXBTCD-25MAY2019-T106749.99,DELTA,46,25,50,25,416,yes,21,1000
2025-05-20T15:02:43.606594,KXBTCD-25MAY2019-T106749.99,DELTA,46,25,50,25,417,no,21,-2000
2025-05-20T15:02:43.727022,KXBTCD-25MAY2019-T106749.99,DELTA,46,25,50,25,418,no,31,2000
2025-05-20T15:02:45.325844,KXBTCD-25MAY2019-T106749.99,DELTA,46,25,50,25,419,yes,45,-100
2025-05-20T15:02:45.425792,KXBTCD-25MAY2019-T106749.99,DELTA,46,25,50,25,420,yes,26,9
2025-05-20T15:02:45.546183,KXBTCD-25MAY2019-T106749.99,DELTA,46,25,50,25,421,no,48,-100
2025-05-20T15:02:45.667140,KXBTCD-25MAY2019-T106749.99,DELTA,46,25,50,25,422,no,49,-1000
2025-05-20T15:02:45.726749,KXBTCD-25MAY2019-T106749.99,DELTA,46,25,53,44,423,no,50,-25
2025-05-20T15:02:45.727852,KXBTCD-25MAY2019-T106749.99,DELTA,46,25,52,25,424,no,48,25
2025-05-20T15:02:45.786252,KXBTCD-25MAY2019-T106749.99,DELTA,44,14,52,25,425,yes,46,-25
2025-05-20T15:02:45.787400,KXBTCD-25MAY2019-T106749.99,DELTA,44,14,52,25,426,yes,43,25
2025-05-20T15:02:45.787990,KXBTCD-25MAY2019-T106749.99,DELTA,44,14,52,1025,427,no,48,1000
2025-05-20T15:02:45.847451,KXBTCD-25MAY2019-T106749.99,DELTA,44,14,52,1000,428,no,48,-25
2025-05-20T15:02:45.848423,KXBTCD-25MAY2019-T106749.99,DELTA,44,14,51,25,429,no,49,25
2025-05-20T15:02:46.186243,KXBTCD-25MAY2019-T106749.99,DELTA,44,114,51,25,430,yes,44,100
2025-05-20T15:02:46.246250,KXBTCD-25MAY2019-T106749.99,DELTA,44,114,51,25,431,yes,43,-25
2025-05-20T15:02:46.247274,KXBTCD-25MAY2019-T106749.99,DELTA,45,25,51,25,432,yes,45,25
2025-05-20T15:02:46.528353,KXBTCD-25MAY2019-T106749.99,DELTA,45,25,51,25,433,yes,6,-5400
2025-05-20T15:02:46.529445,KXBTCD-25MAY2019-T106749.99,DELTA,45,25,51,25,434,yes,8,4050
2025-05-20T15:02:46.586114,KXBTCD-25MAY2019-T106749.99,DELTA,45,25,51,25,435,no,6,-5400
2025-05-20T15:02:46.586864,KXBTCD-25MAY2019-T106749.99,DELTA,45,25,51,25,436,no,8,4050
2025-05-20T15:02:46.587471,KXBTCD-25MAY2019-T106749.99,DELTA,45,25,51,25,437,yes,7,-20000
2025-05-20T15:02:46.626531,KXBTCD-25MAY2019-T106749.99,DELTA,45,25,51,25,438,yes,9,20000
2025-05-20T15:02:46.646444,KXBTCD-25MAY2019-T106749.99,DELTA,45,25,51,25,439,no,7,-20000
2025-05-20T15:02:46.685747,KXBTCD-25MAY2019-T106749.99,DELTA,45,25,51,25,440,no,9,20000
2025-05-20T15:02:47.026682,KXBTCD-25MAY2019-T106749.99,DELTA,45,25,51,125,441,no,49,100
2025-05-20T15:02:47.088739,KXBTCD-25MAY2019-T106749.99,DELTA,45,25,51,125,442,no,48,-1000
2025-05-20T15:02:47.089978,KXBTCD-25MAY2019-T106749.99,DELTA,45,25,51,100,443,no,49,-25
2025-05-20T15:02:47.090669,KXBTCD-25MAY2019-T106749.99,DELTA,45,25,50,25,444,no,50,25
2025-05-20T15:02:47.126553,KXBTCD-25MAY2019-T106749.99,DELTA,45,25,50,1025,445,no,50,1000
2025-05-20T15:02:47.186924,KXBTCD-25MAY2019-T106749.99,DELTA,45,25,50,1000,446,no,50,-25
2025-05-20T15:02:47.187905,KXBTCD-25MAY2019-T106749.99,DELTA,45,25,49,25,447,no,51,25
2025-05-20T15:02:49.206359,KXBTCD-25MAY2019-T106749.99,DELTA,45,25,49,25,448,yes,8,-4050
2025-05-20T15:02:49.207121,KXBTCD-25MAY2019-T106749.99,DELTA,45,25,49,25,449,yes,10,3240
2025-05-20T15:02:49.287447,KXBTCD-25MAY2019-T106749.99,DELTA,45,25,49,25,450,yes,9,-20000
2025-05-20T15:02:49.288260,KXBTCD-25MAY2019-T106749.99,DELTA,45,25,49,25,451,no,8,-4050
2025-05-20T15:02:49.288863,KXBTCD-25MAY2019-T106749.99,DELTA,45,25,49,25,452,no,10,3240
2025-05-20T15:02:49.345505,KXBTCD-25MAY2019-T106749.99,DELTA,45,25,49,25,453,yes,11,20000
2025-05-20T15:02:49.365792,KXBTCD-25MAY2019-T106749.99,DELTA,45,25,49,25,454,no,9,-20000
2025-05-20T15:02:49.406985,KXBTCD-25MAY2019-T106749.99,DELTA,45,25,49,25,455,no,11,20000
2025-05-20T15:02:49.937667,KXBTCD-25MAY2019-T106749.99,DELTA,45,25,49,25,456,yes,44,-14
2025-05-20T15:02:49.937904,KXBTCD-25MAY2019-T106749.99,DELTA,45,25,49,25,457,yes,41,30
2025-05-20T15:02:49.938271,KXBTCD-25MAY2019-T106749.99,DELTA,45,25,49,25,458,yes,42,14
2025-05-20T15:02:49.938385,KXBTCD-25MAY2019-T106749.99,DELTA,45,25,49,25,459,no,49,14
2025-05-20T15:02:49.938469,KXBTCD-25MAY2019-T106749.99,DELTA,45,25,49,25,460,no,48,30
2025-05-20T15:02:49.938545,KXBTCD-25MAY2019-T106749.99,DELTA,45,25,49,25,461,no,47,-14
2025-05-20T15:02:49.938619,KXBTCD-25MAY2019-T106749.99,DELTA,45,25,49,25,462,yes,42,-30
2025-05-20T15:02:49.938695,KXBTCD-25MAY2019-T106749.99,DELTA,45,25,49,25,463,no,47,-30
2025-05-20T15:02:49.965452,KXBTCD-25MAY2019-T106749.99,DELTA,45,25,49,25,464,yes,21,-1000
2025-05-20T15:02:50.025616,KXBTCD-25MAY2019-T106749.99,DELTA,45,25,49,25,465,yes,41,1000
2025-05-20T15:02:50.106765,KXBTCD-25MAY2019-T106749.99,DELTA,45,25,49,25,466,yes,41,-1000
2025-05-20T15:02:50.146794,KXBTCD-25MAY2019-T106749.99,DELTA,45,25,49,25,467,yes,41,1000
2025-05-20T15:02:50.269780,KXBTCD-25MAY2019-T106749.99,DELTA,45,25,49,25,468,yes,41,-1000
2025-05-20T15:02:50.305224,KXBTCD-25MAY2019-T106749.99,DELTA,45,25,49,25,469,yes,21,1000
2025-05-20T15:02:50.416099,KXBTCD-25MAY2019-T106749.99,DELTA,45,25,49,25,470,yes,10,-3240
2025-05-20T15:02:50.416367,KXBTCD-25MAY2019-T106749.99,DELTA,45,25,49,25,471,yes,12,2700
2025-05-20T15:02:50.425758,KXBTCD-25MAY2019-T106749.99,DELTA,45,25,49,25,472,no,10,-3240
2025-05-20T15:02:50.426184,KXBTCD-25MAY2019-T106749.99,DELTA,45,25,49,25,473,no,12,2700
2025-05-20T15:02:50.426394,KXBTCD-25MAY2019-T106749.99,DELTA,45,25,49,25,474,yes,11,-20000
2025-05-20T15:02:50.485794,KXBTCD-25MAY2019-T106749.99,DELTA,45,25,49,25,475,no,11,-20000
2025-05-20T15:02:50.525994,KXBTCD-25MAY2019-T106749.99,DELTA,45,25,49,25,476,no,5,20000
2025-05-20T15:02:50.824999,KXBTCD-25MAY2019-T106749.99,DELTA,45,25,49,25,477,yes,25,-3000
2025-05-20T15:02:50.866184,KXBTCD-25MAY2019-T106749.99,DELTA,45,25,49,25,478,yes,17,3000
2025-05-20T15:02:51.267716,KXBTCD-25MAY2019-T106749.99,DELTA,45,25,49,25,479,yes,40,14
2025-05-20T15:02:51.268328,KXBTCD-25MAY2019-T106749.99,DELTA,45,25,49,25,480,yes,42,-14
2025-05-20T15:02:51.268951,KXBTCD-25MAY2019-T106749.99,DELTA,45,25,49,25,481,yes,39,30
2025-05-20T15:02:51.286793,KXBTCD-25MAY2019-T106749.99,DELTA,45,25,49,39,482,no,51,14
2025-05-20T15:02:51.287877,KXBTCD-25MAY2019-T106749.99,DELTA,45,25,49,39,483,yes,41,-30
2025-05-20T15:02:51.288339,KXBTCD-25MAY2019-T106749.99,DELTA,45,25,49,39,484,no,49,-14
2025-05-20T15:02:51.288868,KXBTCD-25MAY2019-T106749.99,DELTA,45,25,49,39,485,no,50,30
2025-05-20T15:02:51.289329,KXBTCD-25MAY2019-T106749.99,DELTA,45,25,49,39,486,no,48,-30
2025-05-20T15:02:51.346306,KXBTCD-25MAY2019-T106749.99,DELTA,45,25,49,39,487,no,50,-1000
2025-05-20T15:02:51.386551,KXBTCD-25MAY2019-T106749.99,DELTA,45,25,49,39,488,yes,26,-9
2025-05-20T15:02:51.387493,KXBTCD-25MAY2019-T106749.99,DELTA,45,25,48,1000,489,no,52,1000
2025-05-20T15:02:51.388195,KXBTCD-25MAY2019-T106749.99,DELTA,45,25,48,1000,490,yes,40,9
2025-05-20T15:02:51.525456,KXBTCD-25MAY2019-T106749.99,DELTA,45,25,48,1000,491,yes,12,-2700
2025-05-20T15:02:51.526551,KXBTCD-25MAY2019-T106749.99,DELTA,45,25,48,1000,492,yes,17,1905
2025-05-20T15:02:51.585884,KXBTCD-25MAY2019-T106749.99,DELTA,45,25,48,1000,493,no,51,-25
2025-05-20T15:02:51.586841,KXBTCD-25MAY2019-T106749.99,DELTA,45,25,47,25,494,no,53,25
2025-05-20T15:02:51.587474,KXBTCD-25MAY2019-T106749.99,DELTA,45,25,47,25,495,no,12,-2700
2025-05-20T15:02:51.588008,KXBTCD-25MAY2019-T106749.99,DELTA,45,25,47,25,496,no,6,5400
2025-05-20T15:02:51.606965,KXBTCD-25MAY2019-T106749.99,DELTA,45,25,47,25,497,yes,44,-100
2025-05-20T15:02:51.645664,KXBTCD-25MAY2019-T106749.99,DELTA,45,25,47,25,498,no,5,-20000
2025-05-20T15:02:51.646454,KXBTCD-25MAY2019-T106749.99,DELTA,45,25,47,25,499,no,52,-1000
2025-05-20T15:02:51.687033,KXBTCD-25MAY2019-T106749.99,DELTA,45,25,47,25,500,no,51,1000
2025-05-20T15:02:51.688072,KXBTCD-25MAY2019-T106749.99,DELTA,45,25,47,25,501,no,7,20000
2025-05-20T15:02:51.806533,KXBTCD-25MAY2019-T106749.99,DELTA,45,25,47,25,502,no,49,-100
2025-05-20T15:02:52.701309,KXBTCD-25MAY2019-T106749.99,DELTA,45,25,47,25,503,yes,42,100
2025-05-20T15:02:52.701639,KXBTCD-25MAY2019-T106749.99,DELTA,45,25,47,25,504,no,50,100
2025-05-20T15:02:52.766533,KXBTCD-25MAY2019-T106749.99,DELTA,45,25,47,25,505,no,6,-5400
2025-05-20T15:02:52.767163,KXBTCD-25MAY2019-T106749.99,DELTA,45,25,47,25,506,no,8,4050
2025-05-20T15:02:52.826449,KXBTCD-25MAY2019-T106749.99,DELTA,45,25,47,25,507,no,7,-20000
2025-05-20T15:02:52.865571,KXBTCD-25MAY2019-T106749.99,DELTA,45,25,47,25,508,no,9,20000
2025-05-20T15:02:53.845909,KXBTCD-25MAY2019-T106749.99,DELTA,45,25,47,25,509,no,8,-4050
2025-05-20T15:02:53.846825,KXBTCD-25MAY2019-T106749.99,DELTA,45,25,47,25,510,no,10,3240
2025-05-20T15:02:53.946144,KXBTCD-25MAY2019-T106749.99,DELTA,45,25,47,25,511,yes,40,-9
2025-05-20T15:02:53.946959,KXBTCD-25MAY2019-T106749.99,DELTA,45,25,47,25,512,yes,22,9
2025-05-20T15:02:53.965333,KXBTCD-25MAY2019-T106749.99,DELTA,45,25,47,25,513,no,9,-20000
2025-05-20T15:02:54.025990,KXBTCD-25MAY2019-T106749.99,DELTA,45,25,47,25,514,no,11,20000
2025-05-20T15:02:55.978522,KXBTCD-25MAY2019-T106749.99,DELTA,45,25,47,25,515,yes,21,-1000
2025-05-20T15:02:55.979766,KXBTCD-25MAY2019-T106749.99,DELTA,45,25,47,25,516,yes,39,1000
2025-05-20T15:02:57.729232,KXBTCD-25MAY2019-T106749.99,DELTA,45,25,47,25,517,no,10,-3240
2025-05-20T15:02:57.729490,KXBTCD-25MAY2019-T106749.99,DELTA,45,25,47,25,518,no,12,2700
2025-05-20T15:02:57.786220,KXBTCD-25MAY2019-T106749.99,DELTA,45,25,47,25,519,no,11,-20000
2025-05-20T15:02:57.806209,KXBTCD-25MAY2019-T106749.99,DELTA,42,100,47,25,520,yes,45,-25
2025-05-20T15:02:57.806604,KXBTCD-25MAY2019-T106749.99,DELTA,43,25,47,25,521,yes,43,25
2025-05-20T15:02:57.825546,KXBTCD-25MAY2019-T106749.99,DELTA,43,25,47,25,522,no,5,20000
2025-05-20T15:03:00.053791,KXBTCD-25MAY2019-T106749.99,DELTA,43,25,47,25,523,yes,39,-1000
2025-05-20T15:03:00.088855,KXBTCD-25MAY2019-T106749.99,DELTA,43,25,47,25,524,yes,21,1000
2025-05-20T15:03:00.185498,KXBTCD-25MAY2019-T106749.99,DELTA,43,25,47,25,525,yes,21,-1000
2025-05-20T15:03:00.225126,KXBTCD-25MAY2019-T106749.99,DELTA,43,25,47,25,526,yes,39,1000
2025-05-20T15:03:00.266283,KXBTCD-25MAY2019-T106749.99,DELTA,43,25,47,25,527,yes,39,-1000
2025-05-20T15:03:00.314777,KXBTCD-25MAY2019-T106749.99,DELTA,43,25,47,25,528,yes,21,1000
2025-05-20T15:03:00.345544,KXBTCD-25MAY2019-T106749.99,DELTA,43,25,47,25,529,no,12,-2700
2025-05-20T15:03:00.345834,KXBTCD-25MAY2019-T106749.99,DELTA,43,25,47,25,530,no,6,5400
2025-05-20T15:03:00.405887,KXBTCD-25MAY2019-T106749.99,DELTA,43,25,47,25,531,no,5,-20000
2025-05-20T15:03:00.466441,KXBTCD-25MAY2019-T106749.99,DELTA,43,25,47,25,532,no,7,20000
2025-05-20T15:03:01.407811,KXBTCD-25MAY2019-T106749.99,DELTA,43,25,47,25,533,no,6,-5400
2025-05-20T15:03:01.408943,KXBTCD-25MAY2019-T106749.99,DELTA,43,25,47,25,534,no,8,4050
2025-05-20T15:03:01.486034,KXBTCD-25MAY2019-T106749.99,DELTA,43,25,47,25,535,no,7,-20000
2025-05-20T15:03:01.506871,KXBTCD-25MAY2019-T106749.99,DELTA,43,25,47,25,536,no,50,-100
2025-05-20T15:03:01.507753,KXBTCD-25MAY2019-T106749.99,DELTA,43,25,47,25,537,yes,42,-100
2025-05-20T15:03:01.608949,KXBTCD-25MAY2019-T106749.99,DELTA,43,25,47,25,538,no,9,20000
2025-05-20T15:03:02.545686,KXBTCD-25MAY2019-T106749.99,DELTA,43,25,47,25,539,yes,17,-1905
2025-05-20T15:03:02.546658,KXBTCD-25MAY2019-T106749.99,DELTA,43,25,47,25,540,yes,4,8100
2025-05-20T15:03:02.663018,KXBTCD-25MAY2019-T106749.99,DELTA,43,25,47,25,541,no,8,-4050
2025-05-20T15:03:02.663242,KXBTCD-25MAY2019-T106749.99,DELTA,43,25,47,25,542,no,10,3240
2025-05-20T15:03:02.663624,KXBTCD-25MAY2019-T106749.99,DELTA,43,25,47,25,543,yes,5,20000
2025-05-20T15:03:02.663739,KXBTCD-25MAY2019-T106749.99,DELTA,43,25,47,25,544,yes,41,100
2025-05-20T15:03:02.663847,KXBTCD-25MAY2019-T106749.99,DELTA,43,25,47,25,545,no,51,100
2025-05-20T15:03:02.665845,KXBTCD-25MAY2019-T106749.99,DELTA,43,25,47,25,546,no,9,-20000
2025-05-20T15:03:02.706715,KXBTCD-25MAY2019-T106749.99,DELTA,43,25,47,25,547,no,51,-1000
2025-05-20T15:03:02.726156,KXBTCD-25MAY2019-T106749.99,DELTA,43,25,47,25,548,no,11,20000
2025-05-20T15:03:02.855904,KXBTCD-25MAY2019-T106749.99,DELTA,43,25,47,25,549,no,52,1000
2025-05-20T15:03:02.866513,KXBTCD-25MAY2019-T106749.99,DELTA,41,100,47,25,550,yes,43,-25
2025-05-20T15:03:02.867177,KXBTCD-25MAY2019-T106749.99,DELTA,42,25,47,25,551,yes,42,25
2025-05-20T15:03:03.927320,KXBTCD-25MAY2019-T106749.99,DELTA,42,25,47,25,552,yes,4,-8100
2025-05-20T15:03:03.928212,KXBTCD-25MAY2019-T106749.99,DELTA,42,25,47,25,553,yes,6,5400
2025-05-20T15:03:03.986585,KXBTCD-25MAY2019-T106749.99,DELTA,42,25,47,25,554,no,10,-3240
2025-05-20T15:03:03.987555,KXBTCD-25MAY2019-T106749.99,DELTA,42,25,47,25,555,no,12,2700
2025-05-20T15:03:03.988101,KXBTCD-25MAY2019-T106749.99,DELTA,42,25,47,25,556,yes,5,-20000
2025-05-20T15:03:04.026100,KXBTCD-25MAY2019-T106749.99,DELTA,42,25,47,25,557,yes,7,20000
2025-05-20T15:03:04.045610,KXBTCD-25MAY2019-T106749.99,DELTA,42,25,47,25,558,no,11,-20000
2025-05-20T15:03:04.086516,KXBTCD-25MAY2019-T106749.99,DELTA,42,25,47,25,559,no,5,20000
2025-05-20T15:03:05.278724,KXBTCD-25MAY2019-T106749.99,DELTA,42,25,47,25,560,yes,6,-5400
2025-05-20T15:03:05.279688,KXBTCD-25MAY2019-T106749.99,DELTA,42,25,47,25,561,yes,8,4050
2025-05-20T15:03:05.285430,KXBTCD-25MAY2019-T106749.99,DELTA,42,25,47,25,562,no,12,-2700
2025-05-20T15:03:05.286110,KXBTCD-25MAY2019-T106749.99,DELTA,42,25,47,25,563,no,6,5400
2025-05-20T15:03:05.286667,KXBTCD-25MAY2019-T106749.99,DELTA,42,25,47,25,564,yes,7,-20000
2025-05-20T15:03:05.326579,KXBTCD-25MAY2019-T106749.99,DELTA,42,25,47,25,565,yes,9,20000
2025-05-20T15:03:05.345419,KXBTCD-25MAY2019-T106749.99,DELTA,42,25,47,25,566,no,5,-20000
2025-05-20T15:03:05.385726,KXBTCD-25MAY2019-T106749.99,DELTA,42,25,47,25,567,no,7,20000
2025-05-20T15:03:05.625494,KXBTCD-25MAY2019-T106749.99,DELTA,42,25,47,25,568,yes,21,-1000
2025-05-20T15:03:05.684585,KXBTCD-25MAY2019-T106749.99,DELTA,42,25,47,25,569,yes,39,1000
2025-05-20T15:03:09.125801,KXBTCD-25MAY2019-T106749.99,DELTA,42,25,47,25,570,yes,8,-4050
2025-05-20T15:03:09.126031,KXBTCD-25MAY2019-T106749.99,DELTA,42,25,47,25,571,yes,10,3240
2025-05-20T15:03:09.185804,KXBTCD-25MAY2019-T106749.99,DELTA,42,25,47,25,572,no,6,-5400
2025-05-20T15:03:09.186076,KXBTCD-25MAY2019-T106749.99,DELTA,42,25,47,25,573,no,8,4050
2025-05-20T15:03:09.186403,KXBTCD-25MAY2019-T106749.99,DELTA,42,25,47,25,574,yes,9,-20000
2025-05-20T15:03:09.225532,KXBTCD-25MAY2019-T106749.99,DELTA,42,25,47,25,575,yes,22,-9
2025-05-20T15:03:09.226073,KXBTCD-25MAY2019-T106749.99,DELTA,42,25,47,25,576,yes,11,20000
2025-05-20T15:03:09.245860,KXBTCD-25MAY2019-T106749.99,DELTA,42,25,47,25,577,no,7,-20000
2025-05-20T15:03:09.287282,KXBTCD-25MAY2019-T106749.99,DELTA,42,25,47,25,578,no,9,20000
2025-05-20T15:03:09.686932,KXBTCD-25MAY2019-T106749.99,DELTA,42,25,47,25,579,yes,39,-1000
2025-05-20T15:03:09.725638,KXBTCD-25MAY2019-T106749.99,DELTA,42,25,47,25,580,yes,21,1000
2025-05-20T15:03:11.049954,KXBTCD-25MAY2019-T106749.99,DELTA,42,25,47,25,581,yes,10,-3240
2025-05-20T15:03:11.051048,KXBTCD-25MAY2019-T106749.99,DELTA,42,25,47,25,582,no,8,-4050
2025-05-20T15:03:11.126004,KXBTCD-25MAY2019-T106749.99,DELTA,42,25,47,25,583,yes,11,-20000
2025-05-20T15:03:11.242742,KXBTCD-25MAY2019-T106749.99,DELTA,42,25,47,25,584,no,9,-20000
2025-05-20T15:03:11.245741,KXBTCD-25MAY2019-T106749.99,DELTA,42,25,47,25,585,yes,22,9
2025-05-20T15:03:11.245933,KXBTCD-25MAY2019-T106749.99,DELTA,42,25,47,25,586,no,5,20000
2025-05-20T15:03:11.708105,KXBTCD-25MAY2019-T106749.99,DELTA,42,25,47,25,587,yes,21,-1000
2025-05-20T15:03:11.770329,KXBTCD-25MAY2019-T106749.99,DELTA,42,25,47,25,588,yes,39,1000
2025-05-20T15:03:12.007166,KXBTCD-25MAY2019-T106749.99,DELTA,42,25,47,25,589,yes,4,8100
2025-05-20T15:03:12.097608,KXBTCD-25MAY2019-T106749.99,DELTA,42,25,47,25,590,no,6,5400
2025-05-20T15:03:12.098812,KXBTCD-25MAY2019-T106749.99,DELTA,42,25,47,25,591,yes,5,20000
2025-05-20T15:03:12.126738,KXBTCD-25MAY2019-T106749.99,DELTA,42,25,47,25,592,no,5,-20000
2025-05-20T15:03:12.172021,KXBTCD-25MAY2019-T106749.99,DELTA,42,25,47,25,593,no,7,20000
2025-05-20T15:03:13.226817,KXBTCD-25MAY2019-T106749.99,DELTA,42,25,47,25,594,yes,4,-8100
2025-05-20T15:03:13.227933,KXBTCD-25MAY2019-T106749.99,DELTA,42,25,47,25,595,yes,6,5400
2025-05-20T15:03:13.246918,KXBTCD-25MAY2019-T106749.99,DELTA,42,22,47,25,596,yes,42,-3
2025-05-20T15:03:13.266553,KXBTCD-25MAY2019-T106749.99,DELTA,42,22,47,25,597,no,6,-5400
2025-05-20T15:03:13.267399,KXBTCD-25MAY2019-T106749.99,DELTA,42,22,47,25,598,no,8,4050
2025-05-20T15:03:13.287375,KXBTCD-25MAY2019-T106749.99,DELTA,42,22,47,25,599,yes,5,-20000
2025-05-20T15:03:13.305854,KXBTCD-25MAY2019-T106749.99,DELTA,42,22,48,1000,600,no,53,-25
2025-05-20T15:03:13.306194,KXBTCD-25MAY2019-T106749.99,DELTA,41,100,48,1000,601,yes,42,-22
2025-05-20T15:03:13.325039,KXBTCD-25MAY2019-T106749.99,DELTA,41,100,48,1000,602,yes,7,20000
2025-05-20T15:03:13.325326,KXBTCD-25MAY2019-T106749.99,DELTA,41,100,48,1000,603,no,7,-20000
2025-05-20T15:03:13.325490,KXBTCD-25MAY2019-T106749.99,DELTA,41,100,48,1000,604,yes,22,-9
2025-05-20T15:03:13.366350,KXBTCD-25MAY2019-T106749.99,DELTA,41,100,48,1000,605,no,9,20000
2025-05-20T15:03:13.670603,KXBTCD-25MAY2019-T106749.99,DELTA,41,100,47,25,606,no,53,25
2025-05-20T15:03:13.671669,KXBTCD-25MAY2019-T106749.99,DELTA,42,25,47,25,607,yes,42,25
2025-05-20T15:03:13.672427,KXBTCD-25MAY2019-T106749.99,DELTA,42,25,48,1000,608,no,53,-25
2025-05-20T15:03:13.686922,KXBTCD-25MAY2019-T106749.99,DELTA,41,100,48,1000,609,yes,42,-25
2025-05-20T15:03:14.346847,KXBTCD-25MAY2019-T106749.99,DELTA,41,100,48,1000,610,yes,6,-5400
2025-05-20T15:03:14.347615,KXBTCD-25MAY2019-T106749.99,DELTA,41,100,48,1000,611,yes,8,4050
2025-05-20T15:03:14.385616,KXBTCD-25MAY2019-T106749.99,DELTA,41,100,48,1000,612,no,8,-4050
2025-05-20T15:03:14.386482,KXBTCD-25MAY2019-T106749.99,DELTA,41,100,48,1000,613,no,10,3240
2025-05-20T15:03:14.405988,KXBTCD-25MAY2019-T106749.99,DELTA,41,100,48,1000,614,yes,7,-20000
2025-05-20T15:03:14.445753,KXBTCD-25MAY2019-T106749.99,DELTA,41,100,48,1000,615,no,9,-20000
2025-05-20T15:03:14.446576,KXBTCD-25MAY2019-T106749.99,DELTA,41,100,48,1000,616,yes,9,20000
2025-05-20T15:03:14.486191,KXBTCD-25MAY2019-T106749.99,DELTA,41,100,48,1000,617,no,11,20000
2025-05-20T15:03:14.727009,KXBTCD-25MAY2019-T106749.99,DELTA,41,100,47,25,618,no,53,25
2025-05-20T15:03:14.728115,KXBTCD-25MAY2019-T106749.99,DELTA,42,25,47,25,619,yes,42,25
2025-05-20T15:03:14.765570,KXBTCD-25MAY2019-T106749.99,DELTA,41,100,47,25,620,yes,42,-25
2025-05-20T15:03:14.787081,KXBTCD-25MAY2019-T106749.99,DELTA,41,100,48,1000,621,no,53,-25
2025-05-20T15:03:15.446591,KXBTCD-25MAY2019-T106749.99,DELTA,41,100,48,1000,622,yes,8,-4050
2025-05-20T15:03:15.447589,KXBTCD-25MAY2019-T106749.99,DELTA,41,100,48,1000,623,yes,10,3240
2025-05-20T15:03:15.486559,KXBTCD-25MAY2019-T106749.99,DELTA,41,100,48,1000,624,no,10,-3240
2025-05-20T15:03:15.487265,KXBTCD-25MAY2019-T106749.99,DELTA,41,100,48,1000,625,no,12,2700
2025-05-20T15:03:15.506452,KXBTCD-25MAY2019-T106749.99,DELTA,41,100,48,1000,626,yes,9,-20000
2025-05-20T15:03:15.549599,KXBTCD-25MAY2019-T106749.99,DELTA,41,100,48,1000,627,no,11,-20000
2025-05-20T15:03:15.550407,KXBTCD-25MAY2019-T106749.99,DELTA,41,100,48,1000,628,yes,11,20000
2025-05-20T15:03:15.588537,KXBTCD-25MAY2019-T106749.99,DELTA,41,100,48,1000,629,no,5,20000
2025-05-20T15:03:15.808390,KXBTCD-25MAY2019-T106749.99,DELTA,42,25,48,1000,630,yes,42,25
2025-05-20T15:03:15.827645,KXBTCD-25MAY2019-T106749.99,DELTA,42,25,47,25,631,no,53,25
2025-05-20T15:03:16.485544,KXBTCD-25MAY2019-T106749.99,DELTA,42,25,47,25,632,yes,10,-3240
2025-05-20T15:03:16.486317,KXBTCD-25MAY2019-T106749.99,DELTA,42,25,47,25,633,yes,12,2700
2025-05-20T15:03:16.546508,KXBTCD-25MAY2019-T106749.99,DELTA,42,25,47,25,634,yes,11,-20000
2025-05-20T15:03:16.547512,KXBTCD-25MAY2019-T106749.99,DELTA,42,25,47,25,635,no,12,-2700
2025-05-20T15:03:16.548059,KXBTCD-25MAY2019-T106749.99,DELTA,42,25,47,25,636,no,6,5400
2025-05-20T15:03:16.666005,KXBTCD-25MAY2019-T106749.99,DELTA,42,25,47,25,637,no,5,-20000
2025-05-20T15:03:16.707342,KXBTCD-25MAY2019-T106749.99,DELTA,42,25,47,25,638,no,7,20000
2025-05-20T15:03:19.838443,KXBTCD-25MAY2019-T106749.99,DELTA,42,25,47,25,639,no,51,-100
2025-05-20T15:03:19.963056,KXBTCD-25MAY2019-T106749.99,DELTA,42,25,47,25,640,no,52,-1000
2025-05-20T15:03:20.005742,KXBTCD-25MAY2019-T106749.99,DELTA,42,25,49,14,641,no,53,-25
2025-05-20T15:03:20.005967,KXBTCD-25MAY2019-T106749.99,DELTA,42,25,49,39,642,no,51,25
2025-05-20T15:03:20.006079,KXBTCD-25MAY2019-T106749.99,DELTA,42,25,49,1039,643,no,51,1000
2025-05-20T15:03:20.087454,KXBTCD-25MAY2019-T106749.99,DELTA,42,25,49,1014,644,no,51,-25
2025-05-20T15:03:20.088049,KXBTCD-25MAY2019-T106749.99,DELTA,42,25,48,25,645,no,52,25
2025-05-20T15:03:20.088444,KXBTCD-25MAY2019-T106749.99,DELTA,42,25,48,25,646,no,51,-1000
2025-05-20T15:03:20.306106,KXBTCD-25MAY2019-T106749.99,DELTA,42,25,48,1025,647,no,52,1000
2025-05-20T15:03:20.307124,KXBTCD-25MAY2019-T106749.99,DELTA,42,25,48,1000,648,no,52,-25
2025-05-20T15:03:20.307754,KXBTCD-25MAY2019-T106749.99,DELTA,42,25,48,1000,649,no,51,25
2025-05-20T15:03:20.308645,KXBTCD-25MAY2019-T106749.99,DELTA,42,25,48,1000,650,yes,39,14
2025-05-20T15:03:20.309046,KXBTCD-25MAY2019-T106749.99,DELTA,42,25,48,1000,651,yes,39,-1000
2025-05-20T15:03:20.309377,KXBTCD-25MAY2019-T106749.99,DELTA,42,25,48,1000,652,yes,37,30
2025-05-20T15:03:20.389471,KXBTCD-25MAY2019-T106749.99,DELTA,42,25,48,1000,653,yes,40,-14
2025-05-20T15:03:20.390606,KXBTCD-25MAY2019-T106749.99,DELTA,42,25,48,1000,654,yes,39,-30
2025-05-20T15:03:20.391389,KXBTCD-25MAY2019-T106749.99,DELTA,42,25,48,1030,655,no,52,30
2025-05-20T15:03:20.392084,KXBTCD-25MAY2019-T106749.99,DELTA,42,25,48,1044,656,no,52,14
2025-05-20T15:03:20.485127,KXBTCD-25MAY2019-T106749.99,DELTA,42,25,48,44,657,no,52,-1000
2025-05-20T15:03:20.506725,KXBTCD-25MAY2019-T106749.99,DELTA,42,25,48,44,658,yes,21,1000
2025-05-20T15:03:20.507465,KXBTCD-25MAY2019-T106749.99,DELTA,42,25,48,44,659,no,51,-25
2025-05-20T15:03:20.507953,KXBTCD-25MAY2019-T106749.99,DELTA,42,25,47,25,660,no,53,25
2025-05-20T15:03:20.508425,KXBTCD-25MAY2019-T106749.99,DELTA,42,25,47,25,661,no,51,-14
2025-05-20T15:03:20.508881,KXBTCD-25MAY2019-T106749.99,DELTA,42,25,47,25,662,no,50,-30
2025-05-20T15:03:20.509772,KXBTCD-25MAY2019-T106749.99,DELTA,42,25,47,25,663,no,52,1000
2025-05-20T15:03:20.686907,KXBTCD-25MAY2019-T106749.99,DELTA,42,25,47,25,664,yes,21,-1000
2025-05-20T15:03:20.688025,KXBTCD-25MAY2019-T106749.99,DELTA,42,25,47,25,665,no,52,100
2025-05-20T15:03:20.706544,KXBTCD-25MAY2019-T106749.99,DELTA,42,25,47,25,666,no,52,-1000
2025-05-20T15:03:20.906608,KXBTCD-25MAY2019-T106749.99,DELTA,42,25,47,25,667,yes,37,1000
2025-05-20T15:03:20.907547,KXBTCD-25MAY2019-T106749.99,DELTA,42,25,47,1025,668,no,53,1000
2025-05-20T15:03:21.109394,KXBTCD-25MAY2019-T106749.99,DELTA,42,25,47,1000,669,no,53,-25
2025-05-20T15:03:21.110274,KXBTCD-25MAY2019-T106749.99,DELTA,42,25,46,25,670,no,54,25
2025-05-20T15:03:21.309370,KXBTCD-25MAY2019-T106749.99,DELTA,42,25,46,25,671,yes,37,14
2025-05-20T15:03:21.310069,KXBTCD-25MAY2019-T106749.99,DELTA,42,25,46,25,672,yes,36,30
2025-05-20T15:03:21.386207,KXBTCD-25MAY2019-T106749.99,DELTA,42,25,46,25,673,yes,39,-14
2025-05-20T15:03:21.387158,KXBTCD-25MAY2019-T106749.99,DELTA,42,25,46,25,674,yes,37,-30
2025-05-20T15:03:21.387916,KXBTCD-25MAY2019-T106749.99,DELTA,42,25,46,39,675,no,54,14
2025-05-20T15:03:21.534276,KXBTCD-25MAY2019-T106749.99,DELTA,42,25,46,69,676,no,54,30
2025-05-20T15:03:21.535647,KXBTCD-25MAY2019-T106749.99,DELTA,42,25,46,69,677,no,52,-14
2025-05-20T15:03:21.536753,KXBTCD-25MAY2019-T106749.99,DELTA,42,25,46,69,678,no,52,-30
2025-05-20T15:03:21.537405,KXBTCD-25MAY2019-T106749.99,DELTA,42,25,46,69,679,yes,37,-1000
2025-05-20T15:03:21.537796,KXBTCD-25MAY2019-T106749.99,DELTA,42,25,46,69,680,no,53,-1000
2025-05-20T15:03:21.538130,KXBTCD-25MAY2019-T106749.99,DELTA,42,25,46,69,681,yes,41,-100
2025-05-20T15:03:21.807472,KXBTCD-25MAY2019-T106749.99,DELTA,42,25,46,69,682,yes,36,1000
2025-05-20T15:03:21.890586,KXBTCD-25MAY2019-T106749.99,DELTA,42,25,45,1000,683,no,55,1000
2025-05-20T15:03:22.059576,KXBTCD-25MAY2019-T106749.99,DELTA,42,25,45,1000,684,no,52,-100
2025-05-20T15:03:22.060992,KXBTCD-25MAY2019-T106749.99,DELTA,42,25,45,1000,685,yes,38,9
2025-05-20T15:03:22.290743,KXBTCD-25MAY2019-T106749.99,DELTA,38,9,45,1000,686,yes,42,-25
2025-05-20T15:03:22.291916,KXBTCD-25MAY2019-T106749.99,DELTA,38,9,45,1000,687,yes,37,25
2025-05-20T15:03:22.307633,KXBTCD-25MAY2019-T106749.99,DELTA,38,9,45,1000,688,no,54,-25
2025-05-20T15:03:22.308535,KXBTCD-25MAY2019-T106749.99,DELTA,38,9,45,1025,689,no,55,25
2025-05-20T15:03:22.327609,KXBTCD-25MAY2019-T106749.99,DELTA,38,9,45,1025,690,yes,37,-25
2025-05-20T15:03:22.328463,KXBTCD-25MAY2019-T106749.99,DELTA,43,25,45,1025,691,yes,43,25
2025-05-20T15:03:22.448562,KXBTCD-25MAY2019-T106749.99,DELTA,43,25,45,1025,692,yes,39,100
2025-05-20T15:03:23.327498,KXBTCD-25MAY2019-T106749.99,DELTA,43,25,45,1025,693,no,53,100
2025-05-20T15:03:23.666601,KXBTCD-25MAY2019-T106749.99,DELTA,43,25,45,1025,694,yes,20,-200
2025-05-20T15:03:23.667843,KXBTCD-25MAY2019-T106749.99,DELTA,43,25,45,1025,695,yes,10,200
2025-05-20T15:03:23.726883,KXBTCD-25MAY2019-T106749.99,DELTA,43,25,45,1025,696,yes,21,-2000
2025-05-20T15:03:23.787307,KXBTCD-25MAY2019-T106749.99,DELTA,43,25,45,1025,697,yes,13,2000
2025-05-20T15:03:23.927476,KXBTCD-25MAY2019-T106749.99,DELTA,43,25,45,1025,698,yes,12,-2700
2025-05-20T15:03:23.928635,KXBTCD-25MAY2019-T106749.99,DELTA,43,25,45,1025,699,yes,14,2314
2025-05-20T15:03:23.987176,KXBTCD-25MAY2019-T106749.99,DELTA,43,25,45,1025,700,yes,13,-2000
2025-05-20T15:03:24.027306,KXBTCD-25MAY2019-T106749.99,DELTA,43,25,45,1025,701,yes,38,-9
2025-05-20T15:03:24.047352,KXBTCD-25MAY2019-T106749.99,DELTA,43,25,45,1025,702,yes,15,2000
2025-05-20T15:03:25.546249,KXBTCD-25MAY2019-T106749.99,DELTA,43,25,45,1025,703,no,53,-100
2025-05-20T15:03:27.107546,KXBTCD-25MAY2019-T106749.99,DELTA,43,25,45,1025,704,no,54,100
2025-05-20T15:03:27.300326,KXBTCD-25MAY2019-T106749.99,DELTA,43,25,45,1025,705,yes,14,-2314
2025-05-20T15:03:27.302017,KXBTCD-25MAY2019-T106749.99,DELTA,43,25,45,1025,706,yes,11,2945
2025-05-20T15:03:27.350396,KXBTCD-25MAY2019-T106749.99,DELTA,43,25,45,1025,707,yes,15,-2000
2025-05-20T15:03:27.351526,KXBTCD-25MAY2019-T106749.99,DELTA,43,25,45,1025,708,no,6,-5400
2025-05-20T15:03:27.352300,KXBTCD-25MAY2019-T106749.99,DELTA,43,25,45,1025,709,no,8,4050
2025-05-20T15:03:27.407414,KXBTCD-25MAY2019-T106749.99,DELTA,43,25,45,1025,710,yes,12,2000
2025-05-20T15:03:27.426760,KXBTCD-25MAY2019-T106749.99,DELTA,43,25,45,1025,711,no,7,-20000
2025-05-20T15:03:27.466802,KXBTCD-25MAY2019-T106749.99,DELTA,43,25,45,1025,712,no,9,20000
2025-05-20T15:03:28.487329,KXBTCD-25MAY2019-T106749.99,DELTA,43,25,45,1025,713,yes,37,-14
2025-05-20T15:03:28.488460,KXBTCD-25MAY2019-T106749.99,DELTA,43,25,45,1025,714,yes,36,-30
2025-05-20T15:03:28.489269,KXBTCD-25MAY2019-T106749.99,DELTA,43,25,45,1025,715,yes,36,14
2025-05-20T15:03:28.489971,KXBTCD-25MAY2019-T106749.99,DELTA,43,25,45,1025,716,yes,34,30
2025-05-20T15:03:28.509012,KXBTCD-25MAY2019-T106749.99,DELTA,43,25,45,1025,717,no,54,-30
2025-05-20T15:03:28.509695,KXBTCD-25MAY2019-T106749.99,DELTA,43,25,45,1055,718,no,55,30
2025-05-20T15:03:28.510134,KXBTCD-25MAY2019-T106749.99,DELTA,43,25,45,1055,719,no,54,-14
2025-05-20T15:03:28.510640,KXBTCD-25MAY2019-T106749.99,DELTA,43,25,45,1069,720,no,55,14
2025-05-20T15:03:28.553068,KXBTCD-25MAY2019-T106749.99,DELTA,43,25,45,1069,721,yes,11,-2945
2025-05-20T15:03:28.553995,KXBTCD-25MAY2019-T106749.99,DELTA,43,25,45,1069,722,yes,13,2492
2025-05-20T15:03:28.554608,KXBTCD-25MAY2019-T106749.99,DELTA,43,25,45,1069,723,yes,36,-1000
2025-05-20T15:03:28.572123,KXBTCD-25MAY2019-T106749.99,DELTA,43,25,45,69,724,no,55,-1000
2025-05-20T15:03:28.612148,KXBTCD-25MAY2019-T106749.99,DELTA,43,25,45,69,725,yes,35,1000
2025-05-20T15:03:28.612958,KXBTCD-25MAY2019-T106749.99,DELTA,43,25,45,69,726,no,8,-4050
2025-05-20T15:03:28.613532,KXBTCD-25MAY2019-T106749.99,DELTA,43,25,45,69,727,no,10,3240
2025-05-20T15:03:28.619147,KXBTCD-25MAY2019-T106749.99,DELTA,43,25,44,1000,728,no,56,1000
2025-05-20T15:03:28.664029,KXBTCD-25MAY2019-T106749.99,DELTA,43,25,44,1000,729,yes,12,-2000
2025-05-20T15:03:28.677735,KXBTCD-25MAY2019-T106749.99,DELTA,43,25,44,1000,730,no,9,-20000
2025-05-20T15:03:28.697090,KXBTCD-25MAY2019-T106749.99,DELTA,43,25,44,1000,731,yes,14,2000
2025-05-20T15:03:28.716797,KXBTCD-25MAY2019-T106749.99,DELTA,43,25,44,1000,732,no,11,20000
2025-05-20T15:03:28.888558,KXBTCD-25MAY2019-T106749.99,DELTA,43,25,44,1000,733,no,29,-3000
2025-05-20T15:03:28.889668,KXBTCD-25MAY2019-T106749.99,DELTA,43,25,44,1000,734,no,1,-8000
2025-05-20T15:03:28.890269,KXBTCD-25MAY2019-T106749.99,DELTA,43,25,44,1000,735,no,37,3000
2025-05-20T15:03:28.890827,KXBTCD-25MAY2019-T106749.99,DELTA,43,25,44,1000,736,no,2,8000
2025-05-20T15:03:29.185663,KXBTCD-25MAY2019-T106749.99,DELTA,43,25,44,1000,737,no,2,-8000
2025-05-20T15:03:29.185933,KXBTCD-25MAY2019-T106749.99,DELTA,39,100,44,1000,738,yes,43,-25
2025-05-20T15:03:29.186103,KXBTCD-25MAY2019-T106749.99,DELTA,42,25,44,1000,739,yes,42,25
2025-05-20T15:03:29.225913,KXBTCD-25MAY2019-T106749.99,DELTA,42,25,44,1000,740,no,3,8000
2025-05-20T15:03:29.285158,KXBTCD-25MAY2019-T106749.99,DELTA,42,25,44,1000,741,yes,36,9
2025-05-20T15:03:29.397717,KXBTCD-25MAY2019-T106749.99,DELTA,42,25,44,1000,742,yes,39,-100
2025-05-20T15:03:29.398395,KXBTCD-25MAY2019-T106749.99,DELTA,42,25,44,1000,743,no,55,-25
2025-05-20T15:03:29.398834,KXBTCD-25MAY2019-T106749.99,DELTA,42,25,44,1025,744,no,56,25
2025-05-20T15:03:29.405627,KXBTCD-25MAY2019-T106749.99,DELTA,42,25,44,1025,745,yes,35,-1000
2025-05-20T15:03:29.506106,KXBTCD-25MAY2019-T106749.99,DELTA,42,25,44,1025,746,yes,34,1000
2025-05-20T15:03:29.566352,KXBTCD-25MAY2019-T106749.99,DELTA,42,25,44,1025,747,no,54,-100
2025-05-20T15:03:29.725994,KXBTCD-25MAY2019-T106749.99,DELTA,42,25,44,1025,748,yes,13,-2492
2025-05-20T15:03:29.727076,KXBTCD-25MAY2019-T106749.99,DELTA,42,25,44,1025,749,yes,14,2314
2025-05-20T15:03:29.766193,KXBTCD-25MAY2019-T106749.99,DELTA,42,25,44,1025,750,no,10,-3240
2025-05-20T15:03:29.767242,KXBTCD-25MAY2019-T106749.99,DELTA,42,25,44,1025,751,no,12,2700
2025-05-20T15:03:29.786705,KXBTCD-25MAY2019-T106749.99,DELTA,42,25,44,1025,752,yes,14,-2000
2025-05-20T15:03:29.826317,KXBTCD-25MAY2019-T106749.99,DELTA,42,25,44,1025,753,no,11,-20000
2025-05-20T15:03:29.827142,KXBTCD-25MAY2019-T106749.99,DELTA,42,25,44,1025,754,yes,15,2000
2025-05-20T15:03:29.921766,KXBTCD-25MAY2019-T106749.99,DELTA,42,25,44,1025,755,no,5,20000
2025-05-20T15:03:30.086794,KXBTCD-25MAY2019-T106749.99,DELTA,42,25,44,1025,756,yes,37,100
2025-05-20T15:03:30.707689,KXBTCD-25MAY2019-T106749.99,DELTA,42,25,44,1025,757,yes,37,-100
2025-05-20T15:03:30.847174,KXBTCD-25MAY2019-T106749.99,DELTA,42,25,44,1025,758,yes,14,-2314
2025-05-20T15:03:30.848127,KXBTCD-25MAY2019-T106749.99,DELTA,42,25,44,1025,759,yes,11,2945
2025-05-20T15:03:30.973111,KXBTCD-25MAY2019-T106749.99,DELTA,42,25,44,1025,760,no,12,-2700
2025-05-20T15:03:30.974045,KXBTCD-25MAY2019-T106749.99,DELTA,42,25,44,1025,761,no,6,5400
2025-05-20T15:03:30.974700,KXBTCD-25MAY2019-T106749.99,DELTA,42,25,44,1025,762,yes,15,-2000
2025-05-20T15:03:30.975295,KXBTCD-25MAY2019-T106749.99,DELTA,42,25,44,1025,763,yes,12,2000
2025-05-20T15:03:30.975837,KXBTCD-25MAY2019-T106749.99,DELTA,42,25,44,1025,764,no,54,100
2025-05-20T15:03:30.976233,KXBTCD-25MAY2019-T106749.99,DELTA,42,25,44,1025,765,no,5,-20000
2025-05-20T15:03:31.006398,KXBTCD-25MAY2019-T106749.99,DELTA,42,25,44,1025,766,no,7,20000
2025-05-20T15:03:31.497464,KXBTCD-25MAY2019-T106749.99,DELTA,42,25,44,1025,767,no,54,-100
2025-05-20T15:03:31.498435,KXBTCD-25MAY2019-T106749.99,DELTA,42,25,44,1025,768,yes,34,-1000
2025-05-20T15:03:31.526616,KXBTCD-25MAY2019-T106749.99,DELTA,42,25,44,1025,769,yes,35,1000
2025-05-20T15:03:31.527429,KXBTCD-25MAY2019-T106749.99,DELTA,42,25,44,1025,770,yes,37,9
2025-05-20T15:03:31.545849,KXBTCD-25MAY2019-T106749.99,DELTA,42,25,44,1025,771,yes,36,-9
2025-05-20T15:03:31.546735,KXBTCD-25MAY2019-T106749.99,DELTA,42,25,44,1025,772,yes,37,100
2025-05-20T15:03:32.027954,KXBTCD-25MAY2019-T106749.99,DELTA,42,25,44,1025,773,yes,11,-2945
2025-05-20T15:03:32.028811,KXBTCD-25MAY2019-T106749.99,DELTA,42,25,44,1025,774,yes,13,2492
2025-05-20T15:03:32.088710,KXBTCD-25MAY2019-T106749.99,DELTA,42,25,44,1025,775,no,6,-5400
2025-05-20T15:03:32.089476,KXBTCD-25MAY2019-T106749.99,DELTA,42,25,44,1025,776,no,8,4050
2025-05-20T15:03:32.090095,KXBTCD-25MAY2019-T106749.99,DELTA,42,25,44,1025,777,yes,12,-2000
2025-05-20T15:03:32.125592,KXBTCD-25MAY2019-T106749.99,DELTA,42,25,44,1025,778,yes,14,2000
2025-05-20T15:03:32.149067,KXBTCD-25MAY2019-T106749.99,DELTA,42,25,44,1025,779,no,7,-20000
2025-05-20T15:03:32.366661,KXBTCD-25MAY2019-T106749.99,DELTA,42,25,44,1025,780,no,9,20000
2025-05-20T15:03:32.740032,KXBTCD-25MAY2019-T106749.99,DELTA,42,25,44,1025,781,no,55,100
2025-05-20T15:03:35.691308,KXBTCD-25MAY2019-T106749.99,DELTA,42,25,44,1025,782,yes,13,-2492
2025-05-20T15:03:35.692307,KXBTCD-25MAY2019-T106749.99,DELTA,42,25,44,1025,783,yes,14,2314
2025-05-20T15:03:35.726084,KXBTCD-25MAY2019-T106749.99,DELTA,42,25,44,1025,784,no,8,-4050
2025-05-20T15:03:35.726472,KXBTCD-25MAY2019-T106749.99,DELTA,42,25,44,1025,785,no,10,3240
2025-05-20T15:03:35.726651,KXBTCD-25MAY2019-T106749.99,DELTA,42,25,44,1025,786,yes,14,-2000
2025-05-20T15:03:35.767912,KXBTCD-25MAY2019-T106749.99,DELTA,42,25,44,1025,787,yes,15,2000
2025-05-20T15:03:35.768630,KXBTCD-25MAY2019-T106749.99,DELTA,42,25,44,1025,788,yes,37,-9
2025-05-20T15:03:35.786641,KXBTCD-25MAY2019-T106749.99,DELTA,42,25,44,1025,789,yes,38,9
2025-05-20T15:03:35.787409,KXBTCD-25MAY2019-T106749.99,DELTA,42,25,44,1025,790,no,9,-20000
2025-05-20T15:03:35.826471,KXBTCD-25MAY2019-T106749.99,DELTA,42,25,44,1025,791,no,11,20000
2025-05-20T15:03:38.245768,KXBTCD-25MAY2019-T106749.99,DELTA,42,25,44,1025,792,yes,14,-2314
2025-05-20T15:03:38.246821,KXBTCD-25MAY2019-T106749.99,DELTA,42,25,44,1025,793,yes,11,2945
2025-05-20T15:03:38.305930,KXBTCD-25MAY2019-T106749.99,DELTA,42,25,44,1025,794,no,10,-3240
2025-05-20T15:03:38.306754,KXBTCD-25MAY2019-T106749.99,DELTA,42,25,44,1025,795,no,12,2700
2025-05-20T15:03:38.366437,KXBTCD-25MAY2019-T106749.99,DELTA,42,25,44,1025,796,yes,15,-2000
2025-05-20T15:03:38.367295,KXBTCD-25MAY2019-T106749.99,DELTA,42,25,44,1025,797,no,11,-20000
2025-05-20T15:03:38.405928,KXBTCD-25MAY2019-T106749.99,DELTA,42,25,44,1025,798,yes,12,2000
2025-05-20T15:03:38.407132,KXBTCD-25MAY2019-T106749.99,DELTA,42,25,44,1025,799,no,5,20000
2025-05-20T15:03:39.291421,KXBTCD-25MAY2019-T106749.99,DELTA,42,25,44,1000,800,no,56,-25
2025-05-20T15:03:39.326172,KXBTCD-25MAY2019-T106749.99,DELTA,38,9,44,1000,801,yes,42,-25
2025-05-20T15:03:39.487009,KXBTCD-25MAY2019-T106749.99,DELTA,38,9,44,1000,802,yes,11,-2945
2025-05-20T15:03:39.487754,KXBTCD-25MAY2019-T106749.99,DELTA,38,9,44,1000,803,yes,13,2492
2025-05-20T15:03:39.546080,KXBTCD-25MAY2019-T106749.99,DELTA,38,9,44,1000,804,yes,12,-2000
2025-05-20T15:03:39.547116,KXBTCD-25MAY2019-T106749.99,DELTA,38,9,44,1000,805,no,12,-2700
2025-05-20T15:03:39.547901,KXBTCD-25MAY2019-T106749.99,DELTA,38,9,44,1000,806,no,6,5400
2025-05-20T15:03:39.586220,KXBTCD-25MAY2019-T106749.99,DELTA,38,9,44,1000,807,yes,14,2000
2025-05-20T15:03:39.606284,KXBTCD-25MAY2019-T106749.99,DELTA,38,9,44,1000,808,no,5,-20000
2025-05-20T15:03:39.646008,KXBTCD-25MAY2019-T106749.99,DELTA,38,9,44,1000,809,no,7,20000
2025-05-20T15:03:40.366706,KXBTCD-25MAY2019-T106749.99,DELTA,38,34,44,1000,810,yes,38,25
2025-05-20T15:03:40.465856,KXBTCD-25MAY2019-T106749.99,DELTA,38,25,44,1000,811,yes,38,-9
2025-05-20T15:03:40.585747,KXBTCD-25MAY2019-T106749.99,DELTA,38,25,44,1000,812,yes,13,-2492
2025-05-20T15:03:40.586201,KXBTCD-25MAY2019-T106749.99,DELTA,38,25,44,1000,813,yes,14,2314
2025-05-20T15:03:40.626751,KXBTCD-25MAY2019-T106749.99,DELTA,38,25,44,1000,814,no,6,-5400
2025-05-20T15:03:40.627092,KXBTCD-25MAY2019-T106749.99,DELTA,38,25,44,1000,815,no,8,4050
2025-05-20T15:03:40.644434,KXBTCD-25MAY2019-T106749.99,DELTA,38,25,44,1000,816,yes,14,-2000
2025-05-20T15:03:40.684616,KXBTCD-25MAY2019-T106749.99,DELTA,38,25,44,1000,817,no,7,-20000
2025-05-20T15:03:40.684794,KXBTCD-25MAY2019-T106749.99,DELTA,38,25,44,1000,818,yes,15,2000
2025-05-20T15:03:40.724290,KXBTCD-25MAY2019-T106749.99,DELTA,38,25,44,1000,819,no,9,20000
2025-05-20T15:03:41.686165,KXBTCD-25MAY2019-T106749.99,DELTA,38,25,44,1000,820,yes,14,-2314
2025-05-20T15:03:41.687111,KXBTCD-25MAY2019-T106749.99,DELTA,38,25,44,1000,821,yes,11,2945
2025-05-20T15:03:41.726445,KXBTCD-25MAY2019-T106749.99,DELTA,38,25,44,1000,822,no,8,-4050
2025-05-20T15:03:41.727275,KXBTCD-25MAY2019-T106749.99,DELTA,38,25,44,1000,823,no,10,3240
2025-05-20T15:03:41.752859,KXBTCD-25MAY2019-T106749.99,DELTA,38,25,44,1000,824,yes,15,-2000
2025-05-20T15:03:41.773206,KXBTCD-25MAY2019-T106749.99,DELTA,38,25,44,1000,825,yes,12,2000
2025-05-20T15:03:41.805804,KXBTCD-25MAY2019-T106749.99,DELTA,38,25,44,1000,826,no,9,-20000
2025-05-20T15:03:41.852227,KXBTCD-25MAY2019-T106749.99,DELTA,38,25,44,1000,827,no,11,20000
2025-05-20T15:03:42.245590,KXBTCD-25MAY2019-T106749.99,DELTA,38,25,44,1025,828,no,56,25
2025-05-20T15:03:42.765417,KXBTCD-25MAY2019-T106749.99,DELTA,38,25,44,1025,829,yes,11,-2945
2025-05-20T15:03:42.765611,KXBTCD-25MAY2019-T106749.99,DELTA,38,25,44,1025,830,yes,13,2492
2025-05-20T15:03:42.805319,KXBTCD-25MAY2019-T106749.99,DELTA,38,25,44,1025,831,no,10,-3240
2025-05-20T15:03:42.805896,KXBTCD-25MAY2019-T106749.99,DELTA,38,25,44,1025,832,no,12,2700
2025-05-20T15:03:42.825345,KXBTCD-25MAY2019-T106749.99,DELTA,38,25,44,1025,833,yes,12,-2000
2025-05-20T15:03:42.866665,KXBTCD-25MAY2019-T106749.99,DELTA,38,25,44,1025,834,no,11,-20000
2025-05-20T15:03:42.867435,KXBTCD-25MAY2019-T106749.99,DELTA,38,25,44,1025,835,yes,14,2000
2025-05-20T15:03:42.906084,KXBTCD-25MAY2019-T106749.99,DELTA,38,25,44,1025,836,no,5,20000
2025-05-20T15:03:46.346715,KXBTCD-25MAY2019-T106749.99,DELTA,38,25,44,1025,837,yes,13,-2492
2025-05-20T15:03:46.347864,KXBTCD-25MAY2019-T106749.99,DELTA,38,25,44,1025,838,yes,14,2314
2025-05-20T15:03:46.385856,KXBTCD-25MAY2019-T106749.99,DELTA,38,25,44,1025,839,no,12,-2700
2025-05-20T15:03:46.386335,KXBTCD-25MAY2019-T106749.99,DELTA,38,25,44,1025,840,no,6,5400
2025-05-20T15:03:46.406678,KXBTCD-25MAY2019-T106749.99,DELTA,38,25,44,1025,841,yes,14,-2000
2025-05-20T15:03:46.450942,KXBTCD-25MAY2019-T106749.99,DELTA,38,25,44,1025,842,no,5,-20000
2025-05-20T15:03:46.451604,KXBTCD-25MAY2019-T106749.99,DELTA,38,25,44,1025,843,yes,15,2000
2025-05-20T15:03:46.485992,KXBTCD-25MAY2019-T106749.99,DELTA,38,25,44,1025,844,no,7,20000
2025-05-20T15:03:48.000068,KXBTCD-25MAY2019-T106749.99,DELTA,38,25,44,1025,845,yes,34,-30
2025-05-20T15:03:48.001258,KXBTCD-25MAY2019-T106749.99,DELTA,38,25,44,1025,846,no,55,-30
2025-05-20T15:03:48.002113,KXBTCD-25MAY2019-T106749.99,DELTA,38,25,44,1025,847,yes,34,14
2025-05-20T15:03:48.002857,KXBTCD-25MAY2019-T106749.99,DELTA,38,25,44,1025,848,yes,36,-14
2025-05-20T15:03:48.003539,KXBTCD-25MAY2019-T106749.99,DELTA,38,25,44,1025,849,yes,32,30
2025-05-20T15:03:48.004067,KXBTCD-25MAY2019-T106749.99,DELTA,38,25,43,14,850,no,57,14
2025-05-20T15:03:48.004522,KXBTCD-25MAY2019-T106749.99,DELTA,38,25,43,44,851,no,57,30
2025-05-20T15:03:48.004957,KXBTCD-25MAY2019-T106749.99,DELTA,38,25,43,44,852,no,55,-14
2025-05-20T15:03:48.005375,KXBTCD-25MAY2019-T106749.99,DELTA,38,25,43,44,853,yes,35,-1000
2025-05-20T15:03:48.006287,KXBTCD-25MAY2019-T106749.99,DELTA,38,25,43,44,854,no,56,-1000
2025-05-20T15:03:48.025336,KXBTCD-25MAY2019-T106749.99,DELTA,38,25,43,44,855,yes,33,1000
2025-05-20T15:03:48.047501,KXBTCD-25MAY2019-T106749.99,DELTA,38,25,42,1000,856,no,58,1000
2025-05-20T15:03:48.267077,KXBTCD-25MAY2019-T106749.99,DELTA,38,25,42,1000,857,no,55,-100
2025-05-20T15:03:49.046396,KXBTCD-25MAY2019-T106749.99,DELTA,38,25,42,1000,858,yes,14,-2314
2025-05-20T15:03:49.047425,KXBTCD-25MAY2019-T106749.99,DELTA,38,25,42,1000,859,yes,11,2945
2025-05-20T15:03:49.120923,KXBTCD-25MAY2019-T106749.99,DELTA,38,25,42,1000,860,no,6,-5400
2025-05-20T15:03:49.121707,KXBTCD-25MAY2019-T106749.99,DELTA,38,25,42,1000,861,no,8,4050
2025-05-20T15:03:49.122246,KXBTCD-25MAY2019-T106749.99,DELTA,38,25,42,1000,862,yes,15,-2000
2025-05-20T15:03:49.150781,KXBTCD-25MAY2019-T106749.99,DELTA,38,25,42,1000,863,yes,12,2000
2025-05-20T15:03:49.174276,KXBTCD-25MAY2019-T106749.99,DELTA,38,25,42,1000,864,no,7,-20000
2025-05-20T15:03:49.206853,KXBTCD-25MAY2019-T106749.99,DELTA,38,25,42,1000,865,no,9,20000
2025-05-20T15:03:49.635720,KXBTCD-25MAY2019-T106749.99,DELTA,38,25,42,1000,866,no,56,100
2025-05-20T15:03:50.155361,KXBTCD-25MAY2019-T106749.99,DELTA,38,25,42,1000,867,yes,11,-2945
2025-05-20T15:03:50.156589,KXBTCD-25MAY2019-T106749.99,DELTA,38,25,42,1000,868,yes,13,2492
2025-05-20T15:03:50.206062,KXBTCD-25MAY2019-T106749.99,DELTA,38,25,42,1000,869,no,8,-4050
2025-05-20T15:03:50.207086,KXBTCD-25MAY2019-T106749.99,DELTA,38,25,42,1000,870,no,10,3240
2025-05-20T15:03:50.207762,KXBTCD-25MAY2019-T106749.99,DELTA,38,25,42,1000,871,yes,12,-2000
2025-05-20T15:03:50.260646,KXBTCD-25MAY2019-T106749.99,DELTA,38,25,42,1000,872,yes,14,2000
2025-05-20T15:03:50.266845,KXBTCD-25MAY2019-T106749.99,DELTA,38,25,42,1000,873,no,9,-20000
2025-05-20T15:03:50.303994,KXBTCD-25MAY2019-T106749.99,DELTA,38,25,42,1000,874,no,11,20000
2025-05-20T15:03:51.209217,KXBTCD-25MAY2019-T106749.99,DELTA,38,25,42,1000,875,yes,13,-2492
2025-05-20T15:03:51.210356,KXBTCD-25MAY2019-T106749.99,DELTA,38,25,42,1000,876,yes,14,2314
2025-05-20T15:03:51.240812,KXBTCD-25MAY2019-T106749.99,DELTA,38,25,42,1000,877,no,10,-3240
2025-05-20T15:03:51.241754,KXBTCD-25MAY2019-T106749.99,DELTA,38,25,42,1000,878,no,12,2700
2025-05-20T15:03:51.245096,KXBTCD-25MAY2019-T106749.99,DELTA,38,25,42,1000,879,yes,14,-2000
2025-05-20T15:03:51.307349,KXBTCD-25MAY2019-T106749.99,DELTA,38,25,42,1000,880,no,11,-20000
2025-05-20T15:03:51.308071,KXBTCD-25MAY2019-T106749.99,DELTA,38,25,42,1000,881,yes,15,2000
2025-05-20T15:03:51.346797,KXBTCD-25MAY2019-T106749.99,DELTA,38,25,42,1000,882,no,5,20000
2025-05-20T15:03:52.206766,KXBTCD-25MAY2019-T106749.99,DELTA,38,25,42,1000,883,yes,14,-2314
2025-05-20T15:03:52.208162,KXBTCD-25MAY2019-T106749.99,DELTA,38,25,42,1000,884,yes,11,2945
2025-05-20T15:03:52.267641,KXBTCD-25MAY2019-T106749.99,DELTA,38,25,42,1000,885,no,12,-2700
2025-05-20T15:03:52.268665,KXBTCD-25MAY2019-T106749.99,DELTA,38,25,42,1000,886,no,6,5400
2025-05-20T15:03:52.269253,KXBTCD-25MAY2019-T106749.99,DELTA,38,25,42,1000,887,yes,15,-2000
2025-05-20T15:03:52.327842,KXBTCD-25MAY2019-T106749.99,DELTA,38,25,42,1000,888,yes,12,2000
2025-05-20T15:03:52.328874,KXBTCD-25MAY2019-T106749.99,DELTA,38,25,42,1000,889,no,5,-20000
2025-05-20T15:03:52.367976,KXBTCD-25MAY2019-T106749.99,DELTA,38,25,42,1000,890,no,7,20000
2025-05-20T15:03:53.266596,KXBTCD-25MAY2019-T106749.99,DELTA,38,25,42,1000,891,yes,11,-2945
2025-05-20T15:03:53.267686,KXBTCD-25MAY2019-T106749.99,DELTA,38,25,42,1000,892,yes,13,2492
2025-05-20T15:03:53.326381,KXBTCD-25MAY2019-T106749.99,DELTA,38,25,42,1000,893,yes,12,-2000
2025-05-20T15:03:53.327512,KXBTCD-25MAY2019-T106749.99,DELTA,38,25,42,1000,894,no,6,-5400
2025-05-20T15:03:53.328340,KXBTCD-25MAY2019-T106749.99,DELTA,38,25,42,1000,895,no,8,4050
2025-05-20T15:03:53.366030,KXBTCD-25MAY2019-T106749.99,DELTA,38,25,42,1000,896,yes,14,2000
2025-05-20T15:03:53.386491,KXBTCD-25MAY2019-T106749.99,DELTA,38,25,42,1000,897,no,7,-20000
2025-05-20T15:03:53.445569,KXBTCD-25MAY2019-T106749.99,DELTA,38,25,42,1000,898,no,9,20000
2025-05-20T15:03:56.804443,KXBTCD-25MAY2019-T106749.99,DELTA,38,25,42,1000,899,yes,13,-2492
2025-05-20T15:03:56.805651,KXBTCD-25MAY2019-T106749.99,DELTA,38,25,42,1000,900,yes,14,2314
2025-05-20T15:03:56.806498,KXBTCD-25MAY2019-T106749.99,DELTA,38,25,42,1000,901,yes,14,-2000
2025-05-20T15:03:56.807261,KXBTCD-25MAY2019-T106749.99,DELTA,38,25,42,1000,902,no,8,-4050
2025-05-20T15:03:56.807995,KXBTCD-25MAY2019-T106749.99,DELTA,38,25,42,1000,903,no,10,3240
2025-05-20T15:03:56.826464,KXBTCD-25MAY2019-T106749.99,DELTA,38,25,42,1000,904,yes,15,2000
2025-05-20T15:03:56.906552,KXBTCD-25MAY2019-T106749.99,DELTA,38,25,42,1000,905,no,9,-20000
2025-05-20T15:03:56.946893,KXBTCD-25MAY2019-T106749.99,DELTA,38,25,42,1000,906,no,11,20000
2025-05-20T15:03:57.205353,KXBTCD-25MAY2019-T106749.99,DELTA,38,25,42,1000,907,yes,33,-1000
2025-05-20T15:03:57.244898,KXBTCD-25MAY2019-T106749.99,DELTA,38,25,42,1000,908,yes,37,1000
2025-05-20T15:03:57.406233,KXBTCD-25MAY2019-T106749.99,DELTA,38,25,43,44,909,no,58,-1000
2025-05-20T15:03:57.465073,KXBTCD-25MAY2019-T106749.99,DELTA,38,25,43,1044,910,no,57,1000
2025-05-20T15:03:57.586553,KXBTCD-25MAY2019-T106749.99,DELTA,38,25,43,1044,911,no,56,-25
2025-05-20T15:03:57.587245,KXBTCD-25MAY2019-T106749.99,DELTA,38,25,43,1044,912,no,54,25
2025-05-20T15:03:57.627300,KXBTCD-25MAY2019-T106749.99,DELTA,38,25,43,1044,913,yes,37,-1000
2025-05-20T15:03:57.644839,KXBTCD-25MAY2019-T106749.99,DELTA,38,25,43,44,914,no,57,-1000
2025-05-20T15:03:57.725514,KXBTCD-25MAY2019-T106749.99,DELTA,38,25,43,44,915,yes,37,1000
2025-05-20T15:03:57.725691,KXBTCD-25MAY2019-T106749.99,DELTA,38,25,43,1044,916,no,57,1000
2025-05-20T15:03:58.107021,KXBTCD-25MAY2019-T106749.99,DELTA,38,25,43,1044,917,no,56,-100
2025-05-20T15:03:58.108136,KXBTCD-25MAY2019-T106749.99,DELTA,38,25,43,1044,918,yes,37,-100
2025-05-20T15:03:58.166093,KXBTCD-25MAY2019-T106749.99,DELTA,38,25,43,1044,919,yes,37,-1000
2025-05-20T15:03:58.205787,KXBTCD-25MAY2019-T106749.99,DELTA,38,25,43,1044,920,yes,33,1000
2025-05-20T15:03:59.126571,KXBTCD-25MAY2019-T106749.99,DELTA,38,125,43,1044,921,yes,38,100
2025-05-20T15:03:59.144868,KXBTCD-25MAY2019-T106749.99,DELTA,38,125,43,1044,922,no,54,100
2025-05-20T15:03:59.186639,KXBTCD-25MAY2019-T106749.99,DELTA,38,100,43,1044,923,yes,38,-25
2025-05-20T15:03:59.187325,KXBTCD-25MAY2019-T106749.99,DELTA,39,25,43,1044,924,yes,39,25
2025-05-20T15:03:59.225592,KXBTCD-25MAY2019-T106749.99,DELTA,39,25,43,1044,925,yes,34,9
2025-05-20T15:03:59.385361,KXBTCD-25MAY2019-T106749.99,DELTA,39,25,43,1044,926,yes,38,-100
2025-05-20T15:03:59.446039,KXBTCD-25MAY2019-T106749.99,DELTA,39,25,43,1044,927,yes,14,-2314
2025-05-20T15:03:59.447155,KXBTCD-25MAY2019-T106749.99,DELTA,39,25,43,1044,928,yes,11,2945
2025-05-20T15:03:59.464908,KXBTCD-25MAY2019-T106749.99,DELTA,39,25,43,44,929,no,57,-1000
2025-05-20T15:03:59.487198,KXBTCD-25MAY2019-T106749.99,DELTA,39,25,43,44,930,yes,36,14
2025-05-20T15:03:59.487894,KXBTCD-25MAY2019-T106749.99,DELTA,39,25,43,44,931,yes,34,-14
2025-05-20T15:03:59.488431,KXBTCD-25MAY2019-T106749.99,DELTA,39,25,43,44,932,yes,34,30
2025-05-20T15:03:59.488706,KXBTCD-25MAY2019-T106749.99,DELTA,39,25,43,44,933,yes,32,-30
2025-05-20T15:03:59.488889,KXBTCD-25MAY2019-T106749.99,DELTA,39,25,43,30,934,no,57,-14
2025-05-20T15:03:59.489036,KXBTCD-25MAY2019-T106749.99,DELTA,39,25,43,30,935,no,55,30
2025-05-20T15:03:59.489176,KXBTCD-25MAY2019-T106749.99,DELTA,39,25,45,30,936,no,57,-30
2025-05-20T15:03:59.489293,KXBTCD-25MAY2019-T106749.99,DELTA,39,25,45,44,937,no,55,14
2025-05-20T15:03:59.505746,KXBTCD-25MAY2019-T106749.99,DELTA,39,25,45,44,938,yes,15,-2000
2025-05-20T15:03:59.506395,KXBTCD-25MAY2019-T106749.99,DELTA,39,25,45,44,939,no,10,-3240
2025-05-20T15:03:59.506822,KXBTCD-25MAY2019-T106749.99,DELTA,39,25,45,44,940,no,12,2700
2025-05-20T15:03:59.507189,KXBTCD-25MAY2019-T106749.99,DELTA,39,25,45,1044,941,no,55,1000
2025-05-20T15:03:59.545894,KXBTCD-25MAY2019-T106749.99,DELTA,39,25,45,1044,942,no,54,-25
2025-05-20T15:03:59.546294,KXBTCD-25MAY2019-T106749.99,DELTA,39,25,45,1044,943,no,53,25
2025-05-20T15:03:59.546523,KXBTCD-25MAY2019-T106749.99,DELTA,39,25,45,1044,944,yes,33,-1000
2025-05-20T15:03:59.546784,KXBTCD-25MAY2019-T106749.99,DELTA,36,14,45,1044,945,yes,39,-25
2025-05-20T15:03:59.547005,KXBTCD-25MAY2019-T106749.99,DELTA,36,14,45,1044,946,yes,34,25
2025-05-20T15:03:59.547210,KXBTCD-25MAY2019-T106749.99,DELTA,36,14,45,1044,947,yes,12,2000
2025-05-20T15:03:59.565440,KXBTCD-25MAY2019-T106749.99,DELTA,36,14,45,1044,948,no,11,-20000
2025-05-20T15:03:59.565733,KXBTCD-25MAY2019-T106749.99,DELTA,36,14,45,1044,949,yes,10,-200
2025-05-20T15:03:59.565899,KXBTCD-25MAY2019-T106749.99,DELTA,36,14,45,1044,950,yes,20,200
2025-05-20T15:03:59.566035,KXBTCD-25MAY2019-T106749.99,DELTA,36,14,45,1044,951,yes,35,1000
2025-05-20T15:03:59.585737,KXBTCD-25MAY2019-T106749.99,DELTA,36,14,45,1044,952,yes,34,-25
2025-05-20T15:03:59.586541,KXBTCD-25MAY2019-T106749.99,DELTA,40,25,45,1044,953,yes,40,25
2025-05-20T15:03:59.607702,KXBTCD-25MAY2019-T106749.99,DELTA,40,25,45,1044,954,no,5,20000
2025-05-20T15:03:59.625453,KXBTCD-25MAY2019-T106749.99,DELTA,40,25,45,1044,955,yes,12,-2000
2025-05-20T15:03:59.625696,KXBTCD-25MAY2019-T106749.99,DELTA,36,14,45,1044,956,yes,40,-25
2025-05-20T15:03:59.625836,KXBTCD-25MAY2019-T106749.99,DELTA,36,39,45,1044,957,yes,36,25
2025-05-20T15:03:59.666518,KXBTCD-25MAY2019-T106749.99,DELTA,36,39,45,1044,958,yes,21,2000
2025-05-20T15:03:59.685091,KXBTCD-25MAY2019-T106749.99,DELTA,36,14,45,1044,959,yes,36,-25
2025-05-20T15:03:59.685835,KXBTCD-25MAY2019-T106749.99,DELTA,41,25,45,1044,960,yes,41,25
2025-05-20T15:03:59.705464,KXBTCD-25MAY2019-T106749.99,DELTA,41,25,45,1044,961,yes,35,-1000
2025-05-20T15:03:59.724911,KXBTCD-25MAY2019-T106749.99,DELTA,36,14,45,1044,962,yes,41,-25
2025-05-20T15:03:59.725494,KXBTCD-25MAY2019-T106749.99,DELTA,36,39,45,1044,963,yes,36,25
2025-05-20T15:03:59.745079,KXBTCD-25MAY2019-T106749.99,DELTA,36,39,45,1044,964,yes,35,1000
2025-05-20T15:03:59.765737,KXBTCD-25MAY2019-T106749.99,DELTA,36,14,45,1044,965,yes,36,-25
2025-05-20T15:03:59.766463,KXBTCD-25MAY2019-T106749.99,DELTA,42,25,45,1044,966,yes,42,25
2025-05-20T15:03:59.785325,KXBTCD-25MAY2019-T106749.99,DELTA,42,25,45,1044,967,yes,35,-1000
2025-05-20T15:03:59.866487,KXBTCD-25MAY2019-T106749.99,DELTA,36,14,45,1044,968,yes,42,-25
2025-05-20T15:03:59.867301,KXBTCD-25MAY2019-T106749.99,DELTA,36,39,45,1044,969,yes,36,25
2025-05-20T15:03:59.867919,KXBTCD-25MAY2019-T106749.99,DELTA,36,39,45,1044,970,yes,35,1000
2025-05-20T15:03:59.945905,KXBTCD-25MAY2019-T106749.99,DELTA,36,39,45,1044,971,yes,35,-1000
2025-05-20T15:03:59.985776,KXBTCD-25MAY2019-T106749.99,DELTA,37,1000,45,1044,972,yes,37,1000
2025-05-20T15:04:00.004976,KXBTCD-25MAY2019-T106749.99,DELTA,37,1000,45,1044,973,yes,36,-25
2025-05-20T15:04:00.005103,KXBTCD-25MAY2019-T106749.99,DELTA,37,1000,45,1044,974,yes,35,25
2025-05-20T15:04:00.027173,KXBTCD-25MAY2019-T106749.99,DELTA,37,1000,45,44,975,no,55,-1000
2025-05-20T15:04:00.065256,KXBTCD-25MAY2019-T106749.99,DELTA,37,1000,45,44,976,yes,35,-25
2025-05-20T15:04:00.065452,KXBTCD-25MAY2019-T106749.99,DELTA,38,25,45,44,977,yes,38,25
2025-05-20T15:04:00.065581,KXBTCD-25MAY2019-T106749.99,DELTA,38,25,45,44,978,yes,37,-1000
2025-05-20T15:04:00.085283,KXBTCD-25MAY2019-T106749.99,DELTA,38,25,44,1000,979,no,56,1000
2025-05-20T15:04:00.125906,KXBTCD-25MAY2019-T106749.99,DELTA,38,25,44,1000,980,yes,35,1000
2025-05-20T15:04:00.145700,KXBTCD-25MAY2019-T106749.99,DELTA,36,14,44,1000,981,yes,38,-25
2025-05-20T15:04:00.146447,KXBTCD-25MAY2019-T106749.99,DELTA,36,14,44,1000,982,yes,35,25
2025-05-20T15:04:00.186181,KXBTCD-25MAY2019-T106749.99,DELTA,36,14,44,1000,983,yes,35,-25
2025-05-20T15:04:00.186985,KXBTCD-25MAY2019-T106749.99,DELTA,39,25,44,1000,984,yes,39,25
2025-05-20T15:04:00.506010,KXBTCD-25MAY2019-T106749.99,DELTA,39,25,44,1000,985,yes,11,-2945
2025-05-20T15:04:00.507223,KXBTCD-25MAY2019-T106749.99,DELTA,39,25,44,1000,986,yes,4,8100
2025-05-20T15:04:00.566617,KXBTCD-25MAY2019-T106749.99,DELTA,39,25,44,1000,987,yes,5,20000
2025-05-20T15:04:00.567502,KXBTCD-25MAY2019-T106749.99,DELTA,39,25,44,1000,988,no,12,-2700
2025-05-20T15:04:00.568091,KXBTCD-25MAY2019-T106749.99,DELTA,39,25,44,1000,989,no,6,5400
2025-05-20T15:04:00.626664,KXBTCD-25MAY2019-T106749.99,DELTA,39,25,44,1000,990,no,5,-20000
2025-05-20T15:04:00.645558,KXBTCD-25MAY2019-T106749.99,DELTA,39,25,45,44,991,no,56,-1000
2025-05-20T15:04:00.686945,KXBTCD-25MAY2019-T106749.99,DELTA,39,25,45,44,992,no,7,20000
2025-05-20T15:04:00.687737,KXBTCD-25MAY2019-T106749.99,DELTA,39,25,45,1044,993,no,55,1000
2025-05-20T15:04:00.706790,KXBTCD-25MAY2019-T106749.99,DELTA,40,100,45,1044,994,yes,40,100
2025-05-20T15:04:00.766777,KXBTCD-25MAY2019-T106749.99,DELTA,40,100,45,1044,995,yes,39,-25
2025-05-20T15:04:00.767541,KXBTCD-25MAY2019-T106749.99,DELTA,41,25,45,1044,996,yes,41,25
2025-05-20T15:04:00.886602,KXBTCD-25MAY2019-T106749.99,DELTA,41,25,45,44,997,no,55,-1000
2025-05-20T15:04:00.927799,KXBTCD-25MAY2019-T106749.99,DELTA,41,25,44,1000,998,no,56,1000
2025-05-20T15:04:01.066408,KXBTCD-25MAY2019-T106749.99,DELTA,41,25,45,44,999,no,56,-1000
2025-05-20T15:04:01.107512,KXBTCD-25MAY2019-T106749.99,DELTA,41,25,45,1044,1000,no,55,1000
2025-05-20T15:04:01.487242,KXBTCD-25MAY2019-T106749.99,DELTA,41,25,45,1044,1001,no,54,-100
2025-05-20T15:04:01.566890,KXBTCD-25MAY2019-T106749.99,DELTA,41,25,45,1044,1002,yes,4,-8100
2025-05-20T15:04:01.568014,KXBTCD-25MAY2019-T106749.99,DELTA,41,25,45,1044,1003,yes,6,5400
2025-05-20T15:04:01.607530,KXBTCD-25MAY2019-T106749.99,DELTA,41,25,45,1044,1004,yes,37,9
2025-05-20T15:04:01.608670,KXBTCD-25MAY2019-T106749.99,DELTA,41,25,45,1044,1005,yes,34,-9
2025-05-20T15:04:01.626540,KXBTCD-25MAY2019-T106749.99,DELTA,41,25,45,1044,1006,no,6,-5400
2025-05-20T15:04:01.627216,KXBTCD-25MAY2019-T106749.99,DELTA,41,25,45,1044,1007,no,8,4050
2025-05-20T15:04:01.627645,KXBTCD-25MAY2019-T106749.99,DELTA,41,25,45,1044,1008,yes,5,-20000
2025-05-20T15:04:01.687174,KXBTCD-25MAY2019-T106749.99,DELTA,41,25,45,1044,1009,yes,7,20000
2025-05-20T15:04:01.687953,KXBTCD-25MAY2019-T106749.99,DELTA,41,25,45,1044,1010,no,7,-20000
2025-05-20T15:04:01.727775,KXBTCD-25MAY2019-T106749.99,DELTA,41,25,45,1044,1011,no,9,20000
2025-05-20T15:04:02.465778,KXBTCD-25MAY2019-T106749.99,DELTA,41,25,45,1044,1012,no,52,100
2025-05-20T15:04:02.607291,KXBTCD-25MAY2019-T106749.99,DELTA,41,25,45,1044,1013,yes,6,-5400
2025-05-20T15:04:02.608328,KXBTCD-25MAY2019-T106749.99,DELTA,41,25,45,1044,1014,yes,8,4050
2025-05-20T15:04:02.664716,KXBTCD-25MAY2019-T106749.99,DELTA,41,25,45,1044,1015,no,8,-4050
2025-05-20T15:04:02.664940,KXBTCD-25MAY2019-T106749.99,DELTA,41,25,45,1044,1016,no,10,3240
2025-05-20T15:04:02.665035,KXBTCD-25MAY2019-T106749.99,DELTA,41,25,45,1044,1017,yes,7,-20000
2025-05-20T15:04:02.686510,KXBTCD-25MAY2019-T106749.99,DELTA,41,25,45,44,1018,no,55,-1000
2025-05-20T15:04:02.705007,KXBTCD-25MAY2019-T106749.99,DELTA,41,25,45,44,1019,yes,9,20000
2025-05-20T15:04:02.705145,KXBTCD-25MAY2019-T106749.99,DELTA,41,25,45,44,1020,yes,35,-1000
2025-05-20T15:04:02.724792,KXBTCD-25MAY2019-T106749.99,DELTA,41,25,45,44,1021,no,53,1000
2025-05-20T15:04:02.724918,KXBTCD-25MAY2019-T106749.99,DELTA,41,25,45,44,1022,no,52,-100
2025-05-20T15:04:02.745586,KXBTCD-25MAY2019-T106749.99,DELTA,41,25,45,44,1023,no,9,-20000
2025-05-20T15:04:02.745717,KXBTCD-25MAY2019-T106749.99,DELTA,41,25,45,44,1024,yes,40,1000
2025-05-20T15:04:02.786086,KXBTCD-25MAY2019-T106749.99,DELTA,41,25,45,44,1025,no,53,-1000
2025-05-20T15:04:02.786280,KXBTCD-25MAY2019-T106749.99,DELTA,41,25,45,44,1026,no,11,20000
2025-05-20T15:04:02.825674,KXBTCD-25MAY2019-T106749.99,DELTA,41,25,45,44,1027,no,37,1000
2025-05-20T15:04:03.585671,KXBTCD-25MAY2019-T106749.99,DELTA,41,25,45,44,1028,no,52,100
2025-05-20T15:04:03.626334,KXBTCD-25MAY2019-T106749.99,DELTA,41,25,45,44,1029,yes,8,-4050
2025-05-20T15:04:03.627259,KXBTCD-25MAY2019-T106749.99,DELTA,41,25,45,44,1030,yes,10,3240
2025-05-20T15:04:03.645790,KXBTCD-25MAY2019-T106749.99,DELTA,41,25,45,44,1031,no,37,-1000
2025-05-20T15:04:03.666890,KXBTCD-25MAY2019-T106749.99,DELTA,41,25,45,44,1032,no,10,-3240
2025-05-20T15:04:03.667738,KXBTCD-25MAY2019-T106749.99,DELTA,41,25,45,44,1033,no,12,2700
2025-05-20T15:04:03.685621,KXBTCD-25MAY2019-T106749.99,DELTA,41,25,45,44,1034,no,53,1000
2025-05-20T15:04:03.686461,KXBTCD-25MAY2019-T106749.99,DELTA,41,25,45,44,1035,yes,9,-20000
2025-05-20T15:04:03.706638,KXBTCD-25MAY2019-T106749.99,DELTA,41,25,45,44,1036,yes,37,-9
2025-05-20T15:04:03.707386,KXBTCD-25MAY2019-T106749.99,DELTA,41,25,45,44,1037,no,38,9
2025-05-20T15:04:03.726686,KXBTCD-25MAY2019-T106749.99,DELTA,41,25,45,44,1038,no,11,-20000
2025-05-20T15:04:03.727466,KXBTCD-25MAY2019-T106749.99,DELTA,41,25,45,44,1039,yes,11,20000
2025-05-20T15:04:03.766127,KXBTCD-25MAY2019-T106749.99,DELTA,41,25,45,44,1040,no,5,20000
2025-05-20T15:04:04.307297,KXBTCD-25MAY2019-T106749.99,DELTA,41,25,45,44,1041,no,52,-100
2025-05-20T15:04:04.365828,KXBTCD-25MAY2019-T106749.99,DELTA,41,25,45,44,1042,no,53,-1000
2025-05-20T15:04:04.405164,KXBTCD-25MAY2019-T106749.99,DELTA,41,25,45,44,1043,no,37,1000
2025-05-20T15:04:05.485204,KXBTCD-25MAY2019-T106749.99,DELTA,41,25,45,44,1044,no,52,100
2025-05-20T15:04:05.546595,KXBTCD-25MAY2019-T106749.99,DELTA,41,25,45,44,1045,no,37,-1000
2025-05-20T15:04:05.586329,KXBTCD-25MAY2019-T106749.99,DELTA,41,25,45,44,1046,no,53,1000
2025-05-20T15:04:05.686006,KXBTCD-25MAY2019-T106749.99,DELTA,41,25,45,44,1047,no,38,-9
2025-05-20T15:04:07.045605,KXBTCD-25MAY2019-T106749.99,DELTA,41,25,45,44,1048,no,53,-1000
2025-05-20T15:04:07.085836,KXBTCD-25MAY2019-T106749.99,DELTA,41,25,45,1044,1049,no,55,1000
2025-05-20T15:04:07.086193,KXBTCD-25MAY2019-T106749.99,DELTA,41,25,45,1044,1050,yes,10,-3240
2025-05-20T15:04:07.086376,KXBTCD-25MAY2019-T106749.99,DELTA,41,25,45,1044,1051,yes,12,2700
2025-05-20T15:04:07.147090,KXBTCD-25MAY2019-T106749.99,DELTA,41,25,45,1044,1052,no,12,-2700
2025-05-20T15:04:07.147965,KXBTCD-25MAY2019-T106749.99,DELTA,41,25,45,1044,1053,no,6,5400
2025-05-20T15:04:07.148615,KXBTCD-25MAY2019-T106749.99,DELTA,41,25,45,1044,1054,yes,11,-20000
2025-05-20T15:04:07.206273,KXBTCD-25MAY2019-T106749.99,DELTA,41,25,45,1044,1055,no,5,-20000
2025-05-20T15:04:07.207199,KXBTCD-25MAY2019-T106749.99,DELTA,41,25,45,1044,1056,no,52,-100
2025-05-20T15:04:07.246770,KXBTCD-25MAY2019-T106749.99,DELTA,41,25,45,1044,1057,no,7,20000
2025-05-20T15:04:07.307987,KXBTCD-25MAY2019-T106749.99,DELTA,41,25,45,1044,1058,yes,40,-1000
2025-05-20T15:04:07.345486,KXBTCD-25MAY2019-T106749.99,DELTA,41,25,45,1044,1059,yes,35,1000
2025-05-20T15:04:08.286777,KXBTCD-25MAY2019-T106749.99,DELTA,41,25,45,1044,1060,no,52,100
2025-05-20T15:04:08.407714,KXBTCD-25MAY2019-T106749.99,DELTA,41,25,45,1044,1061,yes,37,9
2025-05-20T15:04:09.912568,KXBTCD-25MAY2019-T106749.99,DELTA,41,25,45,1044,1062,yes,12,-2700
2025-05-20T15:04:09.913052,KXBTCD-25MAY2019-T106749.99,DELTA,41,25,45,1044,1063,yes,4,8100
2025-05-20T15:04:09.913436,KXBTCD-25MAY2019-T106749.99,DELTA,41,25,45,1044,1064,no,6,-5400
2025-05-20T15:04:09.913584,KXBTCD-25MAY2019-T106749.99,DELTA,41,25,45,1044,1065,no,8,4050
2025-05-20T15:04:09.913710,KXBTCD-25MAY2019-T106749.99,DELTA,41,25,45,1044,1066,yes,5,20000
2025-05-20T15:04:09.925293,KXBTCD-25MAY2019-T106749.99,DELTA,41,25,45,1044,1067,no,7,-20000
2025-05-20T15:04:09.967748,KXBTCD-25MAY2019-T106749.99,DELTA,41,25,45,1044,1068,no,9,20000
2025-05-20T15:04:09.967935,KXBTCD-25MAY2019-T106749.99,DELTA,41,25,45,44,1069,no,55,-1000
2025-05-20T15:04:10.006232,KXBTCD-25MAY2019-T106749.99,DELTA,41,25,44,1000,1070,no,56,1000
2025-05-20T15:04:10.945969,KXBTCD-25MAY2019-T106749.99,DELTA,41,25,44,1000,1071,yes,4,-8100
2025-05-20T15:04:10.947101,KXBTCD-25MAY2019-T106749.99,DELTA,41,25,44,1000,1072,yes,6,5400
2025-05-20T15:04:10.986413,KXBTCD-25MAY2019-T106749.99,DELTA,41,25,44,1000,1073,no,52,-100
2025-05-20T15:04:10.987458,KXBTCD-25MAY2019-T106749.99,DELTA,41,25,44,1000,1074,no,8,-4050
2025-05-20T15:04:10.988011,KXBTCD-25MAY2019-T106749.99,DELTA,41,25,44,1000,1075,no,10,3240
2025-05-20T15:04:11.008745,KXBTCD-25MAY2019-T106749.99,DELTA,41,25,44,1000,1076,yes,5,-20000
2025-05-20T15:04:11.056256,KXBTCD-25MAY2019-T106749.99,DELTA,41,25,44,1000,1077,yes,7,20000
2025-05-20T15:04:11.133128,KXBTCD-25MAY2019-T106749.99,DELTA,41,25,44,1000,1078,no,9,-20000
2025-05-20T15:04:11.134267,KXBTCD-25MAY2019-T106749.99,DELTA,41,25,44,1000,1079,no,11,20000
2025-05-20T15:04:12.063585,KXBTCD-25MAY2019-T106749.99,DELTA,41,25,44,1000,1080,yes,6,-5400
2025-05-20T15:04:12.064611,KXBTCD-25MAY2019-T106749.99,DELTA,41,25,44,1000,1081,yes,8,4050
2025-05-20T15:04:12.065510,KXBTCD-25MAY2019-T106749.99,DELTA,41,25,44,1000,1082,yes,7,-20000
2025-05-20T15:04:12.066159,KXBTCD-25MAY2019-T106749.99,DELTA,41,25,44,1000,1083,no,10,-3240
2025-05-20T15:04:12.066761,KXBTCD-25MAY2019-T106749.99,DELTA,41,25,44,1000,1084,no,12,2700
2025-05-20T15:04:12.067678,KXBTCD-25MAY2019-T106749.99,DELTA,41,25,44,1000,1085,yes,9,20000
2025-05-20T15:04:12.086149,KXBTCD-25MAY2019-T106749.99,DELTA,41,25,44,1000,1086,no,11,-20000
2025-05-20T15:04:12.128614,KXBTCD-25MAY2019-T106749.99,DELTA,41,25,44,1000,1087,no,5,20000
2025-05-20T15:04:12.343986,KXBTCD-25MAY2019-T106749.99,DELTA,41,25,44,1000,1088,no,53,100
2025-05-20T15:04:12.536032,KXBTCD-25MAY2019-T106749.99,DELTA,41,25,44,1000,1089,no,53,-25
2025-05-20T15:04:12.536812,KXBTCD-25MAY2019-T106749.99,DELTA,41,25,44,1000,1090,no,54,25
2025-05-20T15:04:12.970524,KXBTCD-25MAY2019-T106749.99,DELTA,41,25,44,1000,1091,yes,8,-4050
2025-05-20T15:04:12.971224,KXBTCD-25MAY2019-T106749.99,DELTA,41,25,44,1000,1092,yes,10,3240
2025-05-20T15:04:13.060377,KXBTCD-25MAY2019-T106749.99,DELTA,41,25,44,1000,1093,no,12,-2700
2025-05-20T15:04:13.061174,KXBTCD-25MAY2019-T106749.99,DELTA,41,25,44,1000,1094,no,6,5400
2025-05-20T15:04:13.061762,KXBTCD-25MAY2019-T106749.99,DELTA,41,25,44,1000,1095,yes,9,-20000
2025-05-20T15:04:13.062436,KXBTCD-25MAY2019-T106749.99,DELTA,41,25,44,1000,1096,no,54,-25
2025-05-20T15:04:13.062930,KXBTCD-25MAY2019-T106749.99,DELTA,41,25,44,1000,1097,no,55,25
2025-05-20T15:04:13.067147,KXBTCD-25MAY2019-T106749.99,DELTA,41,25,44,1000,1098,yes,11,20000
2025-05-20T15:04:13.099878,KXBTCD-25MAY2019-T106749.99,DELTA,41,25,44,1000,1099,no,5,-20000
2025-05-20T15:04:13.126296,KXBTCD-25MAY2019-T106749.99,DELTA,41,25,44,1000,1100,no,7,20000
2025-05-20T15:04:14.002113,KXBTCD-25MAY2019-T106749.99,DELTA,41,25,44,1000,1101,yes,10,-3240
2025-05-20T15:04:14.003163,KXBTCD-25MAY2019-T106749.99,DELTA,41,25,44,1000,1102,yes,12,2700
2025-05-20T15:04:14.046288,KXBTCD-25MAY2019-T106749.99,DELTA,41,25,44,1000,1103,no,6,-5400
2025-05-20T15:04:14.047042,KXBTCD-25MAY2019-T106749.99,DELTA,41,25,44,1000,1104,no,8,4050
2025-05-20T15:04:14.047515,KXBTCD-25MAY2019-T106749.99,DELTA,41,25,44,1000,1105,yes,11,-20000
