timestamp,market_ticker,type,yes_bid_price_cents,yes_bid_qty,yes_ask_price_cents,yes_ask_qty_on_no_side,sequence_num,delta_side,delta_price_cents,delta_quantity
2025-05-23T17:00:38.876043,KXBTCD-25MAY2321-T106749.99,SNAPSHOT,60,200,81,100,1,,,
2025-05-23T17:00:39.136849,KXBTCD-25MAY2321-T106749.99,DELTA,73,100,81,100,2,yes,73,100
2025-05-23T17:00:42.476637,KXBTCD-25MAY2321-T106749.99,DELTA,60,200,81,100,3,yes,73,-100
2025-05-23T17:00:42.937106,KXBTCD-25MAY2321-T106749.99,DELTA,60,200,,0,4,no,19,-100
2025-05-23T17:00:43.839653,KXBTCD-25MAY2321-T106749.99,DELTA,75,100,,0,5,yes,75,100
2025-05-23T17:00:44.255792,KXBTCD-25MAY2321-T106749.99,DELTA,75,100,83,100,6,no,17,100
2025-05-23T17:00:44.915471,KXBTCD-25MAY2321-T106749.99,DELTA,75,100,,0,7,no,17,-100
2025-05-23T17:00:46.149234,KXBTCD-25MAY2321-T106749.99,DELTA,75,100,82,100,8,no,18,100
2025-05-23T17:00:48.437452,KXBTCD-25MAY2321-T106749.99,DELTA,75,100,82,100,9,no,1,3000
2025-05-23T17:00:48.456718,KXBTCD-25MAY2321-T106749.99,DELTA,75,100,82,100,10,no,3,80000
2025-05-23T17:00:48.457581,KXBTCD-25MAY2321-T106749.99,DELTA,75,100,82,100,11,yes,34,8000
2025-05-23T17:00:48.458218,KXBTCD-25MAY2321-T106749.99,DELTA,75,100,82,100,12,yes,3,80000
2025-05-23T17:00:48.458636,KXBTCD-25MAY2321-T106749.99,DELTA,75,100,82,100,13,yes,66,3000
2025-05-23T17:00:49.155871,KXBTCD-25MAY2321-T106749.99,DELTA,75,100,82,100,14,yes,1,-32400
2025-05-23T17:00:49.156997,KXBTCD-25MAY2321-T106749.99,DELTA,75,100,82,100,15,yes,35,925
2025-05-23T17:00:49.424059,KXBTCD-25MAY2321-T106749.99,DELTA,75,100,82,100,16,yes,61,2000
2025-05-23T17:00:49.424417,KXBTCD-25MAY2321-T106749.99,DELTA,75,100,82,100,17,yes,2,20000
2025-05-23T17:00:49.437357,KXBTCD-25MAY2321-T106749.99,DELTA,76,1000,82,100,18,yes,76,1000
2025-05-23T17:00:49.536303,KXBTCD-25MAY2321-T106749.99,DELTA,76,1000,82,100,19,yes,2,-20000
2025-05-23T17:00:54.817950,KXBTCD-25MAY2321-T106749.99,DELTA,76,1000,82,100,20,yes,75,14
2025-05-23T17:00:54.818534,KXBTCD-25MAY2321-T106749.99,DELTA,76,1000,82,100,21,no,16,14
2025-05-23T17:00:55.358289,KXBTCD-25MAY2321-T106749.99,DELTA,76,1000,82,100,22,yes,66,-3000
2025-05-23T17:00:55.396581,KXBTCD-25MAY2321-T106749.99,DELTA,76,1000,84,14,23,no,18,-100
2025-05-23T17:00:55.417226,KXBTCD-25MAY2321-T106749.99,DELTA,76,1000,84,14,24,yes,75,-100
2025-05-23T17:00:55.417343,KXBTCD-25MAY2321-T106749.99,DELTA,76,1000,84,14,25,yes,62,3000
2025-05-23T17:00:55.496049,KXBTCD-25MAY2321-T106749.99,DELTA,75,14,84,14,26,yes,76,-1000
2025-05-23T17:00:55.535304,KXBTCD-25MAY2321-T106749.99,DELTA,75,14,84,14,27,yes,61,1000
2025-05-23T17:00:56.475826,KXBTCD-25MAY2321-T106749.99,DELTA,75,14,84,14,28,yes,73,100
2025-05-23T17:00:56.476070,KXBTCD-25MAY2321-T106749.99,DELTA,75,14,81,100,29,no,19,100
2025-05-23T17:00:56.535506,KXBTCD-25MAY2321-T106749.99,DELTA,75,14,81,100,30,yes,61,-1000
2025-05-23T17:00:56.575859,KXBTCD-25MAY2321-T106749.99,DELTA,75,14,81,100,31,yes,74,1000
2025-05-23T17:00:57.797233,KXBTCD-25MAY2321-T106749.99,DELTA,75,14,84,14,32,no,19,-100
2025-05-23T17:00:58.955900,KXBTCD-25MAY2321-T106749.99,DELTA,75,14,80,100,33,no,20,100
2025-05-23T17:00:59.476741,KXBTCD-25MAY2321-T106749.99,DELTA,74,1000,80,100,34,yes,75,-14
2025-05-23T17:00:59.476879,KXBTCD-25MAY2321-T106749.99,DELTA,74,1000,80,100,35,yes,73,14
2025-05-23T17:00:59.476951,KXBTCD-25MAY2321-T106749.99,DELTA,74,1000,80,100,36,no,18,14
2025-05-23T17:00:59.477386,KXBTCD-25MAY2321-T106749.99,DELTA,74,1000,80,100,37,no,16,-14
2025-05-23T17:01:00.177565,KXBTCD-25MAY2321-T106749.99,DELTA,74,1000,82,14,38,no,20,-100
2025-05-23T17:01:00.177884,KXBTCD-25MAY2321-T106749.99,DELTA,74,1000,82,14,39,yes,73,-100
2025-05-23T17:01:00.236192,KXBTCD-25MAY2321-T106749.99,DELTA,73,14,82,14,40,yes,74,-1000
2025-05-23T17:01:00.276158,KXBTCD-25MAY2321-T106749.99,DELTA,73,14,82,14,41,yes,61,1000
2025-05-23T17:01:01.276748,KXBTCD-25MAY2321-T106749.99,DELTA,73,14,82,14,42,yes,71,100
2025-05-23T17:01:01.295812,KXBTCD-25MAY2321-T106749.99,DELTA,73,14,79,100,43,no,21,100
2025-05-23T17:01:01.355990,KXBTCD-25MAY2321-T106749.99,DELTA,73,14,79,100,44,yes,61,-1000
2025-05-23T17:01:01.436836,KXBTCD-25MAY2321-T106749.99,DELTA,73,14,79,100,45,yes,72,1000
2025-05-23T17:01:02.039223,KXBTCD-25MAY2321-T106749.99,DELTA,73,14,82,14,46,no,21,-100
2025-05-23T17:01:03.316510,KXBTCD-25MAY2321-T106749.99,DELTA,73,14,79,100,47,no,21,100
2025-05-23T17:01:03.455935,KXBTCD-25MAY2321-T106749.99,DELTA,73,14,79,100,48,yes,71,-100
2025-05-23T17:01:03.516173,KXBTCD-25MAY2321-T106749.99,DELTA,73,14,79,100,49,yes,72,-1000
2025-05-23T17:01:03.575725,KXBTCD-25MAY2321-T106749.99,DELTA,73,14,79,100,50,yes,61,1000
2025-05-23T17:01:04.316540,KXBTCD-25MAY2321-T106749.99,DELTA,73,14,82,14,51,no,21,-100
2025-05-23T17:01:04.496130,KXBTCD-25MAY2321-T106749.99,DELTA,73,14,82,14,52,yes,70,100
2025-05-23T17:01:04.556356,KXBTCD-25MAY2321-T106749.99,DELTA,73,14,82,14,53,yes,61,-1000
2025-05-23T17:01:04.596530,KXBTCD-25MAY2321-T106749.99,DELTA,73,14,82,14,54,yes,71,1000
2025-05-23T17:01:05.097139,KXBTCD-25MAY2321-T106749.99,DELTA,73,14,78,100,55,no,22,100
2025-05-23T17:01:05.556709,KXBTCD-25MAY2321-T106749.99,DELTA,73,14,78,100,56,yes,70,-100
2025-05-23T17:01:05.616016,KXBTCD-25MAY2321-T106749.99,DELTA,73,14,78,100,57,yes,71,-1000
2025-05-23T17:01:05.656146,KXBTCD-25MAY2321-T106749.99,DELTA,73,14,78,100,58,yes,61,1000
2025-05-23T17:01:06.335644,KXBTCD-25MAY2321-T106749.99,DELTA,62,3000,78,100,59,yes,73,-14
2025-05-23T17:01:06.336045,KXBTCD-25MAY2321-T106749.99,DELTA,72,14,78,100,60,yes,72,14
2025-05-23T17:01:06.336156,KXBTCD-25MAY2321-T106749.99,DELTA,72,14,78,100,61,no,18,-14
2025-05-23T17:01:06.336237,KXBTCD-25MAY2321-T106749.99,DELTA,72,14,78,100,62,no,19,14
2025-05-23T17:01:07.038230,KXBTCD-25MAY2321-T106749.99,DELTA,72,14,78,100,63,yes,70,100
2025-05-23T17:01:07.096846,KXBTCD-25MAY2321-T106749.99,DELTA,72,14,78,100,64,yes,61,-1000
2025-05-23T17:01:07.157744,KXBTCD-25MAY2321-T106749.99,DELTA,72,14,78,100,65,yes,71,1000
2025-05-23T17:01:08.736583,KXBTCD-25MAY2321-T106749.99,DELTA,73,14,78,100,66,yes,73,14
2025-05-23T17:01:08.737027,KXBTCD-25MAY2321-T106749.99,DELTA,73,14,78,100,67,yes,72,-14
2025-05-23T17:01:08.737346,KXBTCD-25MAY2321-T106749.99,DELTA,73,14,78,100,68,no,18,14
2025-05-23T17:01:08.737461,KXBTCD-25MAY2321-T106749.99,DELTA,73,14,78,100,69,no,19,-14
2025-05-23T17:01:08.936684,KXBTCD-25MAY2321-T106749.99,DELTA,73,14,78,100,70,yes,70,-100
2025-05-23T17:01:08.996026,KXBTCD-25MAY2321-T106749.99,DELTA,73,14,78,100,71,yes,71,-1000
2025-05-23T17:01:09.036411,KXBTCD-25MAY2321-T106749.99,DELTA,73,14,78,100,72,yes,61,1000
2025-05-23T17:01:09.195803,KXBTCD-25MAY2321-T106749.99,DELTA,73,14,82,14,73,no,22,-100
2025-05-23T17:01:10.197123,KXBTCD-25MAY2321-T106749.99,DELTA,73,14,82,14,74,yes,72,100
2025-05-23T17:01:10.263439,KXBTCD-25MAY2321-T106749.99,DELTA,73,14,82,14,75,yes,61,-1000
2025-05-23T17:01:10.316356,KXBTCD-25MAY2321-T106749.99,DELTA,73,1014,82,14,76,yes,73,1000
2025-05-23T17:01:10.816142,KXBTCD-25MAY2321-T106749.99,DELTA,73,1014,80,100,77,no,20,100
2025-05-23T17:01:12.555571,KXBTCD-25MAY2321-T106749.99,DELTA,73,1014,80,100,78,yes,72,14
2025-05-23T17:01:12.555727,KXBTCD-25MAY2321-T106749.99,DELTA,73,1000,80,100,79,yes,73,-14
2025-05-23T17:01:12.576096,KXBTCD-25MAY2321-T106749.99,DELTA,73,1000,80,100,80,no,19,14
2025-05-23T17:01:12.636210,KXBTCD-25MAY2321-T106749.99,DELTA,73,1000,80,100,81,no,18,-14
2025-05-23T17:01:12.655568,KXBTCD-25MAY2321-T106749.99,DELTA,73,1000,81,14,82,no,20,-100
2025-05-23T17:01:12.956938,KXBTCD-25MAY2321-T106749.99,DELTA,73,1000,81,14,83,yes,72,-100
2025-05-23T17:01:13.017553,KXBTCD-25MAY2321-T106749.99,DELTA,72,14,81,14,84,yes,73,-1000
2025-05-23T17:01:13.056082,KXBTCD-25MAY2321-T106749.99,DELTA,72,14,81,14,85,yes,61,1000
2025-05-23T17:01:14.217780,KXBTCD-25MAY2321-T106749.99,DELTA,72,14,78,100,86,no,22,100
2025-05-23T17:01:14.236932,KXBTCD-25MAY2321-T106749.99,DELTA,72,14,78,100,87,yes,70,100
2025-05-23T17:01:14.277016,KXBTCD-25MAY2321-T106749.99,DELTA,70,100,78,100,88,yes,72,-14
2025-05-23T17:01:14.277321,KXBTCD-25MAY2321-T106749.99,DELTA,70,114,78,100,89,yes,70,14
2025-05-23T17:01:14.296322,KXBTCD-25MAY2321-T106749.99,DELTA,70,114,78,100,90,no,19,-14
2025-05-23T17:01:14.296604,KXBTCD-25MAY2321-T106749.99,DELTA,70,114,78,100,91,no,21,14
2025-05-23T17:01:14.316895,KXBTCD-25MAY2321-T106749.99,DELTA,70,114,78,100,92,yes,61,-1000
2025-05-23T17:01:14.317350,KXBTCD-25MAY2321-T106749.99,DELTA,70,114,78,100,93,yes,61,-2000
2025-05-23T17:01:14.415823,KXBTCD-25MAY2321-T106749.99,DELTA,70,114,78,100,94,yes,60,-200
2025-05-23T17:01:14.416078,KXBTCD-25MAY2321-T106749.99,DELTA,70,114,78,100,95,yes,50,200
2025-05-23T17:01:14.515998,KXBTCD-25MAY2321-T106749.99,DELTA,70,14,78,100,96,yes,70,-100
2025-05-23T17:01:14.977986,KXBTCD-25MAY2321-T106749.99,DELTA,70,14,78,100,97,yes,51,2000
2025-05-23T17:01:14.978302,KXBTCD-25MAY2321-T106749.99,DELTA,70,14,78,100,98,yes,51,1000
2025-05-23T17:01:15.015629,KXBTCD-25MAY2321-T106749.99,DELTA,70,14,79,14,99,no,22,-100
2025-05-23T17:01:15.177237,KXBTCD-25MAY2321-T106749.99,DELTA,70,14,79,14,100,yes,62,-3000
2025-05-23T17:01:15.257665,KXBTCD-25MAY2321-T106749.99,DELTA,70,14,79,14,101,yes,56,3000
2025-05-23T17:01:15.296754,KXBTCD-25MAY2321-T106749.99,DELTA,70,14,79,14,102,yes,69,100
2025-05-23T17:01:15.419125,KXBTCD-25MAY2321-T106749.99,DELTA,70,14,79,14,103,yes,51,-1000
2025-05-23T17:01:15.477580,KXBTCD-25MAY2321-T106749.99,DELTA,70,1014,79,14,104,yes,70,1000
2025-05-23T17:01:15.916095,KXBTCD-25MAY2321-T106749.99,DELTA,70,1014,76,100,105,no,24,100
2025-05-23T17:01:16.395931,KXBTCD-25MAY2321-T106749.99,DELTA,70,1014,76,100,106,yes,69,-100
2025-05-23T17:01:16.415955,KXBTCD-25MAY2321-T106749.99,DELTA,70,1014,79,14,107,no,24,-100
2025-05-23T17:01:16.495553,KXBTCD-25MAY2321-T106749.99,DELTA,70,14,79,14,108,yes,70,-1000
2025-05-23T17:01:16.575513,KXBTCD-25MAY2321-T106749.99,DELTA,70,14,79,14,109,yes,51,1000
2025-05-23T17:01:17.495149,KXBTCD-25MAY2321-T106749.99,DELTA,70,14,77,100,110,no,23,100
2025-05-23T17:01:17.495330,KXBTCD-25MAY2321-T106749.99,DELTA,70,14,77,100,111,yes,69,100
2025-05-23T17:01:17.516101,KXBTCD-25MAY2321-T106749.99,DELTA,70,14,73,24,112,no,27,24
2025-05-23T17:01:17.555632,KXBTCD-25MAY2321-T106749.99,DELTA,70,14,73,24,113,yes,51,-1000
2025-05-23T17:01:17.677593,KXBTCD-25MAY2321-T106749.99,DELTA,70,1014,73,24,114,yes,70,1000
2025-05-23T17:01:17.816695,KXBTCD-25MAY2321-T106749.99,DELTA,70,1014,73,24,115,yes,69,-100
2025-05-23T17:01:17.897439,KXBTCD-25MAY2321-T106749.99,DELTA,70,14,73,24,116,yes,70,-1000
2025-05-23T17:01:17.957068,KXBTCD-25MAY2321-T106749.99,DELTA,70,14,73,24,117,yes,51,1000
2025-05-23T17:01:18.996446,KXBTCD-25MAY2321-T106749.99,DELTA,70,14,73,24,118,yes,69,100
2025-05-23T17:01:19.117619,KXBTCD-25MAY2321-T106749.99,DELTA,70,14,73,24,119,yes,51,-1000
2025-05-23T17:01:19.215852,KXBTCD-25MAY2321-T106749.99,DELTA,70,1014,73,24,120,yes,70,1000
2025-05-23T17:01:19.495363,KXBTCD-25MAY2321-T106749.99,DELTA,70,1014,73,24,121,no,23,-100
2025-05-23T17:01:21.315979,KXBTCD-25MAY2321-T106749.99,DELTA,70,1014,73,24,122,yes,35,-925
2025-05-23T17:01:21.316739,KXBTCD-25MAY2321-T106749.99,DELTA,70,1014,73,24,123,yes,4,8100
2025-05-23T17:01:21.416290,KXBTCD-25MAY2321-T106749.99,DELTA,70,1014,73,24,124,no,24,100
2025-05-23T17:01:21.495403,KXBTCD-25MAY2321-T106749.99,DELTA,70,1014,76,100,125,no,27,-24
2025-05-23T17:01:21.635761,KXBTCD-25MAY2321-T106749.99,DELTA,70,1014,76,100,126,yes,5,20000
2025-05-23T17:01:22.596317,KXBTCD-25MAY2321-T106749.99,DELTA,70,1014,76,100,127,yes,4,-8100
2025-05-23T17:01:22.596845,KXBTCD-25MAY2321-T106749.99,DELTA,70,1014,76,100,128,yes,6,5400
2025-05-23T17:01:22.657580,KXBTCD-25MAY2321-T106749.99,DELTA,70,1014,76,100,129,yes,5,-20000
2025-05-23T17:01:22.697567,KXBTCD-25MAY2321-T106749.99,DELTA,70,1014,76,100,130,yes,7,20000
2025-05-23T17:01:23.776085,KXBTCD-25MAY2321-T106749.99,DELTA,70,1014,76,100,131,yes,6,-5400
2025-05-23T17:01:23.776378,KXBTCD-25MAY2321-T106749.99,DELTA,70,1014,76,100,132,yes,8,4050
2025-05-23T17:01:23.836556,KXBTCD-25MAY2321-T106749.99,DELTA,70,1014,76,100,133,yes,7,-20000
2025-05-23T17:01:23.878424,KXBTCD-25MAY2321-T106749.99,DELTA,70,1014,76,100,134,yes,9,20000
2025-05-23T17:01:25.037544,KXBTCD-25MAY2321-T106749.99,DELTA,70,1014,76,100,135,yes,8,-4050
2025-05-23T17:01:25.038199,KXBTCD-25MAY2321-T106749.99,DELTA,70,1014,76,100,136,yes,10,3240
2025-05-23T17:01:25.117333,KXBTCD-25MAY2321-T106749.99,DELTA,70,1014,76,100,137,yes,9,-20000
2025-05-23T17:01:25.155874,KXBTCD-25MAY2321-T106749.99,DELTA,70,1014,76,100,138,yes,11,20000
2025-05-23T17:01:26.236268,KXBTCD-25MAY2321-T106749.99,DELTA,70,1014,76,100,139,yes,10,-3240
2025-05-23T17:01:26.236562,KXBTCD-25MAY2321-T106749.99,DELTA,70,1014,76,100,140,yes,12,2700
2025-05-23T17:01:26.316455,KXBTCD-25MAY2321-T106749.99,DELTA,70,1014,76,100,141,yes,11,-20000
2025-05-23T17:01:27.035919,KXBTCD-25MAY2321-T106749.99,DELTA,70,1014,79,14,142,no,24,-100
2025-05-23T17:01:27.057811,KXBTCD-25MAY2321-T106749.99,DELTA,70,1014,79,14,143,yes,69,-100
2025-05-23T17:01:27.117946,KXBTCD-25MAY2321-T106749.99,DELTA,70,14,79,14,144,yes,70,-1000
2025-05-23T17:01:27.156331,KXBTCD-25MAY2321-T106749.99,DELTA,70,14,79,14,145,yes,51,1000
2025-05-23T17:01:27.336120,KXBTCD-25MAY2321-T106749.99,DELTA,70,14,79,14,146,yes,50,-200
2025-05-23T17:01:27.336448,KXBTCD-25MAY2321-T106749.99,DELTA,70,14,79,14,147,yes,60,200
2025-05-23T17:01:27.396201,KXBTCD-25MAY2321-T106749.99,DELTA,70,14,79,14,148,yes,51,-2000
2025-05-23T17:01:27.418766,KXBTCD-25MAY2321-T106749.99,DELTA,70,14,79,14,149,yes,51,-1000
2025-05-23T17:01:27.455962,KXBTCD-25MAY2321-T106749.99,DELTA,70,14,79,14,150,yes,61,1000
2025-05-23T17:01:27.456161,KXBTCD-25MAY2321-T106749.99,DELTA,70,14,79,14,151,yes,61,2000
2025-05-23T17:01:27.716285,KXBTCD-25MAY2321-T106749.99,DELTA,71,100,79,14,152,yes,71,100
2025-05-23T17:01:27.736893,KXBTCD-25MAY2321-T106749.99,DELTA,71,100,79,114,153,no,21,100
2025-05-23T17:01:27.795917,KXBTCD-25MAY2321-T106749.99,DELTA,71,100,79,114,154,yes,61,-1000
2025-05-23T17:01:27.856564,KXBTCD-25MAY2321-T106749.99,DELTA,72,1000,79,114,155,yes,72,1000
2025-05-23T17:01:28.976191,KXBTCD-25MAY2321-T106749.99,DELTA,72,1000,79,114,156,yes,12,-2700
2025-05-23T17:01:28.976761,KXBTCD-25MAY2321-T106749.99,DELTA,72,1000,79,114,157,yes,4,8100
2025-05-23T17:01:29.058433,KXBTCD-25MAY2321-T106749.99,DELTA,72,1000,79,114,158,yes,5,20000
2025-05-23T17:01:29.097909,KXBTCD-25MAY2321-T106749.99,DELTA,72,1014,79,114,159,yes,72,14
2025-05-23T17:01:29.101502,KXBTCD-25MAY2321-T106749.99,DELTA,72,1014,79,114,160,yes,70,-14
2025-05-23T17:01:29.102162,KXBTCD-25MAY2321-T106749.99,DELTA,72,1014,79,100,161,no,21,-14
2025-05-23T17:01:29.102629,KXBTCD-25MAY2321-T106749.99,DELTA,72,1014,79,100,162,no,19,14
2025-05-23T17:01:32.055924,KXBTCD-25MAY2321-T106749.99,DELTA,72,1014,79,100,163,yes,71,-100
2025-05-23T17:01:32.117361,KXBTCD-25MAY2321-T106749.99,DELTA,72,14,79,100,164,yes,72,-1000
2025-05-23T17:01:32.256414,KXBTCD-25MAY2321-T106749.99,DELTA,72,14,79,100,165,yes,61,1000
2025-05-23T17:01:32.558107,KXBTCD-25MAY2321-T106749.99,DELTA,72,14,81,14,166,no,21,-100
2025-05-23T17:01:33.095816,KXBTCD-25MAY2321-T106749.99,DELTA,72,114,81,14,167,yes,72,100
2025-05-23T17:01:33.156572,KXBTCD-25MAY2321-T106749.99,DELTA,72,114,81,14,168,yes,61,-1000
2025-05-23T17:01:33.255364,KXBTCD-25MAY2321-T106749.99,DELTA,73,1000,81,14,169,yes,73,1000
2025-05-23T17:01:33.737177,KXBTCD-25MAY2321-T106749.99,DELTA,73,1000,79,100,170,no,21,100
2025-05-23T17:01:34.216482,KXBTCD-25MAY2321-T106749.99,DELTA,73,1000,79,100,171,yes,4,-8100
2025-05-23T17:01:34.217050,KXBTCD-25MAY2321-T106749.99,DELTA,73,1000,79,100,172,yes,6,5400
2025-05-23T17:01:34.295785,KXBTCD-25MAY2321-T106749.99,DELTA,73,1000,79,100,173,yes,5,-20000
2025-05-23T17:01:34.336065,KXBTCD-25MAY2321-T106749.99,DELTA,73,1000,79,100,174,yes,7,20000
2025-05-23T17:01:35.436210,KXBTCD-25MAY2321-T106749.99,DELTA,73,1000,79,100,175,yes,6,-5400
2025-05-23T17:01:35.436717,KXBTCD-25MAY2321-T106749.99,DELTA,73,1000,79,100,176,yes,8,4050
2025-05-23T17:01:35.516154,KXBTCD-25MAY2321-T106749.99,DELTA,73,1000,79,100,177,yes,7,-20000
2025-05-23T17:01:35.576575,KXBTCD-25MAY2321-T106749.99,DELTA,73,1000,79,100,178,yes,9,20000
2025-05-23T17:01:36.655640,KXBTCD-25MAY2321-T106749.99,DELTA,73,1000,79,100,179,yes,8,-4050
2025-05-23T17:01:36.655988,KXBTCD-25MAY2321-T106749.99,DELTA,73,1000,79,100,180,yes,10,3240
2025-05-23T17:01:36.737175,KXBTCD-25MAY2321-T106749.99,DELTA,73,1000,79,100,181,yes,9,-20000
2025-05-23T17:01:36.796198,KXBTCD-25MAY2321-T106749.99,DELTA,73,1000,79,100,182,yes,11,20000
2025-05-23T17:01:37.896593,KXBTCD-25MAY2321-T106749.99,DELTA,73,1000,79,100,183,yes,10,-3240
2025-05-23T17:01:37.896896,KXBTCD-25MAY2321-T106749.99,DELTA,73,1000,79,100,184,yes,12,2700
2025-05-23T17:01:37.979019,KXBTCD-25MAY2321-T106749.99,DELTA,73,1000,79,100,185,yes,11,-20000
2025-05-23T17:01:39.076185,KXBTCD-25MAY2321-T106749.99,DELTA,73,1000,79,100,186,yes,12,-2700
2025-05-23T17:01:39.077259,KXBTCD-25MAY2321-T106749.99,DELTA,73,1000,79,100,187,yes,4,8100
2025-05-23T17:01:39.136361,KXBTCD-25MAY2321-T106749.99,DELTA,73,1000,79,100,188,yes,5,20000
2025-05-23T17:01:39.535165,KXBTCD-25MAY2321-T106749.99,DELTA,73,1000,81,14,189,no,21,-100
2025-05-23T17:01:39.554939,KXBTCD-25MAY2321-T106749.99,DELTA,73,1000,81,14,190,yes,72,-100
2025-05-23T17:01:39.635255,KXBTCD-25MAY2321-T106749.99,DELTA,72,14,81,14,191,yes,73,-1000
2025-05-23T17:01:39.695288,KXBTCD-25MAY2321-T106749.99,DELTA,72,14,81,14,192,yes,61,1000
2025-05-23T17:01:40.887775,KXBTCD-25MAY2321-T106749.99,DELTA,72,14,81,14,193,yes,70,100
2025-05-23T17:01:40.888729,KXBTCD-25MAY2321-T106749.99,DELTA,72,14,78,100,194,no,22,100
2025-05-23T17:01:40.918183,KXBTCD-25MAY2321-T106749.99,DELTA,72,14,78,100,195,yes,61,-1000
2025-05-23T17:01:40.979402,KXBTCD-25MAY2321-T106749.99,DELTA,72,14,78,100,196,yes,71,1000
2025-05-23T17:01:42.376314,KXBTCD-25MAY2321-T106749.99,DELTA,72,14,78,100,197,yes,4,-8100
2025-05-23T17:01:42.376518,KXBTCD-25MAY2321-T106749.99,DELTA,72,14,78,100,198,yes,6,5400
2025-05-23T17:01:42.435276,KXBTCD-25MAY2321-T106749.99,DELTA,72,14,78,100,199,yes,5,-20000
2025-05-23T17:01:42.475062,KXBTCD-25MAY2321-T106749.99,DELTA,72,14,78,100,200,yes,7,20000
2025-05-23T17:01:43.577571,KXBTCD-25MAY2321-T106749.99,DELTA,72,14,78,100,201,yes,70,-100
2025-05-23T17:01:43.636870,KXBTCD-25MAY2321-T106749.99,DELTA,72,14,78,100,202,yes,71,-1000
2025-05-23T17:01:43.675868,KXBTCD-25MAY2321-T106749.99,DELTA,72,14,78,100,203,yes,61,1000
2025-05-23T17:01:44.615543,KXBTCD-25MAY2321-T106749.99,DELTA,72,14,78,100,204,yes,71,100
2025-05-23T17:01:44.716282,KXBTCD-25MAY2321-T106749.99,DELTA,72,14,78,100,205,yes,61,-1000
2025-05-23T17:01:44.755444,KXBTCD-25MAY2321-T106749.99,DELTA,72,1014,78,100,206,yes,72,1000
2025-05-23T17:01:48.357125,KXBTCD-25MAY2321-T106749.99,DELTA,72,1014,78,100,207,yes,6,-5400
2025-05-23T17:01:48.357915,KXBTCD-25MAY2321-T106749.99,DELTA,72,1014,78,100,208,yes,35,925
2025-05-23T17:01:48.416754,KXBTCD-25MAY2321-T106749.99,DELTA,72,1014,78,100,209,yes,7,-20000
2025-05-23T17:01:48.936493,KXBTCD-25MAY2321-T106749.99,DELTA,72,1014,81,14,210,no,22,-100
2025-05-23T17:01:48.955277,KXBTCD-25MAY2321-T106749.99,DELTA,72,1014,81,14,211,yes,71,-100
2025-05-23T17:01:49.055970,KXBTCD-25MAY2321-T106749.99,DELTA,72,14,81,14,212,yes,72,-1000
2025-05-23T17:01:49.096216,KXBTCD-25MAY2321-T106749.99,DELTA,72,14,81,14,213,yes,61,1000
2025-05-23T17:01:49.914698,KXBTCD-25MAY2321-T106749.99,DELTA,72,14,81,14,214,yes,71,100
2025-05-23T17:01:49.915125,KXBTCD-25MAY2321-T106749.99,DELTA,72,14,79,100,215,no,21,100
2025-05-23T17:01:49.977941,KXBTCD-25MAY2321-T106749.99,DELTA,72,14,79,100,216,yes,61,-1000
2025-05-23T17:01:50.036099,KXBTCD-25MAY2321-T106749.99,DELTA,72,1014,79,100,217,yes,72,1000
2025-05-23T17:01:50.457549,KXBTCD-25MAY2321-T106749.99,DELTA,72,1014,79,100,218,yes,71,-100
2025-05-23T17:01:50.515420,KXBTCD-25MAY2321-T106749.99,DELTA,72,14,79,100,219,yes,72,-1000
2025-05-23T17:01:50.576502,KXBTCD-25MAY2321-T106749.99,DELTA,72,14,79,100,220,yes,61,1000
2025-05-23T17:01:51.695343,KXBTCD-25MAY2321-T106749.99,DELTA,72,14,79,100,221,yes,71,100
2025-05-23T17:01:51.756411,KXBTCD-25MAY2321-T106749.99,DELTA,72,14,79,100,222,yes,61,-1000
2025-05-23T17:01:51.795866,KXBTCD-25MAY2321-T106749.99,DELTA,72,1014,79,100,223,yes,72,1000
2025-05-23T17:01:56.237330,KXBTCD-25MAY2321-T106749.99,DELTA,72,1014,81,14,224,no,21,-100
2025-05-23T17:01:57.715958,KXBTCD-25MAY2321-T106749.99,DELTA,72,1014,79,100,225,no,21,100
2025-05-23T17:01:57.996116,KXBTCD-25MAY2321-T106749.99,DELTA,72,1014,81,14,226,no,21,-100
2025-05-23T17:01:58.757165,KXBTCD-25MAY2321-T106749.99,DELTA,72,1014,78,100,227,no,22,100
2025-05-23T17:01:59.577805,KXBTCD-25MAY2321-T106749.99,DELTA,72,1014,81,14,228,no,22,-100
2025-05-23T17:01:59.578070,KXBTCD-25MAY2321-T106749.99,DELTA,72,1014,81,14,229,yes,71,-100
2025-05-23T17:01:59.636090,KXBTCD-25MAY2321-T106749.99,DELTA,72,14,81,14,230,yes,72,-1000
2025-05-23T17:01:59.716552,KXBTCD-25MAY2321-T106749.99,DELTA,72,14,81,14,231,yes,61,1000
2025-05-23T17:02:00.336385,KXBTCD-25MAY2321-T106749.99,DELTA,72,14,81,14,232,yes,70,100
2025-05-23T17:02:00.337244,KXBTCD-25MAY2321-T106749.99,DELTA,72,14,78,100,233,no,22,100
2025-05-23T17:02:00.378481,KXBTCD-25MAY2321-T106749.99,DELTA,72,14,78,100,234,yes,70,14
2025-05-23T17:02:00.379303,KXBTCD-25MAY2321-T106749.99,DELTA,70,114,78,100,235,yes,72,-14
2025-05-23T17:02:00.379809,KXBTCD-25MAY2321-T106749.99,DELTA,70,114,78,100,236,no,19,-14
2025-05-23T17:02:00.380242,KXBTCD-25MAY2321-T106749.99,DELTA,70,114,78,100,237,no,21,14
2025-05-23T17:02:00.416493,KXBTCD-25MAY2321-T106749.99,DELTA,70,114,78,100,238,yes,61,-1000
2025-05-23T17:02:00.496310,KXBTCD-25MAY2321-T106749.99,DELTA,71,1000,78,100,239,yes,71,1000
2025-05-23T17:02:00.617802,KXBTCD-25MAY2321-T106749.99,DELTA,71,1000,78,100,240,yes,60,-200
2025-05-23T17:02:00.618474,KXBTCD-25MAY2321-T106749.99,DELTA,71,1000,78,100,241,yes,50,200
2025-05-23T17:02:00.618693,KXBTCD-25MAY2321-T106749.99,DELTA,71,1000,79,14,242,no,22,-100
2025-05-23T17:02:00.675663,KXBTCD-25MAY2321-T106749.99,DELTA,71,1000,79,14,243,yes,61,-2000
2025-05-23T17:02:00.716460,KXBTCD-25MAY2321-T106749.99,DELTA,71,1000,79,14,244,yes,51,2000
2025-05-23T17:02:01.716115,KXBTCD-25MAY2321-T106749.99,DELTA,71,1000,79,14,245,yes,70,-100
2025-05-23T17:02:01.796454,KXBTCD-25MAY2321-T106749.99,DELTA,70,14,79,14,246,yes,71,-1000
2025-05-23T17:02:01.875177,KXBTCD-25MAY2321-T106749.99,DELTA,70,14,79,14,247,yes,51,1000
2025-05-23T17:02:02.136129,KXBTCD-25MAY2321-T106749.99,DELTA,70,14,76,100,248,no,24,100
2025-05-23T17:02:02.756952,KXBTCD-25MAY2321-T106749.99,DELTA,70,14,76,100,249,yes,68,100
2025-05-23T17:02:02.816297,KXBTCD-25MAY2321-T106749.99,DELTA,70,14,76,100,250,yes,51,-1000
2025-05-23T17:02:02.881835,KXBTCD-25MAY2321-T106749.99,DELTA,70,14,76,100,251,yes,69,1000
2025-05-23T17:02:02.907252,KXBTCD-25MAY2321-T106749.99,DELTA,69,1000,76,100,252,yes,70,-14
2025-05-23T17:02:02.907460,KXBTCD-25MAY2321-T106749.99,DELTA,69,1000,76,100,253,no,21,-14
2025-05-23T17:02:02.907710,KXBTCD-25MAY2321-T106749.99,DELTA,69,1000,97,80000,254,no,24,-100
2025-05-23T17:02:02.907797,KXBTCD-25MAY2321-T106749.99,DELTA,69,1000,97,80000,255,yes,68,14
2025-05-23T17:02:02.921019,KXBTCD-25MAY2321-T106749.99,DELTA,69,1000,77,14,256,no,23,14
2025-05-23T17:02:04.077481,KXBTCD-25MAY2321-T106749.99,DELTA,69,1000,77,14,257,yes,68,-100
2025-05-23T17:02:04.116845,KXBTCD-25MAY2321-T106749.99,DELTA,69,1000,74,100,258,no,26,100
2025-05-23T17:02:04.136848,KXBTCD-25MAY2321-T106749.99,DELTA,68,14,74,100,259,yes,69,-1000
2025-05-23T17:02:04.178607,KXBTCD-25MAY2321-T106749.99,DELTA,68,14,74,100,260,yes,51,1000
2025-05-23T17:02:05.276381,KXBTCD-25MAY2321-T106749.99,DELTA,68,14,74,100,261,yes,35,-925
2025-05-23T17:02:05.277234,KXBTCD-25MAY2321-T106749.99,DELTA,68,14,74,100,262,yes,34,952
2025-05-23T17:02:05.395160,KXBTCD-25MAY2321-T106749.99,DELTA,68,14,77,14,263,no,26,-100
2025-05-23T17:02:05.555793,KXBTCD-25MAY2321-T106749.99,DELTA,68,114,77,14,264,yes,68,100
2025-05-23T17:02:05.615843,KXBTCD-25MAY2321-T106749.99,DELTA,68,114,77,14,265,yes,51,-1000
2025-05-23T17:02:05.695254,KXBTCD-25MAY2321-T106749.99,DELTA,69,1000,77,14,266,yes,69,1000
2025-05-23T17:02:06.796357,KXBTCD-25MAY2321-T106749.99,DELTA,69,1000,76,100,267,no,24,100
2025-05-23T17:02:08.481085,KXBTCD-25MAY2321-T106749.99,DELTA,69,1000,76,100,268,yes,34,-8000
2025-05-23T17:02:08.535622,KXBTCD-25MAY2321-T106749.99,DELTA,69,1000,77,14,269,no,24,-100
2025-05-23T17:02:08.535981,KXBTCD-25MAY2321-T106749.99,DELTA,69,1000,77,14,270,yes,15,8000
2025-05-23T17:02:08.595473,KXBTCD-25MAY2321-T106749.99,DELTA,69,1000,77,14,271,yes,34,-952
2025-05-23T17:02:08.596254,KXBTCD-25MAY2321-T106749.99,DELTA,69,1000,77,14,272,yes,4,8100
2025-05-23T17:02:08.676222,KXBTCD-25MAY2321-T106749.99,DELTA,69,1000,77,14,273,yes,5,20000
2025-05-23T17:02:08.776366,KXBTCD-25MAY2321-T106749.99,DELTA,69,1000,77,14,274,yes,68,-100
2025-05-23T17:02:08.836379,KXBTCD-25MAY2321-T106749.99,DELTA,68,14,77,14,275,yes,69,-1000
2025-05-23T17:02:08.896108,KXBTCD-25MAY2321-T106749.99,DELTA,68,14,77,14,276,yes,51,1000
2025-05-23T17:02:09.016896,KXBTCD-25MAY2321-T106749.99,DELTA,68,14,77,14,277,yes,15,-8000
2025-05-23T17:02:09.057759,KXBTCD-25MAY2321-T106749.99,DELTA,68,14,77,14,278,yes,18,8000
2025-05-23T17:02:09.435870,KXBTCD-25MAY2321-T106749.99,DELTA,68,14,75,100,279,no,25,100
2025-05-23T17:02:09.996261,KXBTCD-25MAY2321-T106749.99,DELTA,68,14,75,100,280,yes,67,100
2025-05-23T17:02:10.077644,KXBTCD-25MAY2321-T106749.99,DELTA,68,14,75,100,281,yes,51,-1000
2025-05-23T17:02:10.136489,KXBTCD-25MAY2321-T106749.99,DELTA,68,1014,75,100,282,yes,68,1000
2025-05-23T17:02:10.535975,KXBTCD-25MAY2321-T106749.99,DELTA,68,1014,75,100,283,yes,67,-100
2025-05-23T17:02:10.596592,KXBTCD-25MAY2321-T106749.99,DELTA,68,14,75,100,284,yes,68,-1000
2025-05-23T17:02:10.656997,KXBTCD-25MAY2321-T106749.99,DELTA,68,14,75,100,285,yes,51,1000
2025-05-23T17:02:11.452985,KXBTCD-25MAY2321-T106749.99,DELTA,68,14,77,14,286,no,25,-100
2025-05-23T17:02:11.476216,KXBTCD-25MAY2321-T106749.99,DELTA,69,100,77,14,287,yes,69,100
2025-05-23T17:02:11.556725,KXBTCD-25MAY2321-T106749.99,DELTA,69,100,77,14,288,yes,51,-1000
2025-05-23T17:02:11.597068,KXBTCD-25MAY2321-T106749.99,DELTA,70,1000,77,14,289,yes,70,1000
2025-05-23T17:02:12.956280,KXBTCD-25MAY2321-T106749.99,DELTA,70,1000,76,100,290,no,24,100
2025-05-23T17:02:14.474686,KXBTCD-25MAY2321-T106749.99,DELTA,70,1000,77,14,291,no,24,-100
2025-05-23T17:02:14.475165,KXBTCD-25MAY2321-T106749.99,DELTA,70,1000,77,14,292,yes,69,-100
2025-05-23T17:02:14.515748,KXBTCD-25MAY2321-T106749.99,DELTA,70,1000,77,14,293,yes,4,-8100
2025-05-23T17:02:14.515891,KXBTCD-25MAY2321-T106749.99,DELTA,70,1000,77,14,294,yes,19,1705
2025-05-23T17:02:14.538578,KXBTCD-25MAY2321-T106749.99,DELTA,68,14,77,14,295,yes,70,-1000
2025-05-23T17:02:14.576792,KXBTCD-25MAY2321-T106749.99,DELTA,68,14,77,14,296,yes,5,-20000
2025-05-23T17:02:14.578488,KXBTCD-25MAY2321-T106749.99,DELTA,68,14,77,14,297,yes,51,1000
2025-05-23T17:02:15.817070,KXBTCD-25MAY2321-T106749.99,DELTA,68,14,77,14,298,yes,67,100
2025-05-23T17:02:15.817401,KXBTCD-25MAY2321-T106749.99,DELTA,68,14,75,100,299,no,25,100
2025-05-23T17:02:15.876890,KXBTCD-25MAY2321-T106749.99,DELTA,68,14,75,100,300,yes,51,-1000
2025-05-23T17:02:15.956898,KXBTCD-25MAY2321-T106749.99,DELTA,68,1014,75,100,301,yes,68,1000
2025-05-23T17:02:17.435220,KXBTCD-25MAY2321-T106749.99,DELTA,68,1014,75,100,302,yes,67,-100
2025-05-23T17:02:17.515537,KXBTCD-25MAY2321-T106749.99,DELTA,68,14,75,100,303,yes,68,-1000
2025-05-23T17:02:17.575630,KXBTCD-25MAY2321-T106749.99,DELTA,68,14,75,100,304,yes,51,1000
2025-05-23T17:02:18.916918,KXBTCD-25MAY2321-T106749.99,DELTA,68,14,75,100,305,yes,67,100
2025-05-23T17:02:19.199444,KXBTCD-25MAY2321-T106749.99,DELTA,68,14,75,100,306,yes,51,-1000
2025-05-23T17:02:19.317450,KXBTCD-25MAY2321-T106749.99,DELTA,68,1014,75,100,307,yes,68,1000
2025-05-23T17:02:19.816263,KXBTCD-25MAY2321-T106749.99,DELTA,68,1000,75,100,308,yes,68,-14
2025-05-23T17:02:19.817205,KXBTCD-25MAY2321-T106749.99,DELTA,68,1000,75,100,309,yes,67,14
2025-05-23T17:02:19.896764,KXBTCD-25MAY2321-T106749.99,DELTA,68,1000,75,100,310,no,23,-14
2025-05-23T17:02:19.898042,KXBTCD-25MAY2321-T106749.99,DELTA,68,1000,75,100,311,no,24,14
2025-05-23T17:02:20.616538,KXBTCD-25MAY2321-T106749.99,DELTA,68,1000,76,14,312,no,25,-100
2025-05-23T17:02:20.635521,KXBTCD-25MAY2321-T106749.99,DELTA,68,1000,76,14,313,yes,67,-100
2025-05-23T17:02:20.715963,KXBTCD-25MAY2321-T106749.99,DELTA,67,14,76,14,314,yes,68,-1000
2025-05-23T17:02:20.776225,KXBTCD-25MAY2321-T106749.99,DELTA,67,14,76,14,315,yes,51,1000
2025-05-23T17:02:21.475943,KXBTCD-25MAY2321-T106749.99,DELTA,67,14,73,100,316,no,27,100
2025-05-23T17:02:21.476338,KXBTCD-25MAY2321-T106749.99,DELTA,67,14,73,100,317,yes,65,100
2025-05-23T17:02:21.535971,KXBTCD-25MAY2321-T106749.99,DELTA,67,14,73,100,318,yes,51,-1000
2025-05-23T17:02:21.575945,KXBTCD-25MAY2321-T106749.99,DELTA,67,14,73,100,319,yes,66,1000
2025-05-23T17:02:24.966999,KXBTCD-25MAY2321-T106749.99,DELTA,66,1000,73,100,320,yes,67,-14
2025-05-23T17:02:24.977552,KXBTCD-25MAY2321-T106749.99,DELTA,66,1000,73,100,321,no,24,-14
2025-05-23T17:02:24.978079,KXBTCD-25MAY2321-T106749.99,DELTA,66,1000,73,100,322,yes,65,14
2025-05-23T17:02:24.997317,KXBTCD-25MAY2321-T106749.99,DELTA,66,1000,73,100,323,no,26,14
2025-05-23T17:02:26.036127,KXBTCD-25MAY2321-T106749.99,DELTA,66,1000,74,14,324,no,27,-100
2025-05-23T17:02:27.424042,KXBTCD-25MAY2321-T106749.99,DELTA,66,1000,72,100,325,no,28,100
2025-05-23T17:02:40.429305,KXBTCD-25MAY2321-T106749.99,DELTA,66,1014,72,100,326,yes,66,14
2025-05-23T17:02:40.430728,KXBTCD-25MAY2321-T106749.99,DELTA,66,1014,72,100,327,yes,65,-14
2025-05-23T17:02:40.430915,KXBTCD-25MAY2321-T106749.99,DELTA,66,1014,72,100,328,no,25,14
2025-05-23T17:02:40.431053,KXBTCD-25MAY2321-T106749.99,DELTA,66,1014,72,100,329,no,26,-14
2025-05-23T17:02:46.938509,KXBTCD-25MAY2321-T106749.99,DELTA,66,1014,72,100,330,yes,65,-100
2025-05-23T17:02:46.956250,KXBTCD-25MAY2321-T106749.99,DELTA,66,1014,75,14,331,no,28,-100
2025-05-23T17:02:47.015963,KXBTCD-25MAY2321-T106749.99,DELTA,66,14,75,14,332,yes,66,-1000
2025-05-23T17:02:47.076974,KXBTCD-25MAY2321-T106749.99,DELTA,66,14,75,14,333,yes,51,1000
2025-05-23T17:02:48.416048,KXBTCD-25MAY2321-T106749.99,DELTA,66,114,75,14,334,yes,66,100
2025-05-23T17:02:48.440377,KXBTCD-25MAY2321-T106749.99,DELTA,66,114,74,100,335,no,26,100
2025-05-23T17:02:48.498315,KXBTCD-25MAY2321-T106749.99,DELTA,66,114,74,100,336,yes,51,-1000
2025-05-23T17:02:48.555542,KXBTCD-25MAY2321-T106749.99,DELTA,67,1000,74,100,337,yes,67,1000
2025-05-23T17:02:48.736350,KXBTCD-25MAY2321-T106749.99,DELTA,67,1000,75,14,338,no,26,-100
2025-05-23T17:02:49.575736,KXBTCD-25MAY2321-T106749.99,DELTA,67,1000,73,100,339,no,27,100
2025-05-23T17:02:50.396473,KXBTCD-25MAY2321-T106749.99,DELTA,67,1000,73,100,340,yes,66,-100
2025-05-23T17:02:50.481953,KXBTCD-25MAY2321-T106749.99,DELTA,66,14,73,100,341,yes,67,-1000
2025-05-23T17:02:50.516267,KXBTCD-25MAY2321-T106749.99,DELTA,66,14,73,100,342,yes,51,1000
2025-05-23T17:02:51.115290,KXBTCD-25MAY2321-T106749.99,DELTA,66,14,73,100,343,yes,64,14
2025-05-23T17:02:51.137663,KXBTCD-25MAY2321-T106749.99,DELTA,66,14,73,114,344,no,27,14
2025-05-23T17:02:51.138019,KXBTCD-25MAY2321-T106749.99,DELTA,64,14,73,114,345,yes,66,-14
2025-05-23T17:02:51.138202,KXBTCD-25MAY2321-T106749.99,DELTA,64,14,73,114,346,no,25,-14
2025-05-23T17:02:51.175898,KXBTCD-25MAY2321-T106749.99,DELTA,64,14,73,14,347,no,27,-100
2025-05-23T17:02:51.836957,KXBTCD-25MAY2321-T106749.99,DELTA,64,14,73,14,348,yes,63,100
2025-05-23T17:02:51.915476,KXBTCD-25MAY2321-T106749.99,DELTA,64,14,73,14,349,yes,56,-3000
2025-05-23T17:02:51.976418,KXBTCD-25MAY2321-T106749.99,DELTA,64,14,73,14,350,yes,49,3000
2025-05-23T17:02:51.977598,KXBTCD-25MAY2321-T106749.99,DELTA,64,14,73,14,351,yes,51,-1000
2025-05-23T17:02:52.016995,KXBTCD-25MAY2321-T106749.99,DELTA,64,1014,73,14,352,yes,64,1000
2025-05-23T17:02:52.716823,KXBTCD-25MAY2321-T106749.99,DELTA,64,1014,71,100,353,no,29,100
2025-05-23T17:02:53.636566,KXBTCD-25MAY2321-T106749.99,DELTA,64,1014,73,14,354,no,29,-100
2025-05-23T17:02:54.535814,KXBTCD-25MAY2321-T106749.99,DELTA,64,1014,70,100,355,no,30,100
2025-05-23T17:02:55.277659,KXBTCD-25MAY2321-T106749.99,DELTA,64,1014,73,14,356,no,30,-100
2025-05-23T17:02:55.278098,KXBTCD-25MAY2321-T106749.99,DELTA,66,14,73,14,357,yes,66,14
2025-05-23T17:02:55.295721,KXBTCD-25MAY2321-T106749.99,DELTA,66,14,73,14,358,no,25,14
2025-05-23T17:02:55.315518,KXBTCD-25MAY2321-T106749.99,DELTA,66,14,73,14,359,yes,64,-14
2025-05-23T17:02:55.315803,KXBTCD-25MAY2321-T106749.99,DELTA,66,14,75,14,360,no,27,-14
2025-05-23T17:02:55.435893,KXBTCD-25MAY2321-T106749.99,DELTA,66,14,75,14,361,yes,63,-100
2025-05-23T17:02:55.495525,KXBTCD-25MAY2321-T106749.99,DELTA,66,14,75,14,362,yes,64,-1000
2025-05-23T17:02:55.516240,KXBTCD-25MAY2321-T106749.99,DELTA,66,14,75,14,363,yes,51,1000
2025-05-23T17:02:56.157183,KXBTCD-25MAY2321-T106749.99,DELTA,66,14,73,100,364,no,27,100
2025-05-23T17:02:56.158025,KXBTCD-25MAY2321-T106749.99,DELTA,66,14,73,100,365,yes,65,100
2025-05-23T17:02:56.260886,KXBTCD-25MAY2321-T106749.99,DELTA,66,14,73,100,366,yes,51,-1000
2025-05-23T17:02:56.316896,KXBTCD-25MAY2321-T106749.99,DELTA,66,1014,73,100,367,yes,66,1000
2025-05-23T17:02:59.455294,KXBTCD-25MAY2321-T106749.99,DELTA,66,1014,75,14,368,no,27,-100
2025-05-23T17:03:00.217077,KXBTCD-25MAY2321-T106749.99,DELTA,66,1014,75,14,369,yes,65,-100
2025-05-23T17:03:00.295554,KXBTCD-25MAY2321-T106749.99,DELTA,66,14,75,14,370,yes,66,-1000
2025-05-23T17:03:00.355432,KXBTCD-25MAY2321-T106749.99,DELTA,66,14,75,14,371,yes,51,1000
2025-05-23T17:03:00.536424,KXBTCD-25MAY2321-T106749.99,DELTA,66,14,71,100,372,no,29,100
2025-05-23T17:03:01.116975,KXBTCD-25MAY2321-T106749.99,DELTA,66,14,71,100,373,yes,63,100
2025-05-23T17:03:01.215707,KXBTCD-25MAY2321-T106749.99,DELTA,66,14,71,100,374,yes,51,-1000
2025-05-23T17:03:01.276506,KXBTCD-25MAY2321-T106749.99,DELTA,66,14,71,100,375,yes,64,1000
2025-05-23T17:03:01.715396,KXBTCD-25MAY2321-T106749.99,DELTA,66,14,71,100,376,yes,63,-100
2025-05-23T17:03:01.796090,KXBTCD-25MAY2321-T106749.99,DELTA,66,14,71,100,377,yes,64,-1000
2025-05-23T17:03:01.856100,KXBTCD-25MAY2321-T106749.99,DELTA,66,14,71,100,378,yes,51,1000
2025-05-23T17:03:03.077348,KXBTCD-25MAY2321-T106749.99,DELTA,66,14,71,100,379,yes,64,100
2025-05-23T17:03:03.140173,KXBTCD-25MAY2321-T106749.99,DELTA,66,14,71,100,380,yes,51,-1000
2025-05-23T17:03:03.215993,KXBTCD-25MAY2321-T106749.99,DELTA,66,14,71,100,381,yes,65,1000
2025-05-23T17:03:05.056597,KXBTCD-25MAY2321-T106749.99,DELTA,66,14,71,100,382,yes,64,14
2025-05-23T17:03:05.057099,KXBTCD-25MAY2321-T106749.99,DELTA,65,1000,71,100,383,yes,66,-14
2025-05-23T17:03:05.057303,KXBTCD-25MAY2321-T106749.99,DELTA,65,1000,71,100,384,no,27,14
2025-05-23T17:03:05.057659,KXBTCD-25MAY2321-T106749.99,DELTA,65,1000,71,100,385,no,25,-14
2025-05-23T17:03:07.156340,KXBTCD-25MAY2321-T106749.99,DELTA,65,1000,71,100,386,yes,19,-1705
2025-05-23T17:03:09.103045,KXBTCD-25MAY2321-T106749.99,DELTA,65,1000,73,14,387,no,29,-100
2025-05-23T17:03:09.815871,KXBTCD-25MAY2321-T106749.99,DELTA,65,1000,73,14,388,yes,64,-100
2025-05-23T17:03:09.875494,KXBTCD-25MAY2321-T106749.99,DELTA,64,14,73,14,389,yes,65,-1000
2025-05-23T17:03:09.935385,KXBTCD-25MAY2321-T106749.99,DELTA,64,14,73,14,390,yes,51,1000
2025-05-23T17:03:10.445362,KXBTCD-25MAY2321-T106749.99,DELTA,64,14,73,114,391,no,27,100
2025-05-23T17:03:10.595581,KXBTCD-25MAY2321-T106749.99,DELTA,64,14,73,114,392,yes,19,1705
2025-05-23T17:03:10.657298,KXBTCD-25MAY2321-T106749.99,DELTA,64,14,73,114,393,no,2,16200
2025-05-23T17:03:10.976596,KXBTCD-25MAY2321-T106749.99,DELTA,64,14,73,114,394,no,3,2000
2025-05-23T17:03:10.977030,KXBTCD-25MAY2321-T106749.99,DELTA,64,14,73,114,395,no,3,20000
2025-05-23T17:03:10.977408,KXBTCD-25MAY2321-T106749.99,DELTA,64,14,73,114,396,no,3,1000
2025-05-23T17:03:10.977610,KXBTCD-25MAY2321-T106749.99,DELTA,65,100,73,114,397,yes,65,100
2025-05-23T17:03:11.056068,KXBTCD-25MAY2321-T106749.99,DELTA,65,100,73,114,398,yes,51,-1000
2025-05-23T17:03:11.095916,KXBTCD-25MAY2321-T106749.99,DELTA,66,1000,73,114,399,yes,66,1000
2025-05-23T17:03:13.916541,KXBTCD-25MAY2321-T106749.99,DELTA,66,1000,73,14,400,no,27,-100
2025-05-23T17:03:14.595106,KXBTCD-25MAY2321-T106749.99,DELTA,66,1000,73,14,401,yes,65,-100
2025-05-23T17:03:14.655137,KXBTCD-25MAY2321-T106749.99,DELTA,64,14,73,14,402,yes,66,-1000
2025-05-23T17:03:14.736122,KXBTCD-25MAY2321-T106749.99,DELTA,64,14,73,14,403,yes,51,1000
2025-05-23T17:03:14.777089,KXBTCD-25MAY2321-T106749.99,DELTA,64,14,72,100,404,no,28,100
2025-05-23T17:03:15.376533,KXBTCD-25MAY2321-T106749.99,DELTA,64,114,72,100,405,yes,64,100
2025-05-23T17:03:15.436476,KXBTCD-25MAY2321-T106749.99,DELTA,64,114,72,100,406,yes,51,-1000
2025-05-23T17:03:15.475811,KXBTCD-25MAY2321-T106749.99,DELTA,65,1000,72,100,407,yes,65,1000
2025-05-23T17:03:18.076452,KXBTCD-25MAY2321-T106749.99,DELTA,65,1000,73,14,408,no,28,-100
2025-05-23T17:03:18.937424,KXBTCD-25MAY2321-T106749.99,DELTA,65,1000,71,100,409,no,29,100
2025-05-23T17:03:27.455697,KXBTCD-25MAY2321-T106749.99,DELTA,65,1000,73,14,410,no,29,-100
2025-05-23T17:03:27.455913,KXBTCD-25MAY2321-T106749.99,DELTA,65,1000,73,14,411,yes,64,-100
2025-05-23T17:03:27.515722,KXBTCD-25MAY2321-T106749.99,DELTA,64,14,73,14,412,yes,65,-1000
2025-05-23T17:03:27.575904,KXBTCD-25MAY2321-T106749.99,DELTA,64,14,73,14,413,yes,51,1000
2025-05-23T17:03:29.070134,KXBTCD-25MAY2321-T106749.99,DELTA,64,14,73,114,414,no,27,100
2025-05-23T17:03:29.071107,KXBTCD-25MAY2321-T106749.99,DELTA,65,100,73,114,415,yes,65,100
2025-05-23T17:03:29.116171,KXBTCD-25MAY2321-T106749.99,DELTA,65,100,73,114,416,yes,51,-1000
2025-05-23T17:03:29.196841,KXBTCD-25MAY2321-T106749.99,DELTA,66,1000,73,114,417,yes,66,1000
2025-05-23T17:03:29.456023,KXBTCD-25MAY2321-T106749.99,DELTA,66,1000,73,114,418,yes,65,-100
2025-05-23T17:03:29.555754,KXBTCD-25MAY2321-T106749.99,DELTA,64,14,73,114,419,yes,66,-1000
2025-05-23T17:03:29.596772,KXBTCD-25MAY2321-T106749.99,DELTA,64,14,73,114,420,yes,51,1000
2025-05-23T17:03:30.178405,KXBTCD-25MAY2321-T106749.99,DELTA,65,100,73,114,421,yes,65,100
2025-05-23T17:03:30.275940,KXBTCD-25MAY2321-T106749.99,DELTA,65,100,73,114,422,yes,51,-1000
2025-05-23T17:03:30.376123,KXBTCD-25MAY2321-T106749.99,DELTA,66,1000,73,114,423,yes,66,1000
2025-05-23T17:03:36.545599,KXBTCD-25MAY2321-T106749.99,DELTA,66,1000,73,14,424,no,27,-100
2025-05-23T17:03:37.018092,KXBTCD-25MAY2321-T106749.99,DELTA,66,1014,73,14,425,yes,66,14
2025-05-23T17:03:37.038931,KXBTCD-25MAY2321-T106749.99,DELTA,66,1014,73,14,426,no,25,14
2025-05-23T17:03:37.039896,KXBTCD-25MAY2321-T106749.99,DELTA,66,1014,73,14,427,yes,64,-14
2025-05-23T17:03:37.057366,KXBTCD-25MAY2321-T106749.99,DELTA,66,1014,75,14,428,no,27,-14
2025-05-23T17:03:37.336783,KXBTCD-25MAY2321-T106749.99,DELTA,66,1014,73,100,429,no,27,100
2025-05-23T17:03:37.975898,KXBTCD-25MAY2321-T106749.99,DELTA,66,1014,73,100,430,no,2,-16200
2025-05-23T17:03:37.976802,KXBTCD-25MAY2321-T106749.99,DELTA,66,1014,73,100,431,no,4,8100
2025-05-23T17:03:38.056487,KXBTCD-25MAY2321-T106749.99,DELTA,66,1014,73,100,432,no,3,-20000
2025-05-23T17:03:38.057313,KXBTCD-25MAY2321-T106749.99,DELTA,66,1014,73,100,433,no,3,-2000
2025-05-23T17:03:38.075855,KXBTCD-25MAY2321-T106749.99,DELTA,66,1014,73,100,434,no,3,-1000
2025-05-23T17:03:38.135922,KXBTCD-25MAY2321-T106749.99,DELTA,66,1014,73,100,435,no,5,1000
2025-05-23T17:03:38.136503,KXBTCD-25MAY2321-T106749.99,DELTA,66,1014,73,100,436,no,5,2000
2025-05-23T17:03:38.136894,KXBTCD-25MAY2321-T106749.99,DELTA,66,1014,73,100,437,no,5,20000
2025-05-23T17:03:38.396341,KXBTCD-25MAY2321-T106749.99,DELTA,66,1014,73,100,438,yes,65,-100
2025-05-23T17:03:38.476300,KXBTCD-25MAY2321-T106749.99,DELTA,66,14,73,100,439,yes,66,-1000
2025-05-23T17:03:38.515292,KXBTCD-25MAY2321-T106749.99,DELTA,66,14,73,100,440,yes,51,1000
2025-05-23T17:03:39.575751,KXBTCD-25MAY2321-T106749.99,DELTA,66,14,75,14,441,no,27,-100
2025-05-23T17:03:39.756290,KXBTCD-25MAY2321-T106749.99,DELTA,66,114,75,14,442,yes,66,100
2025-05-23T17:03:39.835802,KXBTCD-25MAY2321-T106749.99,DELTA,66,114,75,14,443,yes,51,-1000
2025-05-23T17:03:39.916119,KXBTCD-25MAY2321-T106749.99,DELTA,67,1000,75,14,444,yes,67,1000
2025-05-23T17:03:40.276089,KXBTCD-25MAY2321-T106749.99,DELTA,67,1000,75,14,445,no,4,-8100
2025-05-23T17:03:40.276894,KXBTCD-25MAY2321-T106749.99,DELTA,67,1000,75,14,446,no,2,16200
2025-05-23T17:03:40.336878,KXBTCD-25MAY2321-T106749.99,DELTA,67,1000,75,14,447,no,5,-20000
2025-05-23T17:03:40.337375,KXBTCD-25MAY2321-T106749.99,DELTA,67,1000,75,14,448,no,5,-2000
2025-05-23T17:03:40.357173,KXBTCD-25MAY2321-T106749.99,DELTA,67,1000,75,14,449,no,5,-1000
2025-05-23T17:03:40.416397,KXBTCD-25MAY2321-T106749.99,DELTA,67,1000,75,14,450,no,3,1000
2025-05-23T17:03:40.416855,KXBTCD-25MAY2321-T106749.99,DELTA,67,1000,75,14,451,no,3,20000
2025-05-23T17:03:40.417395,KXBTCD-25MAY2321-T106749.99,DELTA,67,1000,75,14,452,no,3,2000
2025-05-23T17:03:40.455634,KXBTCD-25MAY2321-T106749.99,DELTA,67,1000,75,14,453,yes,66,-100
2025-05-23T17:03:40.515918,KXBTCD-25MAY2321-T106749.99,DELTA,66,14,75,14,454,yes,67,-1000
2025-05-23T17:03:40.556522,KXBTCD-25MAY2321-T106749.99,DELTA,66,14,75,14,455,yes,51,1000
2025-05-23T17:03:41.051098,KXBTCD-25MAY2321-T106749.99,DELTA,66,14,74,100,456,no,26,100
2025-05-23T17:03:41.657683,KXBTCD-25MAY2321-T106749.99,DELTA,66,114,74,100,457,yes,66,100
2025-05-23T17:03:41.756290,KXBTCD-25MAY2321-T106749.99,DELTA,66,114,74,100,458,yes,51,-1000
2025-05-23T17:03:41.817209,KXBTCD-25MAY2321-T106749.99,DELTA,67,1000,74,100,459,yes,67,1000
2025-05-23T17:03:43.117572,KXBTCD-25MAY2321-T106749.99,DELTA,67,1000,74,100,460,yes,66,-14
2025-05-23T17:03:43.118556,KXBTCD-25MAY2321-T106749.99,DELTA,67,1000,74,100,461,no,25,-14
2025-05-23T17:03:43.136932,KXBTCD-25MAY2321-T106749.99,DELTA,67,1014,74,100,462,yes,67,14
2025-05-23T17:03:43.137904,KXBTCD-25MAY2321-T106749.99,DELTA,67,1014,74,100,463,no,24,14
2025-05-23T17:03:43.416182,KXBTCD-25MAY2321-T106749.99,DELTA,67,1014,74,100,464,yes,66,-100
2025-05-23T17:03:43.496215,KXBTCD-25MAY2321-T106749.99,DELTA,67,14,74,100,465,yes,67,-1000
2025-05-23T17:03:43.534868,KXBTCD-25MAY2321-T106749.99,DELTA,67,14,74,100,466,yes,51,1000
2025-05-23T17:03:44.357200,KXBTCD-25MAY2321-T106749.99,DELTA,67,14,76,14,467,no,26,-100
2025-05-23T17:03:44.536342,KXBTCD-25MAY2321-T106749.99,DELTA,68,100,76,14,468,yes,68,100
2025-05-23T17:03:44.596683,KXBTCD-25MAY2321-T106749.99,DELTA,68,100,76,14,469,yes,51,-1000
2025-05-23T17:03:44.655961,KXBTCD-25MAY2321-T106749.99,DELTA,69,1000,76,14,470,yes,69,1000
2025-05-23T17:03:45.177686,KXBTCD-25MAY2321-T106749.99,DELTA,69,1000,76,114,471,no,24,100
2025-05-23T17:03:46.920263,KXBTCD-25MAY2321-T106749.99,DELTA,69,1000,76,114,472,yes,67,-14
2025-05-23T17:03:46.920939,KXBTCD-25MAY2321-T106749.99,DELTA,69,1000,76,100,473,no,24,-14
2025-05-23T17:03:46.936249,KXBTCD-25MAY2321-T106749.99,DELTA,69,1014,76,100,474,yes,69,14
2025-05-23T17:03:46.937195,KXBTCD-25MAY2321-T106749.99,DELTA,69,1014,76,100,475,no,22,14
2025-05-23T17:03:49.116113,KXBTCD-25MAY2321-T106749.99,DELTA,69,1014,78,14,476,no,24,-100
2025-05-23T17:03:50.555497,KXBTCD-25MAY2321-T106749.99,DELTA,69,1014,75,100,477,no,25,100
2025-05-23T17:03:51.396620,KXBTCD-25MAY2321-T106749.99,DELTA,69,1014,75,100,478,no,2,-16200
2025-05-23T17:03:51.496155,KXBTCD-25MAY2321-T106749.99,DELTA,69,1014,75,100,479,no,3,-20000
2025-05-23T17:03:51.496791,KXBTCD-25MAY2321-T106749.99,DELTA,69,1014,75,100,480,no,3,-2000
2025-05-23T17:03:51.517367,KXBTCD-25MAY2321-T106749.99,DELTA,69,1014,75,100,481,no,3,-1000
2025-05-23T17:03:59.376561,KXBTCD-25MAY2321-T106749.99,DELTA,69,1014,75,100,482,yes,67,14
2025-05-23T17:03:59.377452,KXBTCD-25MAY2321-T106749.99,DELTA,69,1000,75,100,483,yes,69,-14
2025-05-23T17:03:59.378361,KXBTCD-25MAY2321-T106749.99,DELTA,69,1000,75,100,484,no,24,14
2025-05-23T17:03:59.396407,KXBTCD-25MAY2321-T106749.99,DELTA,69,1000,75,100,485,no,22,-14
2025-05-23T17:03:59.436638,KXBTCD-25MAY2321-T106749.99,DELTA,69,1000,75,1100,486,no,25,1000
2025-05-23T17:03:59.797210,KXBTCD-25MAY2321-T106749.99,DELTA,69,1000,75,1000,487,no,25,-100
2025-05-23T17:03:59.798303,KXBTCD-25MAY2321-T106749.99,DELTA,69,1000,75,1000,488,yes,68,-100
2025-05-23T17:03:59.896160,KXBTCD-25MAY2321-T106749.99,DELTA,67,14,75,1000,489,yes,69,-1000
2025-05-23T17:03:59.897260,KXBTCD-25MAY2321-T106749.99,DELTA,67,14,76,14,490,no,25,-1000
2025-05-23T17:03:59.957334,KXBTCD-25MAY2321-T106749.99,DELTA,67,14,76,14,491,yes,51,1000
2025-05-23T17:04:00.856772,KXBTCD-25MAY2321-T106749.99,DELTA,67,14,76,14,492,yes,66,14
2025-05-23T17:04:00.857703,KXBTCD-25MAY2321-T106749.99,DELTA,66,14,76,14,493,yes,67,-14
2025-05-23T17:04:00.877026,KXBTCD-25MAY2321-T106749.99,DELTA,66,14,75,14,494,no,25,14
2025-05-23T17:04:00.877629,KXBTCD-25MAY2321-T106749.99,DELTA,66,14,75,14,495,no,24,-14
2025-05-23T17:04:01.094732,KXBTCD-25MAY2321-T106749.99,DELTA,66,14,75,14,496,yes,65,100
2025-05-23T17:04:01.114783,KXBTCD-25MAY2321-T106749.99,DELTA,66,14,73,100,497,no,27,100
2025-05-23T17:04:01.175270,KXBTCD-25MAY2321-T106749.99,DELTA,66,14,73,100,498,yes,51,-1000
2025-05-23T17:04:01.314651,KXBTCD-25MAY2321-T106749.99,DELTA,66,1014,73,100,499,yes,66,1000
2025-05-23T17:04:01.675883,KXBTCD-25MAY2321-T106749.99,DELTA,66,1014,75,14,500,no,27,-100
2025-05-23T17:04:02.895091,KXBTCD-25MAY2321-T106749.99,DELTA,66,1014,72,100,501,no,28,100
2025-05-23T17:04:04.716095,KXBTCD-25MAY2321-T106749.99,DELTA,66,1000,72,100,502,yes,66,-14
2025-05-23T17:04:04.716716,KXBTCD-25MAY2321-T106749.99,DELTA,66,1000,72,100,503,yes,64,14
2025-05-23T17:04:04.717085,KXBTCD-25MAY2321-T106749.99,DELTA,66,1000,72,100,504,no,25,-14
2025-05-23T17:04:04.736216,KXBTCD-25MAY2321-T106749.99,DELTA,66,1000,72,100,505,no,27,14
2025-05-23T17:04:04.996451,KXBTCD-25MAY2321-T106749.99,DELTA,66,1000,73,14,506,no,28,-100
2025-05-23T17:04:05.017079,KXBTCD-25MAY2321-T106749.99,DELTA,66,1000,73,14,507,yes,65,-100
2025-05-23T17:04:05.076712,KXBTCD-25MAY2321-T106749.99,DELTA,64,14,73,14,508,yes,66,-1000
2025-05-23T17:04:05.135652,KXBTCD-25MAY2321-T106749.99,DELTA,64,14,73,14,509,yes,51,1000
2025-05-23T17:04:05.635804,KXBTCD-25MAY2321-T106749.99,DELTA,64,14,73,14,510,yes,61,100
2025-05-23T17:04:05.656095,KXBTCD-25MAY2321-T106749.99,DELTA,64,14,70,100,511,no,30,100
2025-05-23T17:04:05.716731,KXBTCD-25MAY2321-T106749.99,DELTA,64,14,70,100,512,yes,51,-1000
2025-05-23T17:04:05.756605,KXBTCD-25MAY2321-T106749.99,DELTA,64,14,70,100,513,yes,62,1000
2025-05-23T17:04:05.975623,KXBTCD-25MAY2321-T106749.99,DELTA,64,14,70,100,514,yes,61,-100
2025-05-23T17:04:06.035577,KXBTCD-25MAY2321-T106749.99,DELTA,64,14,70,100,515,yes,62,-1000
2025-05-23T17:04:06.095583,KXBTCD-25MAY2321-T106749.99,DELTA,64,14,70,100,516,yes,51,1000
2025-05-23T17:04:06.796518,KXBTCD-25MAY2321-T106749.99,DELTA,64,14,70,100,517,yes,62,100
2025-05-23T17:04:06.875875,KXBTCD-25MAY2321-T106749.99,DELTA,64,14,70,100,518,yes,51,-1000
2025-05-23T17:04:06.958020,KXBTCD-25MAY2321-T106749.99,DELTA,64,14,70,100,519,yes,63,1000
2025-05-23T17:04:09.335971,KXBTCD-25MAY2321-T106749.99,DELTA,64,14,73,14,520,no,30,-100
2025-05-23T17:04:10.414683,KXBTCD-25MAY2321-T106749.99,DELTA,64,14,70,100,521,no,30,100
2025-05-23T17:04:16.337346,KXBTCD-25MAY2321-T106749.99,DELTA,63,1000,70,100,522,yes,64,-14
2025-05-23T17:04:16.338233,KXBTCD-25MAY2321-T106749.99,DELTA,63,989,70,100,523,yes,63,-11
2025-05-23T17:04:16.397732,KXBTCD-25MAY2321-T106749.99,DELTA,63,989,70,100,524,yes,60,14
2025-05-23T17:04:16.398665,KXBTCD-25MAY2321-T106749.99,DELTA,63,989,70,100,525,no,27,-14
2025-05-23T17:04:16.416071,KXBTCD-25MAY2321-T106749.99,DELTA,63,989,70,114,526,no,30,14
2025-05-23T17:04:23.618412,KXBTCD-25MAY2321-T106749.99,DELTA,63,989,70,114,527,yes,58,14
2025-05-23T17:04:23.619189,KXBTCD-25MAY2321-T106749.99,DELTA,63,989,70,114,528,yes,60,-14
2025-05-23T17:04:23.635818,KXBTCD-25MAY2321-T106749.99,DELTA,63,989,70,100,529,no,30,-14
2025-05-23T17:04:23.636102,KXBTCD-25MAY2321-T106749.99,DELTA,63,989,68,14,530,no,32,14
2025-05-23T17:04:24.059144,KXBTCD-25MAY2321-T106749.99,DELTA,63,989,68,14,531,no,30,-100
2025-05-23T17:04:24.256527,KXBTCD-25MAY2321-T106749.99,DELTA,63,989,68,14,532,yes,50,-200
2025-05-23T17:04:24.256944,KXBTCD-25MAY2321-T106749.99,DELTA,63,989,68,14,533,yes,40,200
2025-05-23T17:04:24.335856,KXBTCD-25MAY2321-T106749.99,DELTA,63,989,68,14,534,yes,51,-2000
2025-05-23T17:04:24.396439,KXBTCD-25MAY2321-T106749.99,DELTA,63,989,68,14,535,yes,41,2000
2025-05-23T17:04:24.976791,KXBTCD-25MAY2321-T106749.99,DELTA,63,989,68,14,536,yes,62,-100
2025-05-23T17:04:25.077704,KXBTCD-25MAY2321-T106749.99,DELTA,58,14,68,14,537,yes,63,-989
2025-05-23T17:04:25.138684,KXBTCD-25MAY2321-T106749.99,DELTA,58,14,68,14,538,yes,41,1000
2025-05-23T17:04:25.156831,KXBTCD-25MAY2321-T106749.99,DELTA,58,14,68,14,539,no,31,100
2025-05-23T17:04:25.376556,KXBTCD-25MAY2321-T106749.99,DELTA,58,14,68,14,540,no,31,-100
2025-05-23T17:04:26.076555,KXBTCD-25MAY2321-T106749.99,DELTA,60,100,68,14,541,yes,60,100
2025-05-23T17:04:26.155466,KXBTCD-25MAY2321-T106749.99,DELTA,60,100,68,14,542,yes,41,-1000
2025-05-23T17:04:26.196416,KXBTCD-25MAY2321-T106749.99,DELTA,61,1000,68,14,543,yes,61,1000
2025-05-23T17:04:26.735448,KXBTCD-25MAY2321-T106749.99,DELTA,61,1000,68,114,544,no,32,100
2025-05-23T17:04:27.397461,KXBTCD-25MAY2321-T106749.99,DELTA,61,1000,68,114,545,yes,60,-100
2025-05-23T17:04:27.477038,KXBTCD-25MAY2321-T106749.99,DELTA,58,14,68,114,546,yes,61,-1000
2025-05-23T17:04:27.576002,KXBTCD-25MAY2321-T106749.99,DELTA,58,14,68,114,547,yes,41,1000
2025-05-23T17:04:28.396031,KXBTCD-25MAY2321-T106749.99,DELTA,61,100,68,114,548,yes,61,100
2025-05-23T17:04:28.476496,KXBTCD-25MAY2321-T106749.99,DELTA,61,100,68,114,549,yes,41,-1000
2025-05-23T17:04:28.564094,KXBTCD-25MAY2321-T106749.99,DELTA,62,1000,68,114,550,yes,62,1000
2025-05-23T17:04:32.376264,KXBTCD-25MAY2321-T106749.99,DELTA,62,1000,68,114,551,yes,58,-14
2025-05-23T17:04:32.377165,KXBTCD-25MAY2321-T106749.99,DELTA,62,1000,68,114,552,yes,56,14
2025-05-23T17:04:32.396034,KXBTCD-25MAY2321-T106749.99,DELTA,62,1000,68,100,553,no,32,-14
2025-05-23T17:04:32.396961,KXBTCD-25MAY2321-T106749.99,DELTA,62,1000,66,14,554,no,34,14
2025-05-23T17:04:32.436178,KXBTCD-25MAY2321-T106749.99,DELTA,62,1000,66,14,555,yes,61,-100
2025-05-23T17:04:32.436566,KXBTCD-25MAY2321-T106749.99,DELTA,62,1000,66,14,556,no,32,-100
2025-05-23T17:04:32.518208,KXBTCD-25MAY2321-T106749.99,DELTA,56,14,66,14,557,yes,62,-1000
2025-05-23T17:04:32.555622,KXBTCD-25MAY2321-T106749.99,DELTA,56,14,66,14,558,yes,41,1000
2025-05-23T17:04:33.916590,KXBTCD-25MAY2321-T106749.99,DELTA,56,14,66,14,559,no,33,100
2025-05-23T17:04:33.917340,KXBTCD-25MAY2321-T106749.99,DELTA,59,100,66,14,560,yes,59,100
2025-05-23T17:04:33.976476,KXBTCD-25MAY2321-T106749.99,DELTA,59,100,66,14,561,yes,41,-1000
2025-05-23T17:04:34.015374,KXBTCD-25MAY2321-T106749.99,DELTA,60,1000,66,14,562,yes,60,1000
2025-05-23T17:04:34.196539,KXBTCD-25MAY2321-T106749.99,DELTA,60,1000,66,14,563,no,1,-3000
2025-05-23T17:04:34.296471,KXBTCD-25MAY2321-T106749.99,DELTA,60,1000,66,14,564,no,10,3000
2025-05-23T17:04:34.382742,KXBTCD-25MAY2321-T106749.99,DELTA,60,1000,66,14,565,yes,49,-3000
2025-05-23T17:04:34.435909,KXBTCD-25MAY2321-T106749.99,DELTA,60,1000,66,14,566,yes,41,3000
2025-05-23T17:04:34.518770,KXBTCD-25MAY2321-T106749.99,DELTA,60,1000,66,14,567,yes,55,14
2025-05-23T17:04:34.519117,KXBTCD-25MAY2321-T106749.99,DELTA,60,1000,66,14,568,yes,56,-14
2025-05-23T17:04:34.519302,KXBTCD-25MAY2321-T106749.99,DELTA,60,1000,67,100,569,no,34,-14
2025-05-23T17:04:34.519432,KXBTCD-25MAY2321-T106749.99,DELTA,60,1000,64,14,570,no,36,14
2025-05-23T17:04:34.916583,KXBTCD-25MAY2321-T106749.99,DELTA,60,1000,64,14,571,no,33,-100
2025-05-23T17:04:35.239236,KXBTCD-25MAY2321-T106749.99,DELTA,60,1000,64,14,572,yes,59,-100
2025-05-23T17:04:35.299937,KXBTCD-25MAY2321-T106749.99,DELTA,55,14,64,14,573,yes,60,-1000
2025-05-23T17:04:35.384543,KXBTCD-25MAY2321-T106749.99,DELTA,55,14,64,14,574,yes,41,1000
2025-05-23T17:04:36.115954,KXBTCD-25MAY2321-T106749.99,DELTA,57,100,64,14,575,yes,57,100
2025-05-23T17:04:36.116240,KXBTCD-25MAY2321-T106749.99,DELTA,57,100,64,14,576,no,34,100
2025-05-23T17:04:36.216615,KXBTCD-25MAY2321-T106749.99,DELTA,57,100,64,14,577,yes,41,-1000
2025-05-23T17:04:36.277544,KXBTCD-25MAY2321-T106749.99,DELTA,58,1000,64,14,578,yes,58,1000
2025-05-23T17:04:36.416230,KXBTCD-25MAY2321-T106749.99,DELTA,58,1000,64,14,579,no,34,-100
2025-05-23T17:04:37.396289,KXBTCD-25MAY2321-T106749.99,DELTA,58,1000,64,14,580,no,35,100
2025-05-23T17:04:37.796826,KXBTCD-25MAY2321-T106749.99,DELTA,58,1000,64,14,581,yes,18,-8000
2025-05-23T17:04:37.837307,KXBTCD-25MAY2321-T106749.99,DELTA,58,1000,64,14,582,yes,5,8000
2025-05-23T17:04:37.977915,KXBTCD-25MAY2321-T106749.99,DELTA,58,1000,64,14,583,yes,5,-8000
2025-05-23T17:04:38.016859,KXBTCD-25MAY2321-T106749.99,DELTA,58,1000,64,14,584,yes,6,8000
2025-05-23T17:04:40.036340,KXBTCD-25MAY2321-T106749.99,DELTA,58,1000,64,14,585,yes,19,-1705
2025-05-23T17:04:40.037274,KXBTCD-25MAY2321-T106749.99,DELTA,58,1000,64,14,586,yes,7,4628
2025-05-23T17:04:40.117871,KXBTCD-25MAY2321-T106749.99,DELTA,58,1000,64,14,587,yes,8,20000
2025-05-23T17:04:45.257075,KXBTCD-25MAY2321-T106749.99,DELTA,58,1000,64,14,588,yes,53,14
2025-05-23T17:04:45.257902,KXBTCD-25MAY2321-T106749.99,DELTA,58,1000,63,14,589,no,37,14
2025-05-23T17:04:45.275761,KXBTCD-25MAY2321-T106749.99,DELTA,58,1000,63,14,590,yes,55,-14
2025-05-23T17:04:45.295680,KXBTCD-25MAY2321-T106749.99,DELTA,58,1000,63,14,591,no,36,-14
2025-05-23T17:04:45.435242,KXBTCD-25MAY2321-T106749.99,DELTA,58,1000,63,14,592,no,35,-100
2025-05-23T17:04:46.188517,KXBTCD-25MAY2321-T106749.99,DELTA,58,1000,63,14,593,yes,7,-4628
2025-05-23T17:04:46.188891,KXBTCD-25MAY2321-T106749.99,DELTA,58,1000,63,14,594,yes,9,3600
2025-05-23T17:04:46.236397,KXBTCD-25MAY2321-T106749.99,DELTA,58,1000,63,14,595,yes,8,-20000
2025-05-23T17:04:46.295986,KXBTCD-25MAY2321-T106749.99,DELTA,58,1000,63,14,596,yes,10,20000
2025-05-23T17:04:46.836249,KXBTCD-25MAY2321-T106749.99,DELTA,58,1000,63,14,597,no,36,100
2025-05-23T17:04:47.476310,KXBTCD-25MAY2321-T106749.99,DELTA,58,1000,63,14,598,yes,9,-3600
2025-05-23T17:04:47.476555,KXBTCD-25MAY2321-T106749.99,DELTA,58,1000,63,14,599,yes,11,2945
2025-05-23T17:04:47.538600,KXBTCD-25MAY2321-T106749.99,DELTA,58,1000,63,14,600,yes,10,-20000
2025-05-23T17:04:48.635692,KXBTCD-25MAY2321-T106749.99,DELTA,58,1000,63,14,601,yes,11,-2945
2025-05-23T17:04:48.636622,KXBTCD-25MAY2321-T106749.99,DELTA,58,1000,63,14,602,yes,7,4628
2025-05-23T17:04:48.696440,KXBTCD-25MAY2321-T106749.99,DELTA,58,1000,63,14,603,no,1,32400
2025-05-23T17:04:48.697544,KXBTCD-25MAY2321-T106749.99,DELTA,58,1000,63,14,604,yes,8,20000
2025-05-23T17:04:48.775388,KXBTCD-25MAY2321-T106749.99,DELTA,58,1000,63,14,605,no,2,2000
2025-05-23T17:04:48.776216,KXBTCD-25MAY2321-T106749.99,DELTA,58,1000,63,14,606,no,2,20000
2025-05-23T17:04:48.776849,KXBTCD-25MAY2321-T106749.99,DELTA,58,1000,63,14,607,no,2,1000
2025-05-23T17:04:49.797013,KXBTCD-25MAY2321-T106749.99,DELTA,58,1000,63,14,608,no,1,32400
2025-05-23T17:04:50.991075,KXBTCD-25MAY2321-T106749.99,DELTA,58,1000,63,14,609,yes,7,-4628
2025-05-23T17:04:50.991543,KXBTCD-25MAY2321-T106749.99,DELTA,58,1000,63,14,610,yes,9,3600
2025-05-23T17:04:50.992059,KXBTCD-25MAY2321-T106749.99,DELTA,58,1000,63,14,611,no,1,-32400
2025-05-23T17:04:51.016208,KXBTCD-25MAY2321-T106749.99,DELTA,58,1000,63,14,612,yes,8,-20000
2025-05-23T17:04:51.055538,KXBTCD-25MAY2321-T106749.99,DELTA,58,1000,63,14,613,yes,10,20000
2025-05-23T17:04:52.416106,KXBTCD-25MAY2321-T106749.99,DELTA,58,1000,63,14,614,no,36,-100
2025-05-23T17:04:52.416885,KXBTCD-25MAY2321-T106749.99,DELTA,58,1000,63,14,615,yes,57,-100
2025-05-23T17:04:52.478841,KXBTCD-25MAY2321-T106749.99,DELTA,53,14,63,14,616,yes,58,-1000
2025-05-23T17:04:52.537193,KXBTCD-25MAY2321-T106749.99,DELTA,53,14,63,14,617,yes,41,1000
2025-05-23T17:04:53.038977,KXBTCD-25MAY2321-T106749.99,DELTA,53,14,63,14,618,yes,6,-8000
2025-05-23T17:04:53.116679,KXBTCD-25MAY2321-T106749.99,DELTA,53,14,63,14,619,yes,7,8000
2025-05-23T17:04:53.376198,KXBTCD-25MAY2321-T106749.99,DELTA,53,14,63,14,620,no,11,9
2025-05-23T17:04:53.397373,KXBTCD-25MAY2321-T106749.99,DELTA,53,14,63,14,621,yes,42,9
2025-05-23T17:04:53.556745,KXBTCD-25MAY2321-T106749.99,DELTA,57,100,63,14,622,yes,57,100
2025-05-23T17:04:53.575230,KXBTCD-25MAY2321-T106749.99,DELTA,57,100,63,14,623,no,34,100
2025-05-23T17:04:53.616418,KXBTCD-25MAY2321-T106749.99,DELTA,57,100,63,14,624,yes,41,-1000
2025-05-23T17:04:53.676610,KXBTCD-25MAY2321-T106749.99,DELTA,57,100,63,14,625,yes,42,-9
2025-05-23T17:04:53.677612,KXBTCD-25MAY2321-T106749.99,DELTA,57,100,63,14,626,no,11,-9
2025-05-23T17:04:53.696154,KXBTCD-25MAY2321-T106749.99,DELTA,58,1000,63,14,627,yes,58,1000
2025-05-23T17:04:53.996340,KXBTCD-25MAY2321-T106749.99,DELTA,58,1000,63,14,628,yes,57,-100
2025-05-23T17:04:54.058328,KXBTCD-25MAY2321-T106749.99,DELTA,58,1000,63,14,629,yes,9,-3600
2025-05-23T17:04:54.059615,KXBTCD-25MAY2321-T106749.99,DELTA,58,1000,63,14,630,yes,11,2945
2025-05-23T17:04:54.061467,KXBTCD-25MAY2321-T106749.99,DELTA,53,14,63,14,631,yes,58,-1000
2025-05-23T17:04:54.117507,KXBTCD-25MAY2321-T106749.99,DELTA,53,14,63,14,632,yes,41,1000
2025-05-23T17:04:54.117926,KXBTCD-25MAY2321-T106749.99,DELTA,53,14,63,14,633,yes,10,-20000
2025-05-23T17:04:54.476927,KXBTCD-25MAY2321-T106749.99,DELTA,55,14,63,14,634,yes,55,14
2025-05-23T17:04:54.477278,KXBTCD-25MAY2321-T106749.99,DELTA,55,14,63,14,635,yes,53,-14
2025-05-23T17:04:54.477459,KXBTCD-25MAY2321-T106749.99,DELTA,55,14,66,100,636,no,37,-14
2025-05-23T17:04:54.477717,KXBTCD-25MAY2321-T106749.99,DELTA,55,14,64,14,637,no,36,14
2025-05-23T17:04:55.137584,KXBTCD-25MAY2321-T106749.99,DELTA,58,100,64,14,638,yes,58,100
2025-05-23T17:04:55.235674,KXBTCD-25MAY2321-T106749.99,DELTA,58,100,64,14,639,yes,41,-1000
2025-05-23T17:04:55.315733,KXBTCD-25MAY2321-T106749.99,DELTA,59,1000,64,14,640,yes,59,1000
2025-05-23T17:04:57.135894,KXBTCD-25MAY2321-T106749.99,DELTA,59,991,64,14,641,yes,59,-9
2025-05-23T17:04:59.876655,KXBTCD-25MAY2321-T106749.99,DELTA,59,991,64,14,642,yes,11,-2945
2025-05-23T17:04:59.877807,KXBTCD-25MAY2321-T106749.99,DELTA,59,991,64,14,643,yes,8,4050
2025-05-23T17:04:59.916281,KXBTCD-25MAY2321-T106749.99,DELTA,59,991,64,14,644,no,1,-32400
2025-05-23T17:04:59.916942,KXBTCD-25MAY2321-T106749.99,DELTA,59,991,64,14,645,no,2,16200
2025-05-23T17:04:59.936183,KXBTCD-25MAY2321-T106749.99,DELTA,59,991,64,14,646,yes,9,20000
2025-05-23T17:04:59.975611,KXBTCD-25MAY2321-T106749.99,DELTA,59,991,64,14,647,no,2,-20000
2025-05-23T17:04:59.976406,KXBTCD-25MAY2321-T106749.99,DELTA,59,991,64,14,648,no,2,-2000
2025-05-23T17:04:59.996813,KXBTCD-25MAY2321-T106749.99,DELTA,59,991,64,14,649,no,2,-1000
2025-05-23T17:05:00.040000,KXBTCD-25MAY2321-T106749.99,DELTA,59,991,64,14,650,no,3,20000
2025-05-23T17:05:00.040816,KXBTCD-25MAY2321-T106749.99,DELTA,59,991,64,14,651,no,3,1000
2025-05-23T17:05:00.041637,KXBTCD-25MAY2321-T106749.99,DELTA,59,991,64,14,652,no,3,2000
2025-05-23T17:05:01.029981,KXBTCD-25MAY2321-T106749.99,DELTA,59,991,64,14,653,yes,8,-4050
2025-05-23T17:05:01.031172,KXBTCD-25MAY2321-T106749.99,DELTA,59,991,64,14,654,yes,10,3240
2025-05-23T17:05:01.031600,KXBTCD-25MAY2321-T106749.99,DELTA,59,991,64,14,655,no,2,-16200
2025-05-23T17:05:01.031874,KXBTCD-25MAY2321-T106749.99,DELTA,59,991,64,14,656,no,1,32400
2025-05-23T17:05:01.038774,KXBTCD-25MAY2321-T106749.99,DELTA,59,991,64,14,657,yes,9,-20000
2025-05-23T17:05:01.058691,KXBTCD-25MAY2321-T106749.99,DELTA,59,991,64,14,658,no,3,-20000
2025-05-23T17:05:01.079067,KXBTCD-25MAY2321-T106749.99,DELTA,59,991,64,14,659,no,3,-2000
2025-05-23T17:05:01.080196,KXBTCD-25MAY2321-T106749.99,DELTA,59,991,64,14,660,yes,11,20000
2025-05-23T17:05:01.080735,KXBTCD-25MAY2321-T106749.99,DELTA,59,991,64,14,661,no,3,-1000
2025-05-23T17:05:01.118293,KXBTCD-25MAY2321-T106749.99,DELTA,59,991,64,14,662,no,2,20000
2025-05-23T17:05:01.119291,KXBTCD-25MAY2321-T106749.99,DELTA,59,991,64,14,663,no,2,1000
2025-05-23T17:05:01.119905,KXBTCD-25MAY2321-T106749.99,DELTA,59,991,64,14,664,no,2,2000
2025-05-23T17:05:01.220929,KXBTCD-25MAY2321-T106749.99,DELTA,59,991,64,14,665,no,20,250
2025-05-23T17:05:01.236681,KXBTCD-25MAY2321-T106749.99,DELTA,59,991,64,14,666,no,22,250
2025-05-23T17:05:01.238052,KXBTCD-25MAY2321-T106749.99,DELTA,59,991,64,14,667,yes,50,250
2025-05-23T17:05:01.239016,KXBTCD-25MAY2321-T106749.99,DELTA,59,991,64,14,668,no,24,250
2025-05-23T17:05:01.261508,KXBTCD-25MAY2321-T106749.99,DELTA,59,991,64,14,669,no,26,250
2025-05-23T17:05:01.262231,KXBTCD-25MAY2321-T106749.99,DELTA,59,991,64,14,670,no,28,250
2025-05-23T17:05:01.276199,KXBTCD-25MAY2321-T106749.99,DELTA,59,991,64,14,671,yes,54,250
2025-05-23T17:05:01.276922,KXBTCD-25MAY2321-T106749.99,DELTA,59,991,64,14,672,yes,48,250
2025-05-23T17:05:01.315010,KXBTCD-25MAY2321-T106749.99,DELTA,59,991,64,14,673,yes,52,250
2025-05-23T17:05:01.315905,KXBTCD-25MAY2321-T106749.99,DELTA,59,991,64,14,674,yes,46,250
2025-05-23T17:05:01.332966,KXBTCD-25MAY2321-T106749.99,DELTA,59,991,64,14,675,no,2,-2000
2025-05-23T17:05:01.349120,KXBTCD-25MAY2321-T106749.99,DELTA,59,991,64,14,676,no,2,-1000
2025-05-23T17:05:01.369026,KXBTCD-25MAY2321-T106749.99,DELTA,59,991,64,14,677,yes,41,-2000
2025-05-23T17:05:01.424783,KXBTCD-25MAY2321-T106749.99,DELTA,59,991,64,14,678,yes,55,2000
2025-05-23T17:05:01.438184,KXBTCD-25MAY2321-T106749.99,DELTA,59,991,64,14,679,no,28,2000
2025-05-23T17:05:01.458307,KXBTCD-25MAY2321-T106749.99,DELTA,59,991,64,14,680,no,27,1250
2025-05-23T17:05:01.505323,KXBTCD-25MAY2321-T106749.99,DELTA,59,991,64,14,681,no,29,1000
2025-05-23T17:05:01.574800,KXBTCD-25MAY2321-T106749.99,DELTA,59,991,64,14,682,no,20,-250
2025-05-23T17:05:01.575949,KXBTCD-25MAY2321-T106749.99,DELTA,59,991,64,14,683,no,30,250
2025-05-23T17:05:01.618680,KXBTCD-25MAY2321-T106749.99,DELTA,59,991,64,14,684,no,29,-1000
2025-05-23T17:05:01.735978,KXBTCD-25MAY2321-T106749.99,DELTA,59,991,64,14,685,no,31,1000
2025-05-23T17:05:01.805805,KXBTCD-25MAY2321-T106749.99,DELTA,59,991,64,14,686,yes,55,1250
2025-05-23T17:05:02.018268,KXBTCD-25MAY2321-T106749.99,DELTA,59,991,64,14,687,yes,10,-3240
2025-05-23T17:05:02.019306,KXBTCD-25MAY2321-T106749.99,DELTA,59,991,64,14,688,yes,12,2700
2025-05-23T17:05:02.077268,KXBTCD-25MAY2321-T106749.99,DELTA,59,991,64,14,689,no,1,-32400
2025-05-23T17:05:02.077744,KXBTCD-25MAY2321-T106749.99,DELTA,59,991,64,14,690,no,2,16200
2025-05-23T17:05:02.199044,KXBTCD-25MAY2321-T106749.99,DELTA,59,991,64,14,691,yes,11,-20000
2025-05-23T17:05:02.199589,KXBTCD-25MAY2321-T106749.99,DELTA,59,991,64,14,692,no,2,-20000
2025-05-23T17:05:02.430215,KXBTCD-25MAY2321-T106749.99,DELTA,59,991,64,14,693,yes,58,-100
2025-05-23T17:05:02.917133,KXBTCD-25MAY2321-T106749.99,DELTA,55,3264,64,14,694,yes,59,-991
2025-05-23T17:05:03.035987,KXBTCD-25MAY2321-T106749.99,DELTA,58,100,64,14,695,yes,58,100
2025-05-23T17:05:03.059295,KXBTCD-25MAY2321-T106749.99,DELTA,58,100,64,14,696,no,3,20000
2025-05-23T17:05:03.060258,KXBTCD-25MAY2321-T106749.99,DELTA,58,100,64,14,697,yes,12,-2700
2025-05-23T17:05:03.060664,KXBTCD-25MAY2321-T106749.99,DELTA,58,100,64,14,698,yes,8,4050
2025-05-23T17:05:03.121105,KXBTCD-25MAY2321-T106749.99,DELTA,58,100,64,14,699,no,2,-16200
2025-05-23T17:05:03.121704,KXBTCD-25MAY2321-T106749.99,DELTA,58,100,64,14,700,no,1,32400
2025-05-23T17:05:03.194180,KXBTCD-25MAY2321-T106749.99,DELTA,58,100,64,14,701,yes,9,20000
2025-05-23T17:05:03.194970,KXBTCD-25MAY2321-T106749.99,DELTA,58,100,64,14,702,no,3,-20000
2025-05-23T17:05:03.496141,KXBTCD-25MAY2321-T106749.99,DELTA,58,100,64,14,703,no,28,-2000
2025-05-23T17:05:03.556624,KXBTCD-25MAY2321-T106749.99,DELTA,58,100,64,14,704,no,28,2000
2025-05-23T17:05:03.996625,KXBTCD-25MAY2321-T106749.99,DELTA,58,100,64,14,705,no,2,20000
2025-05-23T17:05:03.997567,KXBTCD-25MAY2321-T106749.99,DELTA,58,100,64,14,706,yes,55,1000
2025-05-23T17:05:04.158658,KXBTCD-25MAY2321-T106749.99,DELTA,58,100,64,14,707,yes,8,-4050
2025-05-23T17:05:04.159621,KXBTCD-25MAY2321-T106749.99,DELTA,58,100,64,14,708,yes,10,3240
2025-05-23T17:05:04.216638,KXBTCD-25MAY2321-T106749.99,DELTA,58,100,64,14,709,no,1,-32400
2025-05-23T17:05:04.217812,KXBTCD-25MAY2321-T106749.99,DELTA,58,100,64,14,710,no,2,16200
2025-05-23T17:05:04.336185,KXBTCD-25MAY2321-T106749.99,DELTA,58,100,64,14,711,yes,55,-1000
2025-05-23T17:05:04.501714,KXBTCD-25MAY2321-T106749.99,DELTA,59,1000,64,14,712,yes,59,1000
2025-05-23T17:05:04.617104,KXBTCD-25MAY2321-T106749.99,DELTA,59,1000,64,14,713,yes,9,-20000
2025-05-23T17:05:04.977369,KXBTCD-25MAY2321-T106749.99,DELTA,59,1000,64,14,714,yes,11,20000
2025-05-23T17:05:05.058463,KXBTCD-25MAY2321-T106749.99,DELTA,59,1000,64,14,715,no,2,-20000
2025-05-23T17:05:05.275580,KXBTCD-25MAY2321-T106749.99,DELTA,59,1000,64,14,716,no,3,20000
2025-05-23T17:05:05.396358,KXBTCD-25MAY2321-T106749.99,DELTA,59,1000,64,14,717,yes,58,-100
2025-05-23T17:05:05.535672,KXBTCD-25MAY2321-T106749.99,DELTA,55,3264,64,14,718,yes,59,-1000
2025-05-23T17:05:05.595013,KXBTCD-25MAY2321-T106749.99,DELTA,55,4264,64,14,719,yes,55,1000
2025-05-23T17:05:05.796485,KXBTCD-25MAY2321-T106749.99,DELTA,55,4264,64,14,720,no,27,-1250
2025-05-23T17:05:05.857875,KXBTCD-25MAY2321-T106749.99,DELTA,55,4264,64,14,721,no,26,1250
2025-05-23T17:05:06.097745,KXBTCD-25MAY2321-T106749.99,DELTA,59,100,64,14,722,yes,59,100
2025-05-23T17:05:06.157500,KXBTCD-25MAY2321-T106749.99,DELTA,59,100,64,14,723,yes,46,-250
2025-05-23T17:05:06.158467,KXBTCD-25MAY2321-T106749.99,DELTA,59,100,64,14,724,yes,56,250
2025-05-23T17:05:06.456402,KXBTCD-25MAY2321-T106749.99,DELTA,59,100,64,14,725,yes,55,-1000
2025-05-23T17:05:06.516738,KXBTCD-25MAY2321-T106749.99,DELTA,60,1000,64,14,726,yes,60,1000
2025-05-23T17:05:06.935758,KXBTCD-25MAY2321-T106749.99,DELTA,60,1000,64,14,727,no,26,-1250
2025-05-23T17:05:07.019191,KXBTCD-25MAY2321-T106749.99,DELTA,60,1000,64,14,728,no,27,1250
2025-05-23T17:05:07.238380,KXBTCD-25MAY2321-T106749.99,DELTA,60,1000,64,14,729,yes,10,-3240
2025-05-23T17:05:07.239444,KXBTCD-25MAY2321-T106749.99,DELTA,60,1000,64,14,730,yes,12,2700
2025-05-23T17:05:07.276739,KXBTCD-25MAY2321-T106749.99,DELTA,60,1000,64,14,731,no,2,-16200
2025-05-23T17:05:07.277669,KXBTCD-25MAY2321-T106749.99,DELTA,60,1000,64,14,732,no,1,32400
2025-05-23T17:05:07.476416,KXBTCD-25MAY2321-T106749.99,DELTA,60,1000,64,14,733,no,3,-20000
2025-05-23T17:05:07.535641,KXBTCD-25MAY2321-T106749.99,DELTA,60,1000,64,14,734,no,31,-1000
2025-05-23T17:05:07.535798,KXBTCD-25MAY2321-T106749.99,DELTA,60,1000,64,14,735,yes,55,-14
2025-05-23T17:05:07.535869,KXBTCD-25MAY2321-T106749.99,DELTA,60,1000,64,14,736,yes,56,14
2025-05-23T17:05:07.535927,KXBTCD-25MAY2321-T106749.99,DELTA,60,1000,64,14,737,no,27,-1250
2025-05-23T17:05:07.555180,KXBTCD-25MAY2321-T106749.99,DELTA,60,1000,66,100,738,no,36,-14
2025-05-23T17:05:07.555265,KXBTCD-25MAY2321-T106749.99,DELTA,60,1000,66,114,739,no,34,14
2025-05-23T17:05:07.555328,KXBTCD-25MAY2321-T106749.99,DELTA,60,1000,66,114,740,yes,55,-2000
2025-05-23T17:05:07.575599,KXBTCD-25MAY2321-T106749.99,DELTA,60,1000,66,114,741,yes,55,-1250
2025-05-23T17:05:07.594989,KXBTCD-25MAY2321-T106749.99,DELTA,60,1000,66,114,742,no,30,1000
2025-05-23T17:05:07.857145,KXBTCD-25MAY2321-T106749.99,DELTA,60,1000,66,114,743,yes,7,-8000
2025-05-23T17:05:07.883551,KXBTCD-25MAY2321-T106749.99,DELTA,60,1000,66,114,744,no,28,-2000
2025-05-23T17:05:08.077062,KXBTCD-25MAY2321-T106749.99,DELTA,60,1000,66,114,745,yes,11,-20000
2025-05-23T17:05:08.138063,KXBTCD-25MAY2321-T106749.99,DELTA,60,1000,66,114,746,no,27,2000
2025-05-23T17:05:08.157777,KXBTCD-25MAY2321-T106749.99,DELTA,60,1000,66,114,747,yes,57,2000
2025-05-23T17:05:08.397402,KXBTCD-25MAY2321-T106749.99,DELTA,60,1000,66,114,748,yes,59,-100
2025-05-23T17:05:08.416400,KXBTCD-25MAY2321-T106749.99,DELTA,60,1000,66,14,749,no,34,-100
2025-05-23T17:05:08.435497,KXBTCD-25MAY2321-T106749.99,DELTA,60,1000,66,14,750,yes,57,1250
2025-05-23T17:05:08.897183,KXBTCD-25MAY2321-T106749.99,DELTA,60,1000,66,14,751,no,2,20000
2025-05-23T17:05:09.017340,KXBTCD-25MAY2321-T106749.99,DELTA,60,1000,66,14,752,yes,8,8000
2025-05-23T17:05:09.235890,KXBTCD-25MAY2321-T106749.99,DELTA,60,1000,66,14,753,no,26,1250
2025-05-23T17:05:09.294626,KXBTCD-25MAY2321-T106749.99,DELTA,60,1000,66,14,754,no,27,-2000
2025-05-23T17:05:09.355370,KXBTCD-25MAY2321-T106749.99,DELTA,60,1000,66,14,755,yes,59,100
2025-05-23T17:05:09.355597,KXBTCD-25MAY2321-T106749.99,DELTA,60,1000,66,14,756,no,33,100
2025-05-23T17:05:09.636967,KXBTCD-25MAY2321-T106749.99,DELTA,59,100,66,14,757,yes,60,-1000
2025-05-23T17:05:09.676552,KXBTCD-25MAY2321-T106749.99,DELTA,60,1000,66,14,758,yes,60,1000
2025-05-23T17:05:09.715650,KXBTCD-25MAY2321-T106749.99,DELTA,60,1000,66,14,759,no,28,2000
2025-05-23T17:05:10.075861,KXBTCD-25MAY2321-T106749.99,DELTA,60,1000,66,14,760,no,30,-1000
2025-05-23T17:05:10.076822,KXBTCD-25MAY2321-T106749.99,DELTA,60,1000,66,14,761,no,26,-1250
2025-05-23T17:05:10.116061,KXBTCD-25MAY2321-T106749.99,DELTA,60,1000,66,14,762,no,31,1000
2025-05-23T17:05:10.136533,KXBTCD-25MAY2321-T106749.99,DELTA,60,1000,66,14,763,yes,46,250
2025-05-23T17:05:10.137176,KXBTCD-25MAY2321-T106749.99,DELTA,60,1000,66,14,764,no,27,1250
2025-05-23T17:05:10.137706,KXBTCD-25MAY2321-T106749.99,DELTA,60,1000,66,14,765,yes,56,-250
2025-05-23T17:05:10.177208,KXBTCD-25MAY2321-T106749.99,DELTA,60,1000,66,14,766,no,28,-2000
2025-05-23T17:05:10.258335,KXBTCD-25MAY2321-T106749.99,DELTA,60,1000,66,14,767,yes,57,-2000
2025-05-23T17:05:10.277155,KXBTCD-25MAY2321-T106749.99,DELTA,60,1000,66,14,768,yes,57,-1250
2025-05-23T17:05:10.635383,KXBTCD-25MAY2321-T106749.99,DELTA,60,1000,66,14,769,no,29,2000
2025-05-23T17:05:10.675637,KXBTCD-25MAY2321-T106749.99,DELTA,60,1000,66,14,770,yes,55,1250
2025-05-23T17:05:10.697033,KXBTCD-25MAY2321-T106749.99,DELTA,60,1000,66,14,771,yes,55,2000
2025-05-23T17:05:12.326694,KXBTCD-25MAY2321-T106749.99,DELTA,60,761,66,14,772,yes,60,-239
2025-05-23T17:05:13.456020,KXBTCD-25MAY2321-T106749.99,DELTA,60,761,66,14,773,yes,12,-2700
2025-05-23T17:05:13.456552,KXBTCD-25MAY2321-T106749.99,DELTA,60,761,66,14,774,yes,9,3600
2025-05-23T17:05:13.496398,KXBTCD-25MAY2321-T106749.99,DELTA,60,761,66,14,775,no,1,-32400
2025-05-23T17:05:13.497334,KXBTCD-25MAY2321-T106749.99,DELTA,60,761,66,14,776,no,4,8100
2025-05-23T17:05:13.536305,KXBTCD-25MAY2321-T106749.99,DELTA,60,761,66,14,777,yes,10,20000
2025-05-23T17:05:13.655526,KXBTCD-25MAY2321-T106749.99,DELTA,60,761,66,14,778,no,2,-20000
2025-05-23T17:05:13.716201,KXBTCD-25MAY2321-T106749.99,DELTA,60,761,66,14,779,no,5,20000
2025-05-23T17:05:14.355965,KXBTCD-25MAY2321-T106749.99,DELTA,60,761,66,14,780,no,33,-100
2025-05-23T17:05:14.495350,KXBTCD-25MAY2321-T106749.99,DELTA,60,761,66,14,781,yes,9,-3600
2025-05-23T17:05:14.495932,KXBTCD-25MAY2321-T106749.99,DELTA,60,761,66,14,782,yes,11,2945
2025-05-23T17:05:14.535956,KXBTCD-25MAY2321-T106749.99,DELTA,60,761,66,14,783,no,4,-8100
2025-05-23T17:05:14.536539,KXBTCD-25MAY2321-T106749.99,DELTA,60,761,66,14,784,no,5,6480
2025-05-23T17:05:14.575780,KXBTCD-25MAY2321-T106749.99,DELTA,60,761,66,14,785,yes,10,-20000
2025-05-23T17:05:14.876351,KXBTCD-25MAY2321-T106749.99,DELTA,60,761,66,14,786,no,27,-1250
2025-05-23T17:05:14.956489,KXBTCD-25MAY2321-T106749.99,DELTA,60,761,66,14,787,no,5,-20000
2025-05-23T17:05:15.015002,KXBTCD-25MAY2321-T106749.99,DELTA,60,761,66,14,788,no,6,20000
2025-05-23T17:05:15.518007,KXBTCD-25MAY2321-T106749.99,DELTA,60,761,66,14,789,yes,11,-2945
2025-05-23T17:05:15.518249,KXBTCD-25MAY2321-T106749.99,DELTA,60,761,66,14,790,yes,9,3600
2025-05-23T17:05:15.576408,KXBTCD-25MAY2321-T106749.99,DELTA,60,761,66,14,791,no,5,-6480
2025-05-23T17:05:15.576776,KXBTCD-25MAY2321-T106749.99,DELTA,60,761,66,14,792,no,4,8100
2025-05-23T17:05:15.615424,KXBTCD-25MAY2321-T106749.99,DELTA,60,761,66,14,793,yes,10,20000
2025-05-23T17:05:15.635407,KXBTCD-25MAY2321-T106749.99,DELTA,60,761,66,14,794,no,28,1250
2025-05-23T17:05:15.937287,KXBTCD-25MAY2321-T106749.99,DELTA,60,761,66,114,795,no,34,100
2025-05-23T17:05:16.176892,KXBTCD-25MAY2321-T106749.99,DELTA,60,761,66,114,796,no,32,250
2025-05-23T17:05:16.177633,KXBTCD-25MAY2321-T106749.99,DELTA,60,761,66,114,797,no,22,-250
2025-05-23T17:05:16.217303,KXBTCD-25MAY2321-T106749.99,DELTA,60,761,66,114,798,no,6,-20000
2025-05-23T17:05:16.276469,KXBTCD-25MAY2321-T106749.99,DELTA,60,761,66,114,799,no,31,-1000
2025-05-23T17:05:16.336667,KXBTCD-25MAY2321-T106749.99,DELTA,60,761,66,114,800,no,32,1000
2025-05-23T17:05:16.361166,KXBTCD-25MAY2321-T106749.99,DELTA,60,761,66,114,801,no,5,20000
2025-05-23T17:05:16.496757,KXBTCD-25MAY2321-T106749.99,DELTA,60,761,66,114,802,yes,9,-3600
2025-05-23T17:05:16.497280,KXBTCD-25MAY2321-T106749.99,DELTA,60,761,66,114,803,yes,11,2945
2025-05-23T17:05:16.556750,KXBTCD-25MAY2321-T106749.99,DELTA,60,761,66,114,804,no,4,-8100
2025-05-23T17:05:16.557437,KXBTCD-25MAY2321-T106749.99,DELTA,60,761,66,114,805,no,5,6480
2025-05-23T17:05:16.637002,KXBTCD-25MAY2321-T106749.99,DELTA,60,761,66,114,806,no,5,-20000
2025-05-23T17:05:16.657939,KXBTCD-25MAY2321-T106749.99,DELTA,60,761,66,114,807,yes,10,-20000
2025-05-23T17:05:16.697685,KXBTCD-25MAY2321-T106749.99,DELTA,60,761,66,114,808,no,6,20000
2025-05-23T17:05:17.077617,KXBTCD-25MAY2321-T106749.99,DELTA,60,761,66,14,809,no,34,-100
2025-05-23T17:05:17.096822,KXBTCD-25MAY2321-T106749.99,DELTA,60,761,66,14,810,yes,59,-100
2025-05-23T17:05:17.155663,KXBTCD-25MAY2321-T106749.99,DELTA,56,14,66,14,811,yes,60,-761
2025-05-23T17:05:17.216860,KXBTCD-25MAY2321-T106749.99,DELTA,56,14,66,14,812,yes,55,1000
2025-05-23T17:05:17.555675,KXBTCD-25MAY2321-T106749.99,DELTA,56,14,66,14,813,yes,11,-2945
2025-05-23T17:05:17.555978,KXBTCD-25MAY2321-T106749.99,DELTA,56,14,66,14,814,yes,9,3600
2025-05-23T17:05:17.575817,KXBTCD-25MAY2321-T106749.99,DELTA,56,14,66,14,815,yes,54,-250
2025-05-23T17:05:17.576129,KXBTCD-25MAY2321-T106749.99,DELTA,56,14,66,14,816,yes,44,250
2025-05-23T17:05:17.596277,KXBTCD-25MAY2321-T106749.99,DELTA,56,14,66,14,817,no,5,-6480
2025-05-23T17:05:17.596462,KXBTCD-25MAY2321-T106749.99,DELTA,56,14,66,14,818,no,6,5400
2025-05-23T17:05:17.656679,KXBTCD-25MAY2321-T106749.99,DELTA,56,14,66,14,819,no,29,-2000
2025-05-23T17:05:17.677377,KXBTCD-25MAY2321-T106749.99,DELTA,56,14,66,14,820,no,32,-1000
2025-05-23T17:05:17.678051,KXBTCD-25MAY2321-T106749.99,DELTA,56,14,66,14,821,yes,10,20000
2025-05-23T17:05:17.717153,KXBTCD-25MAY2321-T106749.99,DELTA,56,14,66,14,822,yes,55,-2000
2025-05-23T17:05:17.717489,KXBTCD-25MAY2321-T106749.99,DELTA,56,14,66,14,823,yes,55,-1000
2025-05-23T17:05:17.736243,KXBTCD-25MAY2321-T106749.99,DELTA,56,14,66,14,824,yes,55,-1250
2025-05-23T17:05:17.736709,KXBTCD-25MAY2321-T106749.99,DELTA,56,14,66,14,825,no,33,1000
2025-05-23T17:05:17.756054,KXBTCD-25MAY2321-T106749.99,DELTA,56,14,66,14,826,no,6,-20000
2025-05-23T17:05:17.756581,KXBTCD-25MAY2321-T106749.99,DELTA,56,14,66,14,827,no,30,2000
2025-05-23T17:05:17.815206,KXBTCD-25MAY2321-T106749.99,DELTA,56,14,66,14,828,yes,53,1250
2025-05-23T17:05:17.815768,KXBTCD-25MAY2321-T106749.99,DELTA,56,14,66,14,829,yes,53,2000
2025-05-23T17:05:17.835971,KXBTCD-25MAY2321-T106749.99,DELTA,56,14,66,14,830,no,7,20000
2025-05-23T17:05:17.955929,KXBTCD-25MAY2321-T106749.99,DELTA,53,3250,66,14,831,yes,56,-14
2025-05-23T17:05:17.956246,KXBTCD-25MAY2321-T106749.99,DELTA,55,14,66,14,832,yes,55,14
2025-05-23T17:05:17.956420,KXBTCD-25MAY2321-T106749.99,DELTA,55,14,67,1000,833,no,34,-14
2025-05-23T17:05:17.956891,KXBTCD-25MAY2321-T106749.99,DELTA,55,14,65,14,834,no,35,14
2025-05-23T17:05:17.976803,KXBTCD-25MAY2321-T106749.99,DELTA,57,100,65,14,835,yes,57,100
2025-05-23T17:05:17.995044,KXBTCD-25MAY2321-T106749.99,DELTA,57,100,65,114,836,no,35,100
2025-05-23T17:05:18.096598,KXBTCD-25MAY2321-T106749.99,DELTA,57,100,65,114,837,yes,53,1000
2025-05-23T17:05:18.176138,KXBTCD-25MAY2321-T106749.99,DELTA,57,100,65,114,838,yes,53,-1000
2025-05-23T17:05:18.176937,KXBTCD-25MAY2321-T106749.99,DELTA,57,100,65,114,839,yes,54,250
2025-05-23T17:05:18.177759,KXBTCD-25MAY2321-T106749.99,DELTA,57,100,65,114,840,yes,44,-250
2025-05-23T17:05:18.255672,KXBTCD-25MAY2321-T106749.99,DELTA,58,1000,65,114,841,yes,58,1000
2025-05-23T17:05:18.377163,KXBTCD-25MAY2321-T106749.99,DELTA,58,1000,65,114,842,yes,53,-2000
2025-05-23T17:05:18.377836,KXBTCD-25MAY2321-T106749.99,DELTA,58,1000,65,114,843,yes,53,-1250
2025-05-23T17:05:18.396542,KXBTCD-25MAY2321-T106749.99,DELTA,58,1000,65,14,844,no,35,-100
2025-05-23T17:05:18.436353,KXBTCD-25MAY2321-T106749.99,DELTA,58,1000,65,14,845,yes,55,2000
2025-05-23T17:05:18.456296,KXBTCD-25MAY2321-T106749.99,DELTA,58,1000,65,14,846,yes,55,1250
2025-05-23T17:05:18.516189,KXBTCD-25MAY2321-T106749.99,DELTA,58,1000,65,14,847,yes,54,-250
2025-05-23T17:05:18.516969,KXBTCD-25MAY2321-T106749.99,DELTA,58,1000,65,14,848,yes,44,250
2025-05-23T17:05:18.576331,KXBTCD-25MAY2321-T106749.99,DELTA,58,1000,65,14,849,yes,55,-2000
2025-05-23T17:05:18.576904,KXBTCD-25MAY2321-T106749.99,DELTA,58,1000,65,14,850,yes,55,-1250
2025-05-23T17:05:18.635353,KXBTCD-25MAY2321-T106749.99,DELTA,58,1000,65,14,851,yes,53,1250
2025-05-23T17:05:18.635875,KXBTCD-25MAY2321-T106749.99,DELTA,58,1000,65,14,852,no,28,-1250
2025-05-23T17:05:18.755956,KXBTCD-25MAY2321-T106749.99,DELTA,58,1000,65,14,853,yes,53,2000
2025-05-23T17:05:18.836434,KXBTCD-25MAY2321-T106749.99,DELTA,58,1000,65,14,854,no,28,1250
2025-05-23T17:05:19.335842,KXBTCD-25MAY2321-T106749.99,DELTA,58,1000,65,14,855,no,33,-1000
2025-05-23T17:05:19.377195,KXBTCD-25MAY2321-T106749.99,DELTA,58,1000,65,14,856,no,32,1000
2025-05-23T17:05:19.576134,KXBTCD-25MAY2321-T106749.99,DELTA,58,1000,65,114,857,no,35,100
2025-05-23T17:05:20.056827,KXBTCD-25MAY2321-T106749.99,DELTA,58,1000,65,114,858,no,32,-1000
2025-05-23T17:05:20.117271,KXBTCD-25MAY2321-T106749.99,DELTA,58,1000,65,114,859,no,33,1000
2025-05-23T17:05:20.137833,KXBTCD-25MAY2321-T106749.99,DELTA,58,1000,65,114,860,yes,44,-250
2025-05-23T17:05:20.138352,KXBTCD-25MAY2321-T106749.99,DELTA,58,1000,65,114,861,yes,54,250
2025-05-23T17:05:20.198241,KXBTCD-25MAY2321-T106749.99,DELTA,58,1000,65,114,862,yes,53,-2000
2025-05-23T17:05:20.216572,KXBTCD-25MAY2321-T106749.99,DELTA,58,1000,65,114,863,yes,53,-1250
2025-05-23T17:05:20.277807,KXBTCD-25MAY2321-T106749.99,DELTA,58,1000,65,114,864,yes,55,2000
2025-05-23T17:05:20.278317,KXBTCD-25MAY2321-T106749.99,DELTA,58,1000,65,114,865,yes,55,1250
2025-05-23T17:05:20.635246,KXBTCD-25MAY2321-T106749.99,DELTA,58,1000,65,114,866,yes,9,-3600
2025-05-23T17:05:20.635515,KXBTCD-25MAY2321-T106749.99,DELTA,58,1000,65,114,867,yes,11,2945
2025-05-23T17:05:20.695323,KXBTCD-25MAY2321-T106749.99,DELTA,58,1000,65,114,868,no,6,-5400
2025-05-23T17:05:20.695815,KXBTCD-25MAY2321-T106749.99,DELTA,58,1000,65,114,869,no,7,4628
2025-05-23T17:05:20.756949,KXBTCD-25MAY2321-T106749.99,DELTA,58,1000,65,114,870,yes,10,-20000
2025-05-23T17:05:21.120432,KXBTCD-25MAY2321-T106749.99,DELTA,58,1000,65,114,871,no,7,-20000
2025-05-23T17:05:21.177699,KXBTCD-25MAY2321-T106749.99,DELTA,58,1000,65,114,872,no,8,20000
2025-05-23T17:05:21.297156,KXBTCD-25MAY2321-T106749.99,DELTA,58,1000,65,114,873,yes,54,-250
2025-05-23T17:05:21.297756,KXBTCD-25MAY2321-T106749.99,DELTA,58,1000,65,114,874,yes,44,250
2025-05-23T17:05:21.337135,KXBTCD-25MAY2321-T106749.99,DELTA,58,1000,65,114,875,no,28,-1250
2025-05-23T17:05:21.377014,KXBTCD-25MAY2321-T106749.99,DELTA,58,1000,65,114,876,yes,55,-2000
2025-05-23T17:05:21.395806,KXBTCD-25MAY2321-T106749.99,DELTA,58,1000,65,114,877,yes,55,-1250
2025-05-23T17:05:21.516041,KXBTCD-25MAY2321-T106749.99,DELTA,58,1000,65,114,878,no,28,1250
2025-05-23T17:05:21.556307,KXBTCD-25MAY2321-T106749.99,DELTA,58,1000,65,114,879,yes,53,1250
2025-05-23T17:05:21.635399,KXBTCD-25MAY2321-T106749.99,DELTA,58,1000,65,114,880,yes,53,2000
2025-05-23T17:05:21.795661,KXBTCD-25MAY2321-T106749.99,DELTA,58,1000,65,114,881,no,28,-1250
2025-05-23T17:05:21.937634,KXBTCD-25MAY2321-T106749.99,DELTA,58,1000,65,114,882,no,29,1250
2025-05-23T17:05:22.087949,KXBTCD-25MAY2321-T106749.99,DELTA,58,1000,65,114,883,yes,53,14
2025-05-23T17:05:22.088563,KXBTCD-25MAY2321-T106749.99,DELTA,58,1000,65,114,884,yes,55,-14
2025-05-23T17:05:22.089145,KXBTCD-25MAY2321-T106749.99,DELTA,58,1000,65,100,885,no,35,-14
2025-05-23T17:05:22.089660,KXBTCD-25MAY2321-T106749.99,DELTA,58,1000,63,14,886,no,37,14
2025-05-23T17:05:22.136655,KXBTCD-25MAY2321-T106749.99,DELTA,58,1000,63,14,887,no,30,-2000
2025-05-23T17:05:22.157045,KXBTCD-25MAY2321-T106749.99,DELTA,58,1000,63,14,888,no,29,-1250
2025-05-23T17:05:22.157635,KXBTCD-25MAY2321-T106749.99,DELTA,58,1000,63,14,889,no,24,-250
2025-05-23T17:05:22.176209,KXBTCD-25MAY2321-T106749.99,DELTA,58,1000,63,14,890,no,34,250
2025-05-23T17:05:22.238071,KXBTCD-25MAY2321-T106749.99,DELTA,58,1000,63,14,891,no,30,1250
2025-05-23T17:05:22.238682,KXBTCD-25MAY2321-T106749.99,DELTA,58,1000,63,14,892,no,31,2000
2025-05-23T17:05:22.336974,KXBTCD-25MAY2321-T106749.99,DELTA,58,1000,63,14,893,no,33,-1000
2025-05-23T17:05:22.337499,KXBTCD-25MAY2321-T106749.99,DELTA,58,1000,63,14,894,no,35,-100
2025-05-23T17:05:22.437135,KXBTCD-25MAY2321-T106749.99,DELTA,58,1000,63,14,895,no,34,1000
2025-05-23T17:05:22.936799,KXBTCD-25MAY2321-T106749.99,DELTA,58,1000,63,14,896,no,30,-1250
2025-05-23T17:05:23.017204,KXBTCD-25MAY2321-T106749.99,DELTA,58,1000,63,14,897,no,29,1250
2025-05-23T17:05:23.415865,KXBTCD-25MAY2321-T106749.99,DELTA,58,1000,63,14,898,yes,57,-100
2025-05-23T17:05:23.516920,KXBTCD-25MAY2321-T106749.99,DELTA,53,3264,63,14,899,yes,58,-1000
2025-05-23T17:05:23.595962,KXBTCD-25MAY2321-T106749.99,DELTA,53,4264,63,14,900,yes,53,1000
2025-05-23T17:05:23.895552,KXBTCD-25MAY2321-T106749.99,DELTA,53,4264,63,14,901,no,29,-1250
2025-05-23T17:05:23.895763,KXBTCD-25MAY2321-T106749.99,DELTA,53,4264,63,114,902,no,37,100
2025-05-23T17:05:23.994918,KXBTCD-25MAY2321-T106749.99,DELTA,53,4264,63,114,903,no,30,1250
2025-05-23T17:05:24.196985,KXBTCD-25MAY2321-T106749.99,DELTA,53,4264,63,114,904,no,30,-1250
2025-05-23T17:05:24.197600,KXBTCD-25MAY2321-T106749.99,DELTA,53,4264,63,114,905,no,34,-1000
2025-05-23T17:05:24.295932,KXBTCD-25MAY2321-T106749.99,DELTA,55,14,63,114,906,yes,55,14
2025-05-23T17:05:24.296437,KXBTCD-25MAY2321-T106749.99,DELTA,55,14,63,114,907,yes,53,-14
2025-05-23T17:05:24.315526,KXBTCD-25MAY2321-T106749.99,DELTA,55,14,63,114,908,no,31,-2000
2025-05-23T17:05:24.316227,KXBTCD-25MAY2321-T106749.99,DELTA,55,14,63,114,909,no,28,1250
2025-05-23T17:05:24.316398,KXBTCD-25MAY2321-T106749.99,DELTA,55,14,63,114,910,no,33,1000
2025-05-23T17:05:24.316526,KXBTCD-25MAY2321-T106749.99,DELTA,55,14,63,114,911,no,34,-250
2025-05-23T17:05:24.316937,KXBTCD-25MAY2321-T106749.99,DELTA,55,14,63,114,912,no,24,250
2025-05-23T17:05:24.317384,KXBTCD-25MAY2321-T106749.99,DELTA,55,14,63,100,913,no,37,-14
2025-05-23T17:05:24.318095,KXBTCD-25MAY2321-T106749.99,DELTA,55,14,63,100,914,no,35,14
2025-05-23T17:05:24.517057,KXBTCD-25MAY2321-T106749.99,DELTA,55,14,63,100,915,no,29,2000
2025-05-23T17:05:24.517280,KXBTCD-25MAY2321-T106749.99,DELTA,55,14,63,100,916,no,33,-1000
2025-05-23T17:05:24.796155,KXBTCD-25MAY2321-T106749.99,DELTA,55,14,63,100,917,no,28,-1250
2025-05-23T17:05:24.796915,KXBTCD-25MAY2321-T106749.99,DELTA,55,14,63,100,918,no,31,1000
2025-05-23T17:05:24.819315,KXBTCD-25MAY2321-T106749.99,DELTA,55,14,63,100,919,no,29,-2000
2025-05-23T17:05:25.317455,KXBTCD-25MAY2321-T106749.99,DELTA,55,14,63,100,920,no,27,1250
2025-05-23T17:05:25.318308,KXBTCD-25MAY2321-T106749.99,DELTA,55,14,63,100,921,no,28,2000
2025-05-23T17:05:25.318833,KXBTCD-25MAY2321-T106749.99,DELTA,55,14,65,14,922,no,37,-100
2025-05-23T17:05:25.417067,KXBTCD-25MAY2321-T106749.99,DELTA,55,14,65,14,923,yes,54,250
2025-05-23T17:05:25.417322,KXBTCD-25MAY2321-T106749.99,DELTA,55,14,65,14,924,yes,44,-250
2025-05-23T17:05:25.517013,KXBTCD-25MAY2321-T106749.99,DELTA,55,14,65,14,925,yes,53,-2000
2025-05-23T17:05:25.596062,KXBTCD-25MAY2321-T106749.99,DELTA,55,14,65,14,926,yes,53,-1000
2025-05-23T17:05:25.717121,KXBTCD-25MAY2321-T106749.99,DELTA,55,14,65,14,927,no,31,-1000
2025-05-23T17:05:25.718494,KXBTCD-25MAY2321-T106749.99,DELTA,55,14,65,14,928,yes,53,-1250
2025-05-23T17:05:25.820060,KXBTCD-25MAY2321-T106749.99,DELTA,55,14,65,14,929,no,27,-1250
2025-05-23T17:05:25.820429,KXBTCD-25MAY2321-T106749.99,DELTA,55,1014,65,14,930,yes,55,1000
2025-05-23T17:05:25.820588,KXBTCD-25MAY2321-T106749.99,DELTA,55,3014,65,14,931,yes,55,2000
2025-05-23T17:05:25.820809,KXBTCD-25MAY2321-T106749.99,DELTA,55,4264,65,14,932,yes,55,1250
2025-05-23T17:05:26.096242,KXBTCD-25MAY2321-T106749.99,DELTA,58,100,65,14,933,yes,58,100
2025-05-23T17:05:26.097054,KXBTCD-25MAY2321-T106749.99,DELTA,58,100,65,14,934,no,30,1000
2025-05-23T17:05:26.097443,KXBTCD-25MAY2321-T106749.99,DELTA,58,100,65,14,935,no,26,1250
2025-05-23T17:05:26.216437,KXBTCD-25MAY2321-T106749.99,DELTA,58,100,65,14,936,no,32,-250
2025-05-23T17:05:26.216821,KXBTCD-25MAY2321-T106749.99,DELTA,58,100,65,14,937,no,22,250
2025-05-23T17:05:26.217180,KXBTCD-25MAY2321-T106749.99,DELTA,58,100,65,14,938,yes,55,-1000
2025-05-23T17:05:26.317481,KXBTCD-25MAY2321-T106749.99,DELTA,59,1000,65,14,939,yes,59,1000
2025-05-23T17:05:26.318390,KXBTCD-25MAY2321-T106749.99,DELTA,59,1000,65,14,940,no,30,-1000
2025-05-23T17:05:26.396383,KXBTCD-25MAY2321-T106749.99,DELTA,59,1000,65,14,941,no,26,-1250
2025-05-23T17:05:26.417201,KXBTCD-25MAY2321-T106749.99,DELTA,59,1000,65,14,942,yes,46,-250
2025-05-23T17:05:26.417516,KXBTCD-25MAY2321-T106749.99,DELTA,59,1000,65,14,943,yes,56,250
2025-05-23T17:05:26.455455,KXBTCD-25MAY2321-T106749.99,DELTA,59,1000,65,14,944,no,31,1000
2025-05-23T17:05:26.455940,KXBTCD-25MAY2321-T106749.99,DELTA,59,1000,65,14,945,no,27,1250
2025-05-23T17:05:26.535902,KXBTCD-25MAY2321-T106749.99,DELTA,59,1000,65,14,946,yes,55,-2000
2025-05-23T17:05:26.536336,KXBTCD-25MAY2321-T106749.99,DELTA,59,1000,65,14,947,yes,55,-1250
2025-05-23T17:05:26.637100,KXBTCD-25MAY2321-T106749.99,DELTA,59,1000,65,14,948,yes,57,1250
2025-05-23T17:05:26.637584,KXBTCD-25MAY2321-T106749.99,DELTA,59,1000,65,14,949,yes,57,2000
2025-05-23T17:05:27.096750,KXBTCD-25MAY2321-T106749.99,DELTA,59,1000,65,14,950,no,34,100
2025-05-23T17:05:27.136045,KXBTCD-25MAY2321-T106749.99,DELTA,59,1000,65,14,951,yes,56,-250
2025-05-23T17:05:27.155840,KXBTCD-25MAY2321-T106749.99,DELTA,59,1000,65,14,952,yes,46,250
2025-05-23T17:05:27.215661,KXBTCD-25MAY2321-T106749.99,DELTA,59,1000,65,14,953,yes,57,-2000
2025-05-23T17:05:27.216057,KXBTCD-25MAY2321-T106749.99,DELTA,59,1000,65,14,954,yes,57,-1250
2025-05-23T17:05:27.276917,KXBTCD-25MAY2321-T106749.99,DELTA,59,1000,65,14,955,yes,55,1250
2025-05-23T17:05:27.277611,KXBTCD-25MAY2321-T106749.99,DELTA,59,1000,65,14,956,yes,55,2000
2025-05-23T17:05:27.455610,KXBTCD-25MAY2321-T106749.99,DELTA,59,1000,65,14,957,no,31,-1000
2025-05-23T17:05:27.475154,KXBTCD-25MAY2321-T106749.99,DELTA,59,1000,65,14,958,no,27,-1250
2025-05-23T17:05:27.475300,KXBTCD-25MAY2321-T106749.99,DELTA,59,1000,65,14,959,yes,56,14
2025-05-23T17:05:27.475380,KXBTCD-25MAY2321-T106749.99,DELTA,59,1000,65,14,960,yes,55,-14
2025-05-23T17:05:27.502662,KXBTCD-25MAY2321-T106749.99,DELTA,59,1000,66,100,961,no,35,-14
2025-05-23T17:05:27.502764,KXBTCD-25MAY2321-T106749.99,DELTA,59,1000,66,114,962,no,34,14
2025-05-23T17:05:27.537076,KXBTCD-25MAY2321-T106749.99,DELTA,59,1000,66,114,963,no,26,1250
2025-05-23T17:05:27.537249,KXBTCD-25MAY2321-T106749.99,DELTA,59,1000,66,114,964,no,30,1000
2025-05-23T17:05:27.677230,KXBTCD-25MAY2321-T106749.99,DELTA,59,1000,66,114,965,no,20,250
2025-05-23T17:05:27.697227,KXBTCD-25MAY2321-T106749.99,DELTA,59,1000,66,114,966,yes,58,14
2025-05-23T17:05:27.697526,KXBTCD-25MAY2321-T106749.99,DELTA,59,1000,66,114,967,yes,56,-14
2025-05-23T17:05:27.697747,KXBTCD-25MAY2321-T106749.99,DELTA,59,1000,66,114,968,no,30,-250
2025-05-23T17:05:27.697918,KXBTCD-25MAY2321-T106749.99,DELTA,59,1000,66,114,969,no,32,14
2025-05-23T17:05:27.698063,KXBTCD-25MAY2321-T106749.99,DELTA,59,1000,66,100,970,no,34,-14
2025-05-23T17:05:27.718002,KXBTCD-25MAY2321-T106749.99,DELTA,59,1000,66,100,971,no,28,-2000
2025-05-23T17:05:27.718498,KXBTCD-25MAY2321-T106749.99,DELTA,59,1000,66,100,972,no,26,-1250
2025-05-23T17:05:27.777119,KXBTCD-25MAY2321-T106749.99,DELTA,59,1000,66,100,973,no,26,2000
2025-05-23T17:05:27.777872,KXBTCD-25MAY2321-T106749.99,DELTA,59,1000,66,100,974,no,25,1250
2025-05-23T17:05:27.836053,KXBTCD-25MAY2321-T106749.99,DELTA,59,1000,66,100,975,no,30,-1000
2025-05-23T17:05:28.056027,KXBTCD-25MAY2321-T106749.99,DELTA,59,1000,66,100,976,yes,11,-2945
2025-05-23T17:05:28.056593,KXBTCD-25MAY2321-T106749.99,DELTA,59,1000,66,100,977,yes,9,3600
2025-05-23T17:05:28.095680,KXBTCD-25MAY2321-T106749.99,DELTA,59,1000,66,100,978,yes,58,-100
2025-05-23T17:05:28.115756,KXBTCD-25MAY2321-T106749.99,DELTA,59,1000,66,100,979,no,7,-4628
2025-05-23T17:05:28.116216,KXBTCD-25MAY2321-T106749.99,DELTA,59,1000,66,100,980,no,9,3600
2025-05-23T17:05:28.137055,KXBTCD-25MAY2321-T106749.99,DELTA,59,1000,66,100,981,yes,10,20000
2025-05-23T17:05:28.157698,KXBTCD-25MAY2321-T106749.99,DELTA,59,1000,66,100,982,no,29,1000
2025-05-23T17:05:28.158077,KXBTCD-25MAY2321-T106749.99,DELTA,58,14,66,100,983,yes,59,-1000
2025-05-23T17:05:28.177263,KXBTCD-25MAY2321-T106749.99,DELTA,58,14,66,100,984,yes,46,-250
2025-05-23T17:05:28.177671,KXBTCD-25MAY2321-T106749.99,DELTA,58,14,66,100,985,yes,56,250
2025-05-23T17:05:28.216133,KXBTCD-25MAY2321-T106749.99,DELTA,58,14,66,100,986,no,8,-20000
2025-05-23T17:05:28.216544,KXBTCD-25MAY2321-T106749.99,DELTA,58,14,66,100,987,yes,55,1000
2025-05-23T17:05:28.275575,KXBTCD-25MAY2321-T106749.99,DELTA,58,14,66,100,988,no,10,20000
2025-05-23T17:05:28.336164,KXBTCD-25MAY2321-T106749.99,DELTA,58,14,68,14,989,no,34,-100
2025-05-23T17:05:28.496047,KXBTCD-25MAY2321-T106749.99,DELTA,58,14,68,14,990,yes,55,-2000
2025-05-23T17:05:28.515662,KXBTCD-25MAY2321-T106749.99,DELTA,58,14,68,14,991,yes,55,-1000
2025-05-23T17:05:28.516127,KXBTCD-25MAY2321-T106749.99,DELTA,58,14,68,14,992,yes,8,-8000
2025-05-23T17:05:28.516661,KXBTCD-25MAY2321-T106749.99,DELTA,58,14,68,14,993,yes,55,-1250
2025-05-23T17:05:28.556067,KXBTCD-25MAY2321-T106749.99,DELTA,58,14,68,14,994,yes,9,8000
2025-05-23T17:05:28.595793,KXBTCD-25MAY2321-T106749.99,DELTA,58,14,68,14,995,yes,57,1000
2025-05-23T17:05:28.596217,KXBTCD-25MAY2321-T106749.99,DELTA,58,14,68,14,996,yes,57,1250
2025-05-23T17:05:28.596532,KXBTCD-25MAY2321-T106749.99,DELTA,58,14,68,14,997,yes,57,2000
2025-05-23T17:05:28.917378,KXBTCD-25MAY2321-T106749.99,DELTA,60,100,68,14,998,yes,60,100
2025-05-23T17:05:28.975353,KXBTCD-25MAY2321-T106749.99,DELTA,60,100,68,14,999,yes,57,-1000
2025-05-23T17:05:29.016178,KXBTCD-25MAY2321-T106749.99,DELTA,61,1000,68,14,1000,yes,61,1000
2025-05-23T17:05:29.136027,KXBTCD-25MAY2321-T106749.99,DELTA,61,1000,68,14,1001,yes,48,-250
2025-05-23T17:05:29.136576,KXBTCD-25MAY2321-T106749.99,DELTA,61,1000,68,14,1002,yes,58,250
2025-05-23T17:05:29.216622,KXBTCD-25MAY2321-T106749.99,DELTA,61,1000,68,14,1003,yes,57,-2000
2025-05-23T17:05:29.216964,KXBTCD-25MAY2321-T106749.99,DELTA,61,1000,68,14,1004,yes,9,-3600
2025-05-23T17:05:29.217160,KXBTCD-25MAY2321-T106749.99,DELTA,61,1000,68,14,1005,yes,11,2945
2025-05-23T17:05:29.217289,KXBTCD-25MAY2321-T106749.99,DELTA,61,1000,68,14,1006,yes,57,-1250
2025-05-23T17:05:29.255857,KXBTCD-25MAY2321-T106749.99,DELTA,61,1000,68,14,1007,yes,59,2000
2025-05-23T17:05:29.277200,KXBTCD-25MAY2321-T106749.99,DELTA,61,1000,68,14,1008,yes,59,1250
2025-05-23T17:05:29.277701,KXBTCD-25MAY2321-T106749.99,DELTA,61,1000,68,14,1009,yes,10,-20000
2025-05-23T17:05:29.336337,KXBTCD-25MAY2321-T106749.99,DELTA,61,1000,68,14,1010,no,9,-3600
2025-05-23T17:05:29.337595,KXBTCD-25MAY2321-T106749.99,DELTA,61,1000,68,14,1011,no,4,8100
2025-05-23T17:05:29.455283,KXBTCD-25MAY2321-T106749.99,DELTA,61,1000,68,14,1012,no,10,-20000
2025-05-23T17:05:29.495517,KXBTCD-25MAY2321-T106749.99,DELTA,61,1000,68,14,1013,no,5,20000
2025-05-23T17:05:29.535726,KXBTCD-25MAY2321-T106749.99,DELTA,61,1000,68,114,1014,no,32,100
2025-05-23T17:05:31.297289,KXBTCD-25MAY2321-T106749.99,DELTA,61,1000,68,114,1015,no,29,-1000
2025-05-23T17:05:31.298014,KXBTCD-25MAY2321-T106749.99,DELTA,61,1000,68,114,1016,no,26,-2000
2025-05-23T17:05:31.298304,KXBTCD-25MAY2321-T106749.99,DELTA,61,1000,68,114,1017,no,25,-1250
2025-05-23T17:05:31.356194,KXBTCD-25MAY2321-T106749.99,DELTA,61,1000,68,114,1018,no,24,1250
2025-05-23T17:05:31.356537,KXBTCD-25MAY2321-T106749.99,DELTA,61,1000,68,114,1019,no,25,2000
2025-05-23T17:05:31.437267,KXBTCD-25MAY2321-T106749.99,DELTA,61,1000,68,114,1020,no,28,1000
2025-05-23T17:05:31.487417,KXBTCD-25MAY2321-T106749.99,DELTA,61,1000,68,114,1021,no,18,250
2025-05-23T17:05:31.488007,KXBTCD-25MAY2321-T106749.99,DELTA,61,1000,68,114,1022,no,28,-250
2025-05-23T17:05:31.498840,KXBTCD-25MAY2321-T106749.99,DELTA,61,1000,68,114,1023,yes,11,-2945
2025-05-23T17:05:31.499283,KXBTCD-25MAY2321-T106749.99,DELTA,61,1000,68,114,1024,yes,10,3240
2025-05-23T17:05:31.537232,KXBTCD-25MAY2321-T106749.99,DELTA,61,1000,68,114,1025,yes,9,-8000
2025-05-23T17:05:31.537996,KXBTCD-25MAY2321-T106749.99,DELTA,61,1000,68,114,1026,yes,60,14
2025-05-23T17:05:31.557134,KXBTCD-25MAY2321-T106749.99,DELTA,61,1000,68,114,1027,no,4,-8100
2025-05-23T17:05:31.557426,KXBTCD-25MAY2321-T106749.99,DELTA,61,1000,68,114,1028,no,6,5400
2025-05-23T17:05:31.557655,KXBTCD-25MAY2321-T106749.99,DELTA,61,1000,68,114,1029,yes,58,-14
2025-05-23T17:05:31.557847,KXBTCD-25MAY2321-T106749.99,DELTA,61,1000,68,114,1030,no,30,14
2025-05-23T17:05:31.558227,KXBTCD-25MAY2321-T106749.99,DELTA,61,1000,68,100,1031,no,32,-14
2025-05-23T17:05:31.598356,KXBTCD-25MAY2321-T106749.99,DELTA,61,1000,68,100,1032,yes,11,20000
2025-05-23T17:05:31.717026,KXBTCD-25MAY2321-T106749.99,DELTA,61,1000,68,100,1033,yes,10,8000
2025-05-23T17:05:31.760680,KXBTCD-25MAY2321-T106749.99,DELTA,61,1000,68,100,1034,no,28,-1000
2025-05-23T17:05:31.817811,KXBTCD-25MAY2321-T106749.99,DELTA,61,1000,68,100,1035,no,27,1000
2025-05-23T17:05:31.857104,KXBTCD-25MAY2321-T106749.99,DELTA,61,1000,68,100,1036,no,5,-20000
2025-05-23T17:05:31.877538,KXBTCD-25MAY2321-T106749.99,DELTA,61,1000,68,100,1037,yes,60,-100
2025-05-23T17:05:31.917170,KXBTCD-25MAY2321-T106749.99,DELTA,61,1000,68,100,1038,no,7,20000
2025-05-23T17:05:31.917679,KXBTCD-25MAY2321-T106749.99,DELTA,61,1000,68,100,1039,no,24,-1250
2025-05-23T17:05:31.975822,KXBTCD-25MAY2321-T106749.99,DELTA,61,1000,68,100,1040,no,23,1250
2025-05-23T17:05:31.976055,KXBTCD-25MAY2321-T106749.99,DELTA,60,14,68,100,1041,yes,61,-1000
2025-05-23T17:05:32.035814,KXBTCD-25MAY2321-T106749.99,DELTA,60,14,68,100,1042,yes,59,1000
2025-05-23T17:05:32.076090,KXBTCD-25MAY2321-T106749.99,DELTA,60,14,68,100,1043,yes,40,-200
2025-05-23T17:05:32.076497,KXBTCD-25MAY2321-T106749.99,DELTA,60,14,68,100,1044,yes,50,200
2025-05-23T17:05:32.297409,KXBTCD-25MAY2321-T106749.99,DELTA,60,14,68,100,1045,yes,50,-250
2025-05-23T17:05:32.339010,KXBTCD-25MAY2321-T106749.99,DELTA,60,264,68,100,1046,yes,60,250
2025-05-23T17:05:32.456101,KXBTCD-25MAY2321-T106749.99,DELTA,60,264,68,100,1047,yes,59,-2000
2025-05-23T17:05:32.456980,KXBTCD-25MAY2321-T106749.99,DELTA,60,264,68,100,1048,yes,59,-1000
2025-05-23T17:05:32.474734,KXBTCD-25MAY2321-T106749.99,DELTA,60,264,68,100,1049,yes,59,-1250
2025-05-23T17:05:32.535457,KXBTCD-25MAY2321-T106749.99,DELTA,60,264,70,14,1050,no,32,-100
2025-05-23T17:05:32.535660,KXBTCD-25MAY2321-T106749.99,DELTA,61,1250,70,14,1051,yes,61,1250
2025-05-23T17:05:32.535738,KXBTCD-25MAY2321-T106749.99,DELTA,61,3250,70,14,1052,yes,61,2000
2025-05-23T17:05:32.535806,KXBTCD-25MAY2321-T106749.99,DELTA,61,4250,70,14,1053,yes,61,1000
2025-05-23T17:05:32.595202,KXBTCD-25MAY2321-T106749.99,DELTA,61,4250,70,14,1054,yes,10,-3240
2025-05-23T17:05:32.595417,KXBTCD-25MAY2321-T106749.99,DELTA,61,4250,70,14,1055,yes,12,2700
2025-05-23T17:05:32.655732,KXBTCD-25MAY2321-T106749.99,DELTA,61,4250,70,14,1056,no,6,-5400
2025-05-23T17:05:32.656063,KXBTCD-25MAY2321-T106749.99,DELTA,61,4250,70,14,1057,no,3,10800
2025-05-23T17:05:32.718682,KXBTCD-25MAY2321-T106749.99,DELTA,61,4250,70,14,1058,yes,11,-20000
2025-05-23T17:05:32.836168,KXBTCD-25MAY2321-T106749.99,DELTA,61,4250,70,14,1059,no,7,-20000
2025-05-23T17:05:32.895638,KXBTCD-25MAY2321-T106749.99,DELTA,61,4250,70,14,1060,no,25,-2000
2025-05-23T17:05:32.976412,KXBTCD-25MAY2321-T106749.99,DELTA,61,4250,70,14,1061,no,24,2000
2025-05-23T17:05:32.996046,KXBTCD-25MAY2321-T106749.99,DELTA,61,4250,70,14,1062,no,26,-250
2025-05-23T17:05:33.017518,KXBTCD-25MAY2321-T106749.99,DELTA,61,4250,70,14,1063,no,16,250
2025-05-23T17:05:33.078191,KXBTCD-25MAY2321-T106749.99,DELTA,61,4250,70,14,1064,yes,10,-8000
2025-05-23T17:05:33.078989,KXBTCD-25MAY2321-T106749.99,DELTA,62,100,70,14,1065,yes,62,100
2025-05-23T17:05:33.117270,KXBTCD-25MAY2321-T106749.99,DELTA,62,100,70,14,1066,no,4,20000
2025-05-23T17:05:33.117739,KXBTCD-25MAY2321-T106749.99,DELTA,62,100,70,14,1067,no,27,-1000
2025-05-23T17:05:33.156238,KXBTCD-25MAY2321-T106749.99,DELTA,62,350,70,14,1068,yes,62,250
2025-05-23T17:05:33.196388,KXBTCD-25MAY2321-T106749.99,DELTA,62,350,70,14,1069,yes,52,-250
2025-05-23T17:05:33.196839,KXBTCD-25MAY2321-T106749.99,DELTA,62,350,70,14,1070,yes,11,8000
2025-05-23T17:05:33.197159,KXBTCD-25MAY2321-T106749.99,DELTA,62,350,70,14,1071,yes,61,-1000
2025-05-23T17:05:33.216240,KXBTCD-25MAY2321-T106749.99,DELTA,62,350,70,14,1072,no,25,1000
2025-05-23T17:05:33.275681,KXBTCD-25MAY2321-T106749.99,DELTA,62,350,70,14,1073,yes,61,-2000
2025-05-23T17:05:33.296334,KXBTCD-25MAY2321-T106749.99,DELTA,62,350,70,14,1074,yes,61,-1250
2025-05-23T17:05:33.375702,KXBTCD-25MAY2321-T106749.99,DELTA,63,2000,70,14,1075,yes,63,2000
2025-05-23T17:05:33.376068,KXBTCD-25MAY2321-T106749.99,DELTA,63,3250,70,14,1076,yes,63,1250
2025-05-23T17:05:33.515904,KXBTCD-25MAY2321-T106749.99,DELTA,63,4250,70,14,1077,yes,63,1000
2025-05-23T17:05:33.638848,KXBTCD-25MAY2321-T106749.99,DELTA,63,4250,70,114,1078,no,30,100
2025-05-23T17:05:33.835956,KXBTCD-25MAY2321-T106749.99,DELTA,63,4250,70,114,1079,yes,61,14
2025-05-23T17:05:33.836892,KXBTCD-25MAY2321-T106749.99,DELTA,63,4250,70,114,1080,yes,60,-14
2025-05-23T17:05:33.837255,KXBTCD-25MAY2321-T106749.99,DELTA,63,4250,70,100,1081,no,30,-14
2025-05-23T17:05:33.837509,KXBTCD-25MAY2321-T106749.99,DELTA,63,4250,70,100,1082,no,29,14
2025-05-23T17:05:34.456507,KXBTCD-25MAY2321-T106749.99,DELTA,63,4250,70,100,1083,yes,11,-8000
2025-05-23T17:05:34.475615,KXBTCD-25MAY2321-T106749.99,DELTA,63,4250,70,100,1084,no,24,-2000
2025-05-23T17:05:34.477223,KXBTCD-25MAY2321-T106749.99,DELTA,63,4250,70,100,1085,no,23,-1250
2025-05-23T17:05:34.555959,KXBTCD-25MAY2321-T106749.99,DELTA,63,4250,70,100,1086,yes,12,8000
2025-05-23T17:05:34.595657,KXBTCD-25MAY2321-T106749.99,DELTA,63,4250,70,100,1087,no,22,1250
2025-05-23T17:05:34.775523,KXBTCD-25MAY2321-T106749.99,DELTA,63,4250,70,100,1088,no,23,2000
2025-05-23T17:05:35.776190,KXBTCD-25MAY2321-T106749.99,DELTA,63,4250,70,100,1089,yes,12,-2700
2025-05-23T17:05:35.776447,KXBTCD-25MAY2321-T106749.99,DELTA,63,4250,70,100,1090,yes,13,2492
2025-05-23T17:05:35.797012,KXBTCD-25MAY2321-T106749.99,DELTA,63,4250,70,100,1091,no,14,250
2025-05-23T17:05:35.797579,KXBTCD-25MAY2321-T106749.99,DELTA,63,4250,70,100,1092,no,24,-250
2025-05-23T17:05:35.797959,KXBTCD-25MAY2321-T106749.99,DELTA,63,4250,70,100,1093,yes,61,-14
2025-05-23T17:05:35.798297,KXBTCD-25MAY2321-T106749.99,DELTA,63,4264,70,100,1094,yes,63,14
2025-05-23T17:05:35.816271,KXBTCD-25MAY2321-T106749.99,DELTA,63,4264,70,100,1095,no,29,-14
