timestamp,market_ticker,type,yes_bid_price_cents,yes_bid_qty,yes_ask_price_cents,yes_ask_qty_on_no_side,sequence_num,delta_side,delta_price_cents,delta_quantity
2025-05-20T15:01:20.921764,KXBTCD-25MAY2019-T106499.99,SNAPSHOT,71,1014,77,25,1,,,
2025-05-20T15:01:21.564615,KXBTCD-25MAY2019-T106499.99,DELTA,71,1114,77,25,2,yes,71,100
2025-05-20T15:01:21.605043,KXBTCD-25MAY2019-T106499.99,DELTA,71,114,77,25,3,yes,71,-1000
2025-05-20T15:01:21.645432,KXBTCD-25MAY2019-T106499.99,DELTA,72,1000,77,25,4,yes,72,1000
2025-05-20T15:01:21.712140,KXBTCD-25MAY2019-T106499.99,DELTA,72,1000,77,25,5,no,7,-4628
2025-05-20T15:01:21.712744,KXBTCD-25MAY2019-T106499.99,DELTA,72,1000,77,25,6,no,9,3600
2025-05-20T15:01:21.787501,KXBTCD-25MAY2019-T106499.99,DELTA,72,1000,77,25,7,no,8,-20000
2025-05-20T15:01:21.788442,KXBTCD-25MAY2019-T106499.99,DELTA,72,1000,77,25,8,no,8,-2000
2025-05-20T15:01:21.805965,KXBTCD-25MAY2019-T106499.99,DELTA,72,1000,77,25,9,no,8,-1250
2025-05-20T15:01:21.846847,KXBTCD-25MAY2019-T106499.99,DELTA,72,1000,77,25,10,no,10,20000
2025-05-20T15:01:21.847619,KXBTCD-25MAY2019-T106499.99,DELTA,72,1000,77,25,11,no,10,2000
2025-05-20T15:01:21.848203,KXBTCD-25MAY2019-T106499.99,DELTA,72,1000,77,25,12,no,10,1250
2025-05-20T15:01:22.426149,KXBTCD-25MAY2019-T106499.99,DELTA,72,1014,77,25,13,yes,72,14
2025-05-20T15:01:22.426684,KXBTCD-25MAY2019-T106499.99,DELTA,72,1014,77,25,14,yes,71,-14
2025-05-20T15:01:22.427036,KXBTCD-25MAY2019-T106499.99,DELTA,72,1014,77,25,15,yes,71,30
2025-05-20T15:01:22.427354,KXBTCD-25MAY2019-T106499.99,DELTA,72,1014,77,25,16,no,19,14
2025-05-20T15:01:22.427472,KXBTCD-25MAY2019-T106499.99,DELTA,72,1014,77,25,17,no,20,-14
2025-05-20T15:01:22.445132,KXBTCD-25MAY2019-T106499.99,DELTA,72,1014,77,25,18,no,18,30
2025-05-20T15:01:22.445399,KXBTCD-25MAY2019-T106499.99,DELTA,72,1014,77,25,19,yes,70,-30
2025-05-20T15:01:22.465676,KXBTCD-25MAY2019-T106499.99,DELTA,72,1014,77,25,20,no,19,-30
2025-05-20T15:01:22.507100,KXBTCD-25MAY2019-T106499.99,DELTA,72,1014,77,25,21,yes,65,-25
2025-05-20T15:01:22.507878,KXBTCD-25MAY2019-T106499.99,DELTA,72,1014,77,25,22,yes,68,25
2025-05-20T15:01:22.708625,KXBTCD-25MAY2019-T106499.99,DELTA,72,1014,77,25,23,yes,71,-100
2025-05-20T15:01:22.709828,KXBTCD-25MAY2019-T106499.99,DELTA,72,1014,77,25,24,no,22,-100
2025-05-20T15:01:22.770260,KXBTCD-25MAY2019-T106499.99,DELTA,72,1014,77,25,25,no,22,-1000
2025-05-20T15:01:22.806362,KXBTCD-25MAY2019-T106499.99,DELTA,72,1014,77,25,26,no,19,1000
2025-05-20T15:01:22.825715,KXBTCD-25MAY2019-T106499.99,DELTA,72,1014,81,1014,27,no,23,-25
2025-05-20T15:01:22.826549,KXBTCD-25MAY2019-T106499.99,DELTA,72,1014,81,1039,28,no,19,25
2025-05-20T15:01:22.865629,KXBTCD-25MAY2019-T106499.99,DELTA,72,1014,81,1014,29,no,19,-25
2025-05-20T15:01:22.866422,KXBTCD-25MAY2019-T106499.99,DELTA,72,1014,76,25,30,no,24,25
2025-05-20T15:01:22.896832,KXBTCD-25MAY2019-T106499.99,DELTA,72,1014,76,25,31,no,19,-1000
2025-05-20T15:01:22.925017,KXBTCD-25MAY2019-T106499.99,DELTA,72,1014,81,14,32,no,24,-25
2025-05-20T15:01:22.925883,KXBTCD-25MAY2019-T106499.99,DELTA,72,1014,80,25,33,no,20,25
2025-05-20T15:01:22.926472,KXBTCD-25MAY2019-T106499.99,DELTA,72,1014,80,25,34,no,19,1000
2025-05-20T15:01:23.086141,KXBTCD-25MAY2019-T106499.99,DELTA,72,1014,80,25,35,yes,16,-8000
2025-05-20T15:01:23.140997,KXBTCD-25MAY2019-T106499.99,DELTA,72,1014,80,25,36,yes,18,8000
2025-05-20T15:01:23.331861,KXBTCD-25MAY2019-T106499.99,DELTA,72,1014,80,25,37,yes,18,-8000
2025-05-20T15:01:23.364731,KXBTCD-25MAY2019-T106499.99,DELTA,72,1014,80,25,38,yes,23,8000
2025-05-20T15:01:24.486291,KXBTCD-25MAY2019-T106499.99,DELTA,73,100,80,25,39,yes,73,100
2025-05-20T15:01:24.486630,KXBTCD-25MAY2019-T106499.99,DELTA,73,100,80,25,40,no,19,100
2025-05-20T15:01:24.686393,KXBTCD-25MAY2019-T106499.99,DELTA,73,100,80,25,41,yes,72,-1000
2025-05-20T15:01:24.806231,KXBTCD-25MAY2019-T106499.99,DELTA,74,1000,80,25,42,yes,74,1000
2025-05-20T15:01:27.145781,KXBTCD-25MAY2019-T106499.99,DELTA,74,1000,80,25,43,no,19,-1000
2025-05-20T15:01:27.186329,KXBTCD-25MAY2019-T106499.99,DELTA,74,1000,80,25,44,no,18,1000
2025-05-20T15:01:27.268543,KXBTCD-25MAY2019-T106499.99,DELTA,74,1000,80,25,45,no,11,9
2025-05-20T15:01:27.865332,KXBTCD-25MAY2019-T106499.99,DELTA,74,1000,80,25,46,no,6,-3000
2025-05-20T15:01:27.903912,KXBTCD-25MAY2019-T106499.99,DELTA,74,1000,80,25,47,no,2,3000
2025-05-20T15:01:27.944688,KXBTCD-25MAY2019-T106499.99,DELTA,74,1000,80,25,48,yes,68,-25
2025-05-20T15:01:27.945425,KXBTCD-25MAY2019-T106499.99,DELTA,74,1000,80,25,49,yes,69,25
2025-05-20T15:01:28.195588,KXBTCD-25MAY2019-T106499.99,DELTA,74,1000,80,25,50,no,18,-1000
2025-05-20T15:01:28.226457,KXBTCD-25MAY2019-T106499.99,DELTA,74,1000,80,25,51,no,10,1000
2025-05-20T15:01:28.485755,KXBTCD-25MAY2019-T106499.99,DELTA,74,1000,80,25,52,yes,17,-1905
2025-05-20T15:01:28.486173,KXBTCD-25MAY2019-T106499.99,DELTA,74,1000,80,25,53,yes,24,1350
2025-05-20T15:01:28.526447,KXBTCD-25MAY2019-T106499.99,DELTA,74,1000,80,25,54,no,9,-3600
2025-05-20T15:01:28.527132,KXBTCD-25MAY2019-T106499.99,DELTA,74,1000,80,25,55,no,4,8100
2025-05-20T15:01:28.586054,KXBTCD-25MAY2019-T106499.99,DELTA,74,1000,80,25,56,no,10,-20000
2025-05-20T15:01:28.605723,KXBTCD-25MAY2019-T106499.99,DELTA,74,1000,80,25,57,no,10,-2000
2025-05-20T15:01:28.606030,KXBTCD-25MAY2019-T106499.99,DELTA,74,1000,80,25,58,no,10,-1000
2025-05-20T15:01:28.625316,KXBTCD-25MAY2019-T106499.99,DELTA,74,1000,80,25,59,no,10,-1250
2025-05-20T15:01:28.665307,KXBTCD-25MAY2019-T106499.99,DELTA,74,1000,80,25,60,no,5,1250
2025-05-20T15:01:28.665687,KXBTCD-25MAY2019-T106499.99,DELTA,74,1000,80,25,61,no,5,20000
2025-05-20T15:01:28.665892,KXBTCD-25MAY2019-T106499.99,DELTA,74,1000,80,25,62,no,5,1000
2025-05-20T15:01:28.666054,KXBTCD-25MAY2019-T106499.99,DELTA,74,1000,80,25,63,no,5,2000
2025-05-20T15:01:30.365852,KXBTCD-25MAY2019-T106499.99,DELTA,74,1000,80,25,64,yes,73,-100
2025-05-20T15:01:30.447060,KXBTCD-25MAY2019-T106499.99,DELTA,72,14,80,25,65,yes,74,-1000
2025-05-20T15:01:30.482166,KXBTCD-25MAY2019-T106499.99,DELTA,72,14,80,25,66,no,11,-9
2025-05-20T15:01:30.486323,KXBTCD-25MAY2019-T106499.99,DELTA,72,14,80,25,67,no,6,9
2025-05-20T15:01:30.487213,KXBTCD-25MAY2019-T106499.99,DELTA,72,1014,80,25,68,yes,72,1000
2025-05-20T15:01:31.164835,KXBTCD-25MAY2019-T106499.99,DELTA,74,100,80,25,69,yes,74,100
2025-05-20T15:01:31.225662,KXBTCD-25MAY2019-T106499.99,DELTA,74,100,80,25,70,yes,72,-1000
2025-05-20T15:01:31.245584,KXBTCD-25MAY2019-T106499.99,DELTA,74,100,80,25,71,no,4,-8100
2025-05-20T15:01:31.245813,KXBTCD-25MAY2019-T106499.99,DELTA,74,100,80,25,72,no,5,6480
2025-05-20T15:01:31.285648,KXBTCD-25MAY2019-T106499.99,DELTA,74,100,80,25,73,no,5,-1000
2025-05-20T15:01:31.285905,KXBTCD-25MAY2019-T106499.99,DELTA,75,1000,80,25,74,yes,75,1000
2025-05-20T15:01:31.325153,KXBTCD-25MAY2019-T106499.99,DELTA,75,1000,80,25,75,no,18,1000
2025-05-20T15:01:31.325419,KXBTCD-25MAY2019-T106499.99,DELTA,75,1000,80,25,76,no,5,-20000
2025-05-20T15:01:31.345877,KXBTCD-25MAY2019-T106499.99,DELTA,75,1000,80,25,77,no,5,-2000
2025-05-20T15:01:31.346065,KXBTCD-25MAY2019-T106499.99,DELTA,75,1000,80,25,78,no,5,-1250
2025-05-20T15:01:31.386231,KXBTCD-25MAY2019-T106499.99,DELTA,75,1000,80,25,79,no,6,20000
2025-05-20T15:01:31.386447,KXBTCD-25MAY2019-T106499.99,DELTA,75,1000,80,25,80,no,6,2000
2025-05-20T15:01:31.405802,KXBTCD-25MAY2019-T106499.99,DELTA,75,1000,80,25,81,no,6,1250
2025-05-20T15:01:31.925290,KXBTCD-25MAY2019-T106499.99,DELTA,75,1000,80,25,82,no,18,-1000
2025-05-20T15:01:31.966548,KXBTCD-25MAY2019-T106499.99,DELTA,75,1000,80,25,83,no,6,1000
2025-05-20T15:01:32.486539,KXBTCD-25MAY2019-T106499.99,DELTA,75,1000,80,25,84,no,5,-6480
2025-05-20T15:01:32.487752,KXBTCD-25MAY2019-T106499.99,DELTA,75,1000,80,25,85,no,4,8100
2025-05-20T15:01:32.548327,KXBTCD-25MAY2019-T106499.99,DELTA,75,1000,80,25,86,no,6,-20000
2025-05-20T15:01:32.549280,KXBTCD-25MAY2019-T106499.99,DELTA,75,1000,80,25,87,no,6,-2000
2025-05-20T15:01:32.565221,KXBTCD-25MAY2019-T106499.99,DELTA,75,1000,80,25,88,no,6,-1000
2025-05-20T15:01:32.565859,KXBTCD-25MAY2019-T106499.99,DELTA,75,1000,80,25,89,no,6,-1250
2025-05-20T15:01:32.586673,KXBTCD-25MAY2019-T106499.99,DELTA,75,1000,80,25,90,no,6,-9
2025-05-20T15:01:32.605822,KXBTCD-25MAY2019-T106499.99,DELTA,75,1000,80,25,91,no,7,9
2025-05-20T15:01:32.646308,KXBTCD-25MAY2019-T106499.99,DELTA,75,1000,80,25,92,no,5,20000
2025-05-20T15:01:32.647123,KXBTCD-25MAY2019-T106499.99,DELTA,75,1000,80,25,93,no,5,2000
2025-05-20T15:01:32.647687,KXBTCD-25MAY2019-T106499.99,DELTA,75,1000,80,25,94,no,5,1250
2025-05-20T15:01:32.648172,KXBTCD-25MAY2019-T106499.99,DELTA,75,1000,80,25,95,no,5,1000
2025-05-20T15:01:33.205968,KXBTCD-25MAY2019-T106499.99,DELTA,75,1000,80,25,96,no,5,-1000
2025-05-20T15:01:33.246403,KXBTCD-25MAY2019-T106499.99,DELTA,75,1000,80,25,97,no,18,1000
2025-05-20T15:01:42.446809,KXBTCD-25MAY2019-T106499.99,DELTA,75,1000,80,25,98,yes,74,-100
2025-05-20T15:01:42.447999,KXBTCD-25MAY2019-T106499.99,DELTA,75,1000,80,25,99,no,19,-100
2025-05-20T15:01:42.506232,KXBTCD-25MAY2019-T106499.99,DELTA,72,14,80,25,100,yes,75,-1000
2025-05-20T15:01:42.507010,KXBTCD-25MAY2019-T106499.99,DELTA,72,14,81,14,101,no,20,-25
2025-05-20T15:01:42.507658,KXBTCD-25MAY2019-T106499.99,DELTA,72,14,81,39,102,no,19,25
2025-05-20T15:01:42.546122,KXBTCD-25MAY2019-T106499.99,DELTA,72,14,81,39,103,no,7,-9
2025-05-20T15:01:42.547226,KXBTCD-25MAY2019-T106499.99,DELTA,72,1014,81,39,104,yes,72,1000
2025-05-20T15:01:43.386333,KXBTCD-25MAY2019-T106499.99,DELTA,74,100,81,39,105,yes,74,100
2025-05-20T15:01:43.386780,KXBTCD-25MAY2019-T106499.99,DELTA,74,100,81,39,106,no,18,100
2025-05-20T15:01:43.444600,KXBTCD-25MAY2019-T106499.99,DELTA,74,100,81,39,107,yes,72,-1000
2025-05-20T15:01:43.486333,KXBTCD-25MAY2019-T106499.99,DELTA,75,1000,81,39,108,yes,75,1000
2025-05-20T15:01:44.325919,KXBTCD-25MAY2019-T106499.99,DELTA,75,1000,81,39,109,yes,74,-100
2025-05-20T15:01:44.386160,KXBTCD-25MAY2019-T106499.99,DELTA,72,14,81,39,110,yes,75,-1000
2025-05-20T15:01:44.424925,KXBTCD-25MAY2019-T106499.99,DELTA,72,1014,81,39,111,yes,72,1000
2025-05-20T15:01:45.264800,KXBTCD-25MAY2019-T106499.99,DELTA,75,100,81,39,112,yes,75,100
2025-05-20T15:01:45.326719,KXBTCD-25MAY2019-T106499.99,DELTA,75,100,81,39,113,yes,72,-1000
2025-05-20T15:01:45.365286,KXBTCD-25MAY2019-T106499.99,DELTA,76,1000,81,39,114,yes,76,1000
2025-05-20T15:01:46.142857,KXBTCD-25MAY2019-T106499.99,DELTA,76,1000,81,39,115,no,18,-1000
2025-05-20T15:01:46.185373,KXBTCD-25MAY2019-T106499.99,DELTA,76,1000,81,39,116,no,5,1000
2025-05-20T15:01:46.344836,KXBTCD-25MAY2019-T106499.99,DELTA,76,1000,81,39,117,no,5,-1000
2025-05-20T15:01:46.505952,KXBTCD-25MAY2019-T106499.99,DELTA,76,1000,81,39,118,no,18,1000
2025-05-20T15:01:46.860245,KXBTCD-25MAY2019-T106499.99,DELTA,76,1000,81,39,119,yes,74,14
2025-05-20T15:01:46.861372,KXBTCD-25MAY2019-T106499.99,DELTA,76,1000,81,39,120,yes,72,-14
2025-05-20T15:01:46.862165,KXBTCD-25MAY2019-T106499.99,DELTA,76,1000,81,39,121,yes,73,30
2025-05-20T15:01:46.862859,KXBTCD-25MAY2019-T106499.99,DELTA,76,1000,81,25,122,no,19,-14
2025-05-20T15:01:46.863444,KXBTCD-25MAY2019-T106499.99,DELTA,76,1000,81,25,123,no,17,14
2025-05-20T15:01:46.863859,KXBTCD-25MAY2019-T106499.99,DELTA,76,1000,81,25,124,no,16,30
2025-05-20T15:01:46.864255,KXBTCD-25MAY2019-T106499.99,DELTA,76,1000,81,25,125,yes,71,-30
2025-05-20T15:01:46.864620,KXBTCD-25MAY2019-T106499.99,DELTA,76,1000,81,25,126,no,18,-30
2025-05-20T15:01:46.864972,KXBTCD-25MAY2019-T106499.99,DELTA,76,1000,81,25,127,no,18,-1000
2025-05-20T15:01:46.966144,KXBTCD-25MAY2019-T106499.99,DELTA,76,1000,81,25,128,yes,69,-25
2025-05-20T15:01:46.967261,KXBTCD-25MAY2019-T106499.99,DELTA,76,1000,81,25,129,yes,70,25
2025-05-20T15:01:47.058541,KXBTCD-25MAY2019-T106499.99,DELTA,76,1000,81,25,130,no,17,1000
2025-05-20T15:01:47.326095,KXBTCD-25MAY2019-T106499.99,DELTA,76,1000,81,25,131,yes,75,-100
2025-05-20T15:01:47.344344,KXBTCD-25MAY2019-T106499.99,DELTA,76,1000,81,25,132,no,18,-100
2025-05-20T15:01:47.405553,KXBTCD-25MAY2019-T106499.99,DELTA,76,1000,83,1014,133,no,19,-25
2025-05-20T15:01:47.406570,KXBTCD-25MAY2019-T106499.99,DELTA,76,1000,82,25,134,no,18,25
2025-05-20T15:01:47.426017,KXBTCD-25MAY2019-T106499.99,DELTA,74,14,82,25,135,yes,76,-1000
2025-05-20T15:01:47.545992,KXBTCD-25MAY2019-T106499.99,DELTA,74,1014,82,25,136,yes,74,1000
2025-05-20T15:01:49.164604,KXBTCD-25MAY2019-T106499.99,DELTA,76,100,82,25,137,yes,76,100
2025-05-20T15:01:49.185058,KXBTCD-25MAY2019-T106499.99,DELTA,76,100,82,25,138,no,16,100
2025-05-20T15:01:49.285009,KXBTCD-25MAY2019-T106499.99,DELTA,76,100,82,25,139,yes,74,-1000
2025-05-20T15:01:49.406161,KXBTCD-25MAY2019-T106499.99,DELTA,77,1000,82,25,140,yes,77,1000
2025-05-20T15:01:50.137669,KXBTCD-25MAY2019-T106499.99,DELTA,77,1000,82,25,141,no,4,-8100
2025-05-20T15:01:50.138300,KXBTCD-25MAY2019-T106499.99,DELTA,77,1000,82,25,142,no,3,10800
2025-05-20T15:01:50.167035,KXBTCD-25MAY2019-T106499.99,DELTA,77,1000,82,25,143,no,5,-20000
2025-05-20T15:01:50.186286,KXBTCD-25MAY2019-T106499.99,DELTA,77,1000,82,25,144,no,5,-2000
2025-05-20T15:01:50.187117,KXBTCD-25MAY2019-T106499.99,DELTA,77,1000,82,25,145,no,5,-1250
2025-05-20T15:01:50.325700,KXBTCD-25MAY2019-T106499.99,DELTA,77,1000,82,25,146,no,4,20000
2025-05-20T15:01:50.326663,KXBTCD-25MAY2019-T106499.99,DELTA,77,1000,82,25,147,no,4,2000
2025-05-20T15:01:50.345814,KXBTCD-25MAY2019-T106499.99,DELTA,77,1000,82,25,148,no,4,1250
2025-05-20T15:01:50.364244,KXBTCD-25MAY2019-T106499.99,DELTA,77,1000,82,25,149,no,16,-100
2025-05-20T15:01:51.166716,KXBTCD-25MAY2019-T106499.99,DELTA,77,1000,82,25,150,no,16,100
2025-05-20T15:01:51.365053,KXBTCD-25MAY2019-T106499.99,DELTA,77,1000,82,25,151,no,16,-100
2025-05-20T15:01:52.490249,KXBTCD-25MAY2019-T106499.99,DELTA,77,1000,82,25,152,no,17,100
2025-05-20T15:01:52.544199,KXBTCD-25MAY2019-T106499.99,DELTA,77,1000,82,25,153,yes,66,1
2025-05-20T15:01:52.973440,KXBTCD-25MAY2019-T106499.99,DELTA,77,1000,82,25,154,no,17,-1000
2025-05-20T15:01:52.974560,KXBTCD-25MAY2019-T106499.99,DELTA,77,1000,82,1025,155,no,18,1000
2025-05-20T15:01:53.222049,KXBTCD-25MAY2019-T106499.99,DELTA,77,1000,82,1000,156,no,18,-25
2025-05-20T15:01:53.222836,KXBTCD-25MAY2019-T106499.99,DELTA,77,1000,81,25,157,no,19,25
2025-05-20T15:01:55.006570,KXBTCD-25MAY2019-T106499.99,DELTA,77,1000,81,25,158,no,3,-10800
2025-05-20T15:01:55.007112,KXBTCD-25MAY2019-T106499.99,DELTA,77,1000,81,25,159,no,4,8100
2025-05-20T15:01:55.007496,KXBTCD-25MAY2019-T106499.99,DELTA,77,1000,81,25,160,no,4,-20000
2025-05-20T15:01:55.007803,KXBTCD-25MAY2019-T106499.99,DELTA,77,1000,81,25,161,no,4,-2000
2025-05-20T15:01:55.008105,KXBTCD-25MAY2019-T106499.99,DELTA,77,1000,81,25,162,no,4,-1250
2025-05-20T15:01:55.087122,KXBTCD-25MAY2019-T106499.99,DELTA,77,1000,81,25,163,no,5,20000
2025-05-20T15:01:55.088134,KXBTCD-25MAY2019-T106499.99,DELTA,77,1000,81,25,164,no,5,2000
2025-05-20T15:01:55.110343,KXBTCD-25MAY2019-T106499.99,DELTA,77,1000,81,25,165,no,5,1250
2025-05-20T15:01:57.630112,KXBTCD-25MAY2019-T106499.99,DELTA,76,100,81,25,166,yes,77,-1000
2025-05-20T15:01:57.728049,KXBTCD-25MAY2019-T106499.99,DELTA,76,1100,81,25,167,yes,76,1000
2025-05-20T15:01:57.819987,KXBTCD-25MAY2019-T106499.99,DELTA,76,1100,81,25,168,yes,71,9
2025-05-20T15:01:58.009899,KXBTCD-25MAY2019-T106499.99,DELTA,76,100,81,25,169,yes,76,-1000
2025-05-20T15:01:58.150031,KXBTCD-25MAY2019-T106499.99,DELTA,77,1000,81,25,170,yes,77,1000
2025-05-20T15:01:59.199188,KXBTCD-25MAY2019-T106499.99,DELTA,76,100,81,25,171,yes,77,-1000
2025-05-20T15:01:59.247716,KXBTCD-25MAY2019-T106499.99,DELTA,76,1100,81,25,172,yes,76,1000
2025-05-20T15:02:01.645275,KXBTCD-25MAY2019-T106499.99,DELTA,76,1100,81,25,173,yes,70,-25
2025-05-20T15:02:01.645788,KXBTCD-25MAY2019-T106499.99,DELTA,76,1100,81,25,174,yes,69,25
2025-05-20T15:02:01.817203,KXBTCD-25MAY2019-T106499.99,DELTA,76,1100,81,25,175,yes,71,-9
2025-05-20T15:02:02.426349,KXBTCD-25MAY2019-T106499.99,DELTA,76,1100,81,25,176,no,17,-100
2025-05-20T15:02:02.426843,KXBTCD-25MAY2019-T106499.99,DELTA,76,1000,81,25,177,yes,76,-100
2025-05-20T15:02:02.539684,KXBTCD-25MAY2019-T106499.99,DELTA,74,14,81,25,178,yes,76,-1000
2025-05-20T15:02:02.546050,KXBTCD-25MAY2019-T106499.99,DELTA,74,14,81,25,179,yes,69,-25
2025-05-20T15:02:02.546397,KXBTCD-25MAY2019-T106499.99,DELTA,74,14,81,25,180,yes,68,25
2025-05-20T15:02:02.546844,KXBTCD-25MAY2019-T106499.99,DELTA,74,14,81,25,181,no,18,-1000
2025-05-20T15:02:02.586761,KXBTCD-25MAY2019-T106499.99,DELTA,74,1014,81,25,182,yes,74,1000
2025-05-20T15:02:02.619282,KXBTCD-25MAY2019-T106499.99,DELTA,74,1014,83,14,183,no,19,-25
2025-05-20T15:02:02.619923,KXBTCD-25MAY2019-T106499.99,DELTA,74,1014,83,39,184,no,17,25
2025-05-20T15:02:02.647068,KXBTCD-25MAY2019-T106499.99,DELTA,74,1014,83,14,185,no,17,-25
2025-05-20T15:02:02.647311,KXBTCD-25MAY2019-T106499.99,DELTA,74,1014,80,25,186,no,20,25
2025-05-20T15:02:02.665592,KXBTCD-25MAY2019-T106499.99,DELTA,74,1014,80,25,187,no,17,1000
2025-05-20T15:02:02.706734,KXBTCD-25MAY2019-T106499.99,DELTA,74,1014,83,1014,188,no,20,-25
2025-05-20T15:02:02.706878,KXBTCD-25MAY2019-T106499.99,DELTA,74,1014,83,1039,189,no,17,25
2025-05-20T15:02:02.866580,KXBTCD-25MAY2019-T106499.99,DELTA,74,1014,83,39,190,no,17,-1000
2025-05-20T15:02:02.947035,KXBTCD-25MAY2019-T106499.99,DELTA,74,1014,82,1000,191,no,18,1000
2025-05-20T15:02:03.064271,KXBTCD-25MAY2019-T106499.99,DELTA,74,1014,82,1000,192,no,17,-25
2025-05-20T15:02:03.065297,KXBTCD-25MAY2019-T106499.99,DELTA,74,1014,81,25,193,no,19,25
2025-05-20T15:02:03.109371,KXBTCD-25MAY2019-T106499.99,DELTA,74,14,81,25,194,yes,74,-1000
2025-05-20T15:02:03.127472,KXBTCD-25MAY2019-T106499.99,DELTA,74,14,81,25,195,no,18,-1000
2025-05-20T15:02:03.166393,KXBTCD-25MAY2019-T106499.99,DELTA,74,114,81,25,196,yes,74,100
2025-05-20T15:02:03.187941,KXBTCD-25MAY2019-T106499.99,DELTA,74,114,81,25,197,no,18,100
2025-05-20T15:02:03.188691,KXBTCD-25MAY2019-T106499.99,DELTA,74,114,82,100,198,no,19,-25
2025-05-20T15:02:03.189209,KXBTCD-25MAY2019-T106499.99,DELTA,74,114,82,100,199,no,17,25
2025-05-20T15:02:03.228923,KXBTCD-25MAY2019-T106499.99,DELTA,74,114,82,100,200,yes,73,1000
2025-05-20T15:02:03.247042,KXBTCD-25MAY2019-T106499.99,DELTA,74,114,82,100,201,no,17,1000
2025-05-20T15:02:03.247762,KXBTCD-25MAY2019-T106499.99,DELTA,74,114,82,100,202,no,17,-25
2025-05-20T15:02:03.248319,KXBTCD-25MAY2019-T106499.99,DELTA,74,114,81,25,203,no,19,25
2025-05-20T15:02:03.392734,KXBTCD-25MAY2019-T106499.99,DELTA,74,114,81,25,204,yes,73,-1000
2025-05-20T15:02:03.393633,KXBTCD-25MAY2019-T106499.99,DELTA,74,114,81,25,205,no,17,-1000
2025-05-20T15:02:03.394285,KXBTCD-25MAY2019-T106499.99,DELTA,74,114,81,25,206,no,18,-100
2025-05-20T15:02:03.448201,KXBTCD-25MAY2019-T106499.99,DELTA,74,114,83,14,207,no,19,-25
2025-05-20T15:02:03.449115,KXBTCD-25MAY2019-T106499.99,DELTA,74,114,83,39,208,no,17,25
2025-05-20T15:02:03.449710,KXBTCD-25MAY2019-T106499.99,DELTA,74,1114,83,39,209,yes,74,1000
2025-05-20T15:02:03.485707,KXBTCD-25MAY2019-T106499.99,DELTA,74,1114,83,1039,210,no,17,1000
2025-05-20T15:02:03.588685,KXBTCD-25MAY2019-T106499.99,DELTA,74,1114,83,1039,211,yes,71,30
2025-05-20T15:02:03.588966,KXBTCD-25MAY2019-T106499.99,DELTA,74,1114,83,1039,212,yes,73,-30
2025-05-20T15:02:03.589340,KXBTCD-25MAY2019-T106499.99,DELTA,74,114,83,1039,213,yes,74,-1000
2025-05-20T15:02:03.589477,KXBTCD-25MAY2019-T106499.99,DELTA,74,114,83,1039,214,yes,72,14
2025-05-20T15:02:03.589586,KXBTCD-25MAY2019-T106499.99,DELTA,74,114,83,1039,215,no,16,-30
2025-05-20T15:02:03.589692,KXBTCD-25MAY2019-T106499.99,DELTA,74,114,82,30,216,no,18,30
2025-05-20T15:02:03.589790,KXBTCD-25MAY2019-T106499.99,DELTA,74,100,82,30,217,yes,74,-14
2025-05-20T15:02:03.589885,KXBTCD-25MAY2019-T106499.99,DELTA,74,100,81,14,218,no,19,14
2025-05-20T15:02:03.589984,KXBTCD-25MAY2019-T106499.99,DELTA,74,100,81,14,219,no,17,-14
2025-05-20T15:02:03.590079,KXBTCD-25MAY2019-T106499.99,DELTA,74,100,81,14,220,no,17,-1000
2025-05-20T15:02:03.626167,KXBTCD-25MAY2019-T106499.99,DELTA,74,100,81,14,221,no,17,-25
2025-05-20T15:02:03.626374,KXBTCD-25MAY2019-T106499.99,DELTA,74,100,81,39,222,no,19,25
2025-05-20T15:02:03.667079,KXBTCD-25MAY2019-T106499.99,DELTA,74,100,81,39,223,yes,72,1000
2025-05-20T15:02:03.688938,KXBTCD-25MAY2019-T106499.99,DELTA,74,100,81,1039,224,no,19,1000
2025-05-20T15:02:03.745723,KXBTCD-25MAY2019-T106499.99,DELTA,74,100,81,1014,225,no,19,-25
2025-05-20T15:02:03.746749,KXBTCD-25MAY2019-T106499.99,DELTA,74,100,80,25,226,no,20,25
2025-05-20T15:02:03.765374,KXBTCD-25MAY2019-T106499.99,DELTA,74,100,80,25,227,no,6,9
2025-05-20T15:02:03.786546,KXBTCD-25MAY2019-T106499.99,DELTA,74,100,80,25,228,no,19,-1000
2025-05-20T15:02:03.916988,KXBTCD-25MAY2019-T106499.99,DELTA,74,100,81,14,229,no,20,-25
2025-05-20T15:02:03.917963,KXBTCD-25MAY2019-T106499.99,DELTA,74,100,81,39,230,no,19,25
2025-05-20T15:02:03.918750,KXBTCD-25MAY2019-T106499.99,DELTA,74,100,81,14,231,no,19,-25
2025-05-20T15:02:03.919438,KXBTCD-25MAY2019-T106499.99,DELTA,74,100,79,25,232,no,21,25
2025-05-20T15:02:03.920090,KXBTCD-25MAY2019-T106499.99,DELTA,74,100,79,25,233,no,19,1000
2025-05-20T15:02:03.948257,KXBTCD-25MAY2019-T106499.99,DELTA,74,100,81,1014,234,no,21,-25
2025-05-20T15:02:03.949062,KXBTCD-25MAY2019-T106499.99,DELTA,74,100,81,1039,235,no,19,25
2025-05-20T15:02:03.986610,KXBTCD-25MAY2019-T106499.99,DELTA,74,100,81,1039,236,no,5,-1250
2025-05-20T15:02:04.014189,KXBTCD-25MAY2019-T106499.99,DELTA,74,100,81,1014,237,no,19,-25
2025-05-20T15:02:04.014360,KXBTCD-25MAY2019-T106499.99,DELTA,74,100,80,25,238,no,20,25
2025-05-20T15:02:04.114443,KXBTCD-25MAY2019-T106499.99,DELTA,74,100,80,25,239,no,19,-1000
2025-05-20T15:02:04.166509,KXBTCD-25MAY2019-T106499.99,DELTA,74,100,81,14,240,no,20,-25
2025-05-20T15:02:04.166962,KXBTCD-25MAY2019-T106499.99,DELTA,74,100,81,39,241,no,19,25
2025-05-20T15:02:04.206617,KXBTCD-25MAY2019-T106499.99,DELTA,74,100,81,1039,242,no,19,1000
2025-05-20T15:02:04.270531,KXBTCD-25MAY2019-T106499.99,DELTA,74,100,81,1014,243,no,19,-25
2025-05-20T15:02:04.271445,KXBTCD-25MAY2019-T106499.99,DELTA,74,100,80,25,244,no,20,25
2025-05-20T15:02:04.326514,KXBTCD-25MAY2019-T106499.99,DELTA,74,100,80,25,245,no,19,-1000
2025-05-20T15:02:04.440515,KXBTCD-25MAY2019-T106499.99,DELTA,74,100,80,125,246,no,20,100
2025-05-20T15:02:04.443807,KXBTCD-25MAY2019-T106499.99,DELTA,74,100,80,100,247,no,20,-25
2025-05-20T15:02:04.445312,KXBTCD-25MAY2019-T106499.99,DELTA,74,100,80,100,248,no,19,25
2025-05-20T15:02:04.446384,KXBTCD-25MAY2019-T106499.99,DELTA,72,1014,80,100,249,yes,74,-100
2025-05-20T15:02:04.447017,KXBTCD-25MAY2019-T106499.99,DELTA,72,1014,80,100,250,no,19,1000
2025-05-20T15:02:04.447796,KXBTCD-25MAY2019-T106499.99,DELTA,72,1014,80,100,251,no,19,-25
2025-05-20T15:02:04.448432,KXBTCD-25MAY2019-T106499.99,DELTA,72,1014,79,25,252,no,21,25
2025-05-20T15:02:04.546514,KXBTCD-25MAY2019-T106499.99,DELTA,72,1014,79,25,253,no,19,-1000
2025-05-20T15:02:04.665680,KXBTCD-25MAY2019-T106499.99,DELTA,72,1014,79,1025,254,no,21,1000
2025-05-20T15:02:04.727159,KXBTCD-25MAY2019-T106499.99,DELTA,72,1014,79,1000,255,no,21,-25
2025-05-20T15:02:04.727954,KXBTCD-25MAY2019-T106499.99,DELTA,72,1014,78,25,256,no,22,25
2025-05-20T15:02:05.006277,KXBTCD-25MAY2019-T106499.99,DELTA,72,1014,78,25,257,yes,68,-25
2025-05-20T15:02:05.006581,KXBTCD-25MAY2019-T106499.99,DELTA,72,1014,78,25,258,yes,67,25
2025-05-20T15:02:05.766823,KXBTCD-25MAY2019-T106499.99,DELTA,72,1014,78,25,259,yes,71,14
2025-05-20T15:02:05.787626,KXBTCD-25MAY2019-T106499.99,DELTA,72,1000,78,25,260,yes,72,-14
2025-05-20T15:02:05.788567,KXBTCD-25MAY2019-T106499.99,DELTA,72,1000,78,25,261,no,20,14
2025-05-20T15:02:05.789023,KXBTCD-25MAY2019-T106499.99,DELTA,72,1000,78,25,262,yes,71,-30
2025-05-20T15:02:05.789372,KXBTCD-25MAY2019-T106499.99,DELTA,72,1000,78,25,263,yes,70,30
2025-05-20T15:02:05.789708,KXBTCD-25MAY2019-T106499.99,DELTA,72,1000,78,25,264,no,19,30
2025-05-20T15:02:05.790026,KXBTCD-25MAY2019-T106499.99,DELTA,72,1000,78,25,265,no,19,-14
2025-05-20T15:02:05.790369,KXBTCD-25MAY2019-T106499.99,DELTA,72,1000,78,25,266,no,18,-30
2025-05-20T15:02:05.866208,KXBTCD-25MAY2019-T106499.99,DELTA,71,14,78,25,267,yes,72,-1000
2025-05-20T15:02:05.867675,KXBTCD-25MAY2019-T106499.99,DELTA,71,14,78,25,268,no,6,-9
2025-05-20T15:02:06.013467,KXBTCD-25MAY2019-T106499.99,DELTA,72,100,78,25,269,yes,72,100
2025-05-20T15:02:06.014437,KXBTCD-25MAY2019-T106499.99,DELTA,72,100,78,25,270,yes,71,1000
2025-05-20T15:02:06.086978,KXBTCD-25MAY2019-T106499.99,DELTA,72,100,78,25,271,no,4,-8100
2025-05-20T15:02:06.087911,KXBTCD-25MAY2019-T106499.99,DELTA,72,100,78,25,272,no,5,6480
2025-05-20T15:02:06.211154,KXBTCD-25MAY2019-T106499.99,DELTA,72,100,78,25,273,no,20,-100
2025-05-20T15:02:06.212189,KXBTCD-25MAY2019-T106499.99,DELTA,72,100,78,25,274,no,5,-20000
2025-05-20T15:02:06.225471,KXBTCD-25MAY2019-T106499.99,DELTA,72,100,78,25,275,no,5,-2000
2025-05-20T15:02:06.226136,KXBTCD-25MAY2019-T106499.99,DELTA,72,100,78,25,276,no,21,-1000
2025-05-20T15:02:06.286566,KXBTCD-25MAY2019-T106499.99,DELTA,72,100,80,14,277,no,22,-25
2025-05-20T15:02:06.287584,KXBTCD-25MAY2019-T106499.99,DELTA,72,100,80,39,278,no,20,25
2025-05-20T15:02:06.325240,KXBTCD-25MAY2019-T106499.99,DELTA,72,100,80,39,279,no,6,20000
2025-05-20T15:02:06.325959,KXBTCD-25MAY2019-T106499.99,DELTA,72,100,80,39,280,no,6,2000
2025-05-20T15:02:06.345855,KXBTCD-25MAY2019-T106499.99,DELTA,72,100,80,1039,281,no,20,1000
2025-05-20T15:02:06.446193,KXBTCD-25MAY2019-T106499.99,DELTA,72,100,80,39,282,no,20,-1000
2025-05-20T15:02:06.586325,KXBTCD-25MAY2019-T106499.99,DELTA,72,100,79,1000,283,no,21,1000
2025-05-20T15:02:06.606836,KXBTCD-25MAY2019-T106499.99,DELTA,71,1014,79,1000,284,yes,72,-100
2025-05-20T15:02:06.646690,KXBTCD-25MAY2019-T106499.99,DELTA,71,1014,79,1000,285,no,20,-25
2025-05-20T15:02:06.647523,KXBTCD-25MAY2019-T106499.99,DELTA,71,1014,78,25,286,no,22,25
2025-05-20T15:02:06.748021,KXBTCD-25MAY2019-T106499.99,DELTA,71,1014,78,25,287,no,21,-1000
2025-05-20T15:02:06.807057,KXBTCD-25MAY2019-T106499.99,DELTA,71,1014,80,14,288,no,22,-25
2025-05-20T15:02:06.808189,KXBTCD-25MAY2019-T106499.99,DELTA,71,1014,80,39,289,no,20,25
2025-05-20T15:02:06.866384,KXBTCD-25MAY2019-T106499.99,DELTA,71,1014,80,1039,290,no,20,1000
2025-05-20T15:02:07.061715,KXBTCD-25MAY2019-T106499.99,DELTA,71,1014,80,39,291,no,20,-1000
2025-05-20T15:02:07.129303,KXBTCD-25MAY2019-T106499.99,DELTA,71,1014,79,1000,292,no,21,1000
2025-05-20T15:02:07.260266,KXBTCD-25MAY2019-T106499.99,DELTA,71,1014,79,1000,293,no,20,-25
2025-05-20T15:02:07.261234,KXBTCD-25MAY2019-T106499.99,DELTA,71,1014,78,25,294,no,22,25
2025-05-20T15:02:07.286268,KXBTCD-25MAY2019-T106499.99,DELTA,71,1014,78,25,295,no,21,-1000
2025-05-20T15:02:07.347414,KXBTCD-25MAY2019-T106499.99,DELTA,71,1014,80,14,296,no,22,-25
2025-05-20T15:02:07.348496,KXBTCD-25MAY2019-T106499.99,DELTA,71,1014,80,39,297,no,20,25
2025-05-20T15:02:07.367523,KXBTCD-25MAY2019-T106499.99,DELTA,71,1014,80,39,298,no,5,-6480
2025-05-20T15:02:07.368461,KXBTCD-25MAY2019-T106499.99,DELTA,71,1014,80,39,299,no,4,8100
2025-05-20T15:02:07.386614,KXBTCD-25MAY2019-T106499.99,DELTA,71,1014,80,39,300,no,6,1250
2025-05-20T15:02:07.406790,KXBTCD-25MAY2019-T106499.99,DELTA,71,1014,80,1039,301,no,20,1000
2025-05-20T15:02:07.427024,KXBTCD-25MAY2019-T106499.99,DELTA,71,1014,78,100,302,no,22,100
2025-05-20T15:02:07.466314,KXBTCD-25MAY2019-T106499.99,DELTA,71,1014,78,100,303,no,6,-20000
2025-05-20T15:02:07.486199,KXBTCD-25MAY2019-T106499.99,DELTA,71,1014,78,100,304,no,6,-2000
2025-05-20T15:02:07.486532,KXBTCD-25MAY2019-T106499.99,DELTA,71,1014,78,100,305,no,20,-25
2025-05-20T15:02:07.486727,KXBTCD-25MAY2019-T106499.99,DELTA,71,1014,77,25,306,no,23,25
2025-05-20T15:02:07.586353,KXBTCD-25MAY2019-T106499.99,DELTA,71,1014,77,25,307,no,6,-1250
2025-05-20T15:02:07.586733,KXBTCD-25MAY2019-T106499.99,DELTA,71,1014,77,25,308,no,5,20000
2025-05-20T15:02:07.605270,KXBTCD-25MAY2019-T106499.99,DELTA,71,1014,77,25,309,no,5,2000
2025-05-20T15:02:07.783305,KXBTCD-25MAY2019-T106499.99,DELTA,71,1014,77,25,310,no,20,-1000
2025-05-20T15:02:07.826444,KXBTCD-25MAY2019-T106499.99,DELTA,71,1014,77,1025,311,no,23,1000
2025-05-20T15:02:08.425613,KXBTCD-25MAY2019-T106499.99,DELTA,71,1014,77,1025,312,no,22,-100
2025-05-20T15:02:08.634230,KXBTCD-25MAY2019-T106499.99,DELTA,71,1014,77,25,313,no,23,-1000
2025-05-20T15:02:08.634805,KXBTCD-25MAY2019-T106499.99,DELTA,71,1014,77,25,314,yes,70,-30
2025-05-20T15:02:08.635123,KXBTCD-25MAY2019-T106499.99,DELTA,71,1014,77,25,315,yes,68,30
2025-05-20T15:02:08.635393,KXBTCD-25MAY2019-T106499.99,DELTA,71,1014,77,25,316,no,21,30
2025-05-20T15:02:08.635764,KXBTCD-25MAY2019-T106499.99,DELTA,71,1014,77,25,317,no,19,-30
2025-05-20T15:02:08.635979,KXBTCD-25MAY2019-T106499.99,DELTA,71,1014,79,30,318,no,23,-25
2025-05-20T15:02:08.636163,KXBTCD-25MAY2019-T106499.99,DELTA,71,1014,79,30,319,no,20,25
2025-05-20T15:02:08.645829,KXBTCD-25MAY2019-T106499.99,DELTA,71,1014,79,30,320,no,20,1000
2025-05-20T15:02:08.666688,KXBTCD-25MAY2019-T106499.99,DELTA,71,14,79,30,321,yes,71,-1000
2025-05-20T15:02:08.667205,KXBTCD-25MAY2019-T106499.99,DELTA,71,14,79,30,322,no,20,-25
2025-05-20T15:02:08.667596,KXBTCD-25MAY2019-T106499.99,DELTA,71,14,78,25,323,no,22,25
2025-05-20T15:02:08.724551,KXBTCD-25MAY2019-T106499.99,DELTA,71,14,79,30,324,no,22,-25
2025-05-20T15:02:08.725516,KXBTCD-25MAY2019-T106499.99,DELTA,71,14,79,55,325,no,21,25
2025-05-20T15:02:08.746373,KXBTCD-25MAY2019-T106499.99,DELTA,71,14,79,55,326,no,20,-1000
2025-05-20T15:02:08.766320,KXBTCD-25MAY2019-T106499.99,DELTA,71,14,79,30,327,no,21,-25
2025-05-20T15:02:08.767171,KXBTCD-25MAY2019-T106499.99,DELTA,71,14,77,25,328,no,23,25
2025-05-20T15:02:08.767778,KXBTCD-25MAY2019-T106499.99,DELTA,71,14,77,25,329,yes,69,1000
2025-05-20T15:02:08.826728,KXBTCD-25MAY2019-T106499.99,DELTA,71,14,79,30,330,no,23,-25
2025-05-20T15:02:08.827542,KXBTCD-25MAY2019-T106499.99,DELTA,71,14,78,25,331,no,22,25
2025-05-20T15:02:08.846420,KXBTCD-25MAY2019-T106499.99,DELTA,71,14,78,1025,332,no,22,1000
2025-05-20T15:02:08.906556,KXBTCD-25MAY2019-T106499.99,DELTA,71,14,78,1000,333,no,22,-25
2025-05-20T15:02:08.907487,KXBTCD-25MAY2019-T106499.99,DELTA,71,14,77,25,334,no,23,25
2025-05-20T15:02:08.966607,KXBTCD-25MAY2019-T106499.99,DELTA,71,14,77,25,335,yes,67,-25
2025-05-20T15:02:08.967549,KXBTCD-25MAY2019-T106499.99,DELTA,71,14,77,25,336,yes,66,25
2025-05-20T15:02:09.283145,KXBTCD-25MAY2019-T106499.99,DELTA,71,14,77,25,337,yes,70,100
2025-05-20T15:02:09.299863,KXBTCD-25MAY2019-T106499.99,DELTA,71,14,77,25,338,no,22,100
2025-05-20T15:02:09.406891,KXBTCD-25MAY2019-T106499.99,DELTA,71,14,77,25,339,yes,69,-1000
2025-05-20T15:02:09.407962,KXBTCD-25MAY2019-T106499.99,DELTA,71,14,77,25,340,no,22,-1000
2025-05-20T15:02:09.426567,KXBTCD-25MAY2019-T106499.99,DELTA,71,14,77,25,341,no,22,-100
2025-05-20T15:02:09.486837,KXBTCD-25MAY2019-T106499.99,DELTA,71,14,79,30,342,no,23,-25
2025-05-20T15:02:09.488037,KXBTCD-25MAY2019-T106499.99,DELTA,71,14,78,25,343,no,22,25
2025-05-20T15:02:09.526763,KXBTCD-25MAY2019-T106499.99,DELTA,71,14,78,25,344,yes,70,1000
2025-05-20T15:02:09.527882,KXBTCD-25MAY2019-T106499.99,DELTA,71,14,77,1000,345,no,23,1000
2025-05-20T15:02:09.573409,KXBTCD-25MAY2019-T106499.99,DELTA,71,14,77,1000,346,no,22,-25
2025-05-20T15:02:09.574502,KXBTCD-25MAY2019-T106499.99,DELTA,71,14,76,25,347,no,24,25
2025-05-20T15:02:09.685183,KXBTCD-25MAY2019-T106499.99,DELTA,71,14,76,25,348,no,23,-1000
2025-05-20T15:02:09.686985,KXBTCD-25MAY2019-T106499.99,DELTA,71,14,79,30,349,no,24,-25
2025-05-20T15:02:09.687637,KXBTCD-25MAY2019-T106499.99,DELTA,71,14,78,25,350,no,22,25
2025-05-20T15:02:09.751807,KXBTCD-25MAY2019-T106499.99,DELTA,71,14,78,1025,351,no,22,1000
2025-05-20T15:02:09.847330,KXBTCD-25MAY2019-T106499.99,DELTA,71,14,78,1000,352,no,22,-25
2025-05-20T15:02:09.848141,KXBTCD-25MAY2019-T106499.99,DELTA,71,14,77,25,353,no,23,25
2025-05-20T15:02:10.328581,KXBTCD-25MAY2019-T106499.99,DELTA,71,14,77,125,354,no,23,100
2025-05-20T15:02:10.445592,KXBTCD-25MAY2019-T106499.99,DELTA,71,14,77,125,355,no,22,-1000
2025-05-20T15:02:10.546468,KXBTCD-25MAY2019-T106499.99,DELTA,71,14,76,1000,356,no,24,1000
2025-05-20T15:02:10.626784,KXBTCD-25MAY2019-T106499.99,DELTA,71,14,76,1000,357,no,23,-25
2025-05-20T15:02:10.627890,KXBTCD-25MAY2019-T106499.99,DELTA,71,14,75,25,358,no,25,25
2025-05-20T15:02:11.465235,KXBTCD-25MAY2019-T106499.99,DELTA,71,14,75,25,359,yes,70,-1000
2025-05-20T15:02:11.605623,KXBTCD-25MAY2019-T106499.99,DELTA,71,1014,75,25,360,yes,71,1000
2025-05-20T15:02:12.044905,KXBTCD-25MAY2019-T106499.99,DELTA,71,14,75,25,361,yes,71,-1000
2025-05-20T15:02:12.144829,KXBTCD-25MAY2019-T106499.99,DELTA,71,14,75,25,362,yes,53,9
2025-05-20T15:02:12.164758,KXBTCD-25MAY2019-T106499.99,DELTA,71,14,75,25,363,yes,70,1000
2025-05-20T15:02:18.295574,KXBTCD-25MAY2019-T106499.99,DELTA,70,1100,75,25,364,yes,71,-14
2025-05-20T15:02:18.296557,KXBTCD-25MAY2019-T106499.99,DELTA,70,1100,75,25,365,yes,69,14
2025-05-20T15:02:18.297003,KXBTCD-25MAY2019-T106499.99,DELTA,70,1100,75,25,366,no,22,14
2025-05-20T15:02:18.297370,KXBTCD-25MAY2019-T106499.99,DELTA,70,1100,75,25,367,no,20,-14
2025-05-20T15:02:18.346447,KXBTCD-25MAY2019-T106499.99,DELTA,70,1100,75,25,368,yes,53,-9
2025-05-20T15:02:18.885829,KXBTCD-25MAY2019-T106499.99,DELTA,70,100,75,25,369,yes,70,-1000
2025-05-20T15:02:19.025474,KXBTCD-25MAY2019-T106499.99,DELTA,71,1000,75,25,370,yes,71,1000
2025-05-20T15:02:19.605487,KXBTCD-25MAY2019-T106499.99,DELTA,70,100,75,25,371,yes,71,-1000
2025-05-20T15:02:19.725776,KXBTCD-25MAY2019-T106499.99,DELTA,70,1100,75,25,372,yes,70,1000
2025-05-20T15:02:21.189134,KXBTCD-25MAY2019-T106499.99,DELTA,70,100,75,25,373,yes,70,-1000
2025-05-20T15:02:21.286025,KXBTCD-25MAY2019-T106499.99,DELTA,70,100,75,25,374,yes,53,9
2025-05-20T15:02:21.305420,KXBTCD-25MAY2019-T106499.99,DELTA,71,1000,75,25,375,yes,71,1000
2025-05-20T15:02:22.145510,KXBTCD-25MAY2019-T106499.99,DELTA,70,100,75,25,376,yes,71,-1000
2025-05-20T15:02:22.366833,KXBTCD-25MAY2019-T106499.99,DELTA,70,1100,75,25,377,yes,70,1000
2025-05-20T15:02:25.407126,KXBTCD-25MAY2019-T106499.99,DELTA,70,1100,75,25,378,yes,66,-25
2025-05-20T15:02:25.408003,KXBTCD-25MAY2019-T106499.99,DELTA,70,1100,75,25,379,yes,67,25
2025-05-20T15:02:25.606764,KXBTCD-25MAY2019-T106499.99,DELTA,70,1100,75,25,380,yes,53,-9
2025-05-20T15:02:27.144953,KXBTCD-25MAY2019-T106499.99,DELTA,70,100,75,25,381,yes,70,-1000
2025-05-20T15:02:27.265167,KXBTCD-25MAY2019-T106499.99,DELTA,71,1000,75,25,382,yes,71,1000
2025-05-20T15:02:31.925832,KXBTCD-25MAY2019-T106499.99,DELTA,71,1000,75,25,383,no,24,-1000
2025-05-20T15:02:31.985557,KXBTCD-25MAY2019-T106499.99,DELTA,71,1000,77,100,384,no,25,-25
2025-05-20T15:02:31.986378,KXBTCD-25MAY2019-T106499.99,DELTA,71,1000,76,25,385,no,24,25
2025-05-20T15:02:32.024741,KXBTCD-25MAY2019-T106499.99,DELTA,71,1000,76,25,386,no,6,9
2025-05-20T15:02:32.045702,KXBTCD-25MAY2019-T106499.99,DELTA,71,1000,76,25,387,no,23,1000
2025-05-20T15:02:41.567697,KXBTCD-25MAY2019-T106499.99,DELTA,71,1000,76,25,388,no,23,-1000
2025-05-20T15:02:41.687232,KXBTCD-25MAY2019-T106499.99,DELTA,71,1000,76,1025,389,no,24,1000
2025-05-20T15:02:41.745263,KXBTCD-25MAY2019-T106499.99,DELTA,71,1000,76,1000,390,no,24,-25
2025-05-20T15:02:41.745961,KXBTCD-25MAY2019-T106499.99,DELTA,71,1000,75,25,391,no,25,25
2025-05-20T15:02:43.367838,KXBTCD-25MAY2019-T106499.99,DELTA,71,1000,75,25,392,yes,67,-25
2025-05-20T15:02:43.368956,KXBTCD-25MAY2019-T106499.99,DELTA,71,1000,75,25,393,yes,66,25
2025-05-20T15:02:43.407051,KXBTCD-25MAY2019-T106499.99,DELTA,70,100,75,25,394,yes,71,-1000
2025-05-20T15:02:43.545821,KXBTCD-25MAY2019-T106499.99,DELTA,70,1100,75,25,395,yes,70,1000
2025-05-20T15:02:44.709418,KXBTCD-25MAY2019-T106499.99,DELTA,70,100,75,25,396,yes,70,-1000
2025-05-20T15:02:44.806183,KXBTCD-25MAY2019-T106499.99,DELTA,70,100,75,25,397,no,6,-9
2025-05-20T15:02:44.825133,KXBTCD-25MAY2019-T106499.99,DELTA,70,100,75,25,398,yes,53,9
2025-05-20T15:02:44.825980,KXBTCD-25MAY2019-T106499.99,DELTA,70,100,75,25,399,yes,69,1000
2025-05-20T15:02:46.150276,KXBTCD-25MAY2019-T106499.99,DELTA,70,100,75,25,400,no,23,-100
2025-05-20T15:02:46.151377,KXBTCD-25MAY2019-T106499.99,DELTA,70,100,75,25,401,no,24,-1000
2025-05-20T15:02:46.165544,KXBTCD-25MAY2019-T106499.99,DELTA,70,100,75,25,402,no,22,1000
2025-05-20T15:02:46.185049,KXBTCD-25MAY2019-T106499.99,DELTA,70,100,78,1014,403,no,25,-25
2025-05-20T15:02:46.186021,KXBTCD-25MAY2019-T106499.99,DELTA,70,100,78,1039,404,no,22,25
2025-05-20T15:02:46.246250,KXBTCD-25MAY2019-T106499.99,DELTA,70,100,78,39,405,no,22,-1000
2025-05-20T15:02:46.247274,KXBTCD-25MAY2019-T106499.99,DELTA,70,100,78,14,406,no,22,-25
2025-05-20T15:02:46.248048,KXBTCD-25MAY2019-T106499.99,DELTA,70,100,77,25,407,no,23,25
2025-05-20T15:02:46.287815,KXBTCD-25MAY2019-T106499.99,DELTA,70,100,77,1025,408,no,23,1000
2025-05-20T15:02:46.289157,KXBTCD-25MAY2019-T106499.99,DELTA,69,1014,77,1025,409,yes,70,-100
2025-05-20T15:02:46.305674,KXBTCD-25MAY2019-T106499.99,DELTA,69,1014,77,1000,410,no,23,-25
2025-05-20T15:02:46.306715,KXBTCD-25MAY2019-T106499.99,DELTA,69,1014,77,1000,411,no,22,25
2025-05-20T15:02:46.325907,KXBTCD-25MAY2019-T106499.99,DELTA,69,1014,78,39,412,no,23,-1000
2025-05-20T15:02:46.366801,KXBTCD-25MAY2019-T106499.99,DELTA,69,1014,78,14,413,no,22,-25
2025-05-20T15:02:46.367749,KXBTCD-25MAY2019-T106499.99,DELTA,69,1014,76,25,414,no,24,25
2025-05-20T15:02:46.368523,KXBTCD-25MAY2019-T106499.99,DELTA,69,1014,76,25,415,no,23,1000
2025-05-20T15:02:46.427140,KXBTCD-25MAY2019-T106499.99,DELTA,69,1014,76,25,416,no,23,-1000
2025-05-20T15:02:46.466244,KXBTCD-25MAY2019-T106499.99,DELTA,69,1014,76,25,417,no,22,1000
2025-05-20T15:02:46.486769,KXBTCD-25MAY2019-T106499.99,DELTA,69,1014,78,1014,418,no,24,-25
2025-05-20T15:02:46.487545,KXBTCD-25MAY2019-T106499.99,DELTA,69,1014,78,1039,419,no,22,25
2025-05-20T15:02:46.546226,KXBTCD-25MAY2019-T106499.99,DELTA,69,1014,78,39,420,no,22,-1000
2025-05-20T15:02:46.546875,KXBTCD-25MAY2019-T106499.99,DELTA,69,1014,78,14,421,no,22,-25
2025-05-20T15:02:46.547443,KXBTCD-25MAY2019-T106499.99,DELTA,69,1014,77,25,422,no,23,25
2025-05-20T15:02:46.586062,KXBTCD-25MAY2019-T106499.99,DELTA,69,1014,77,1025,423,no,23,1000
2025-05-20T15:02:46.606335,KXBTCD-25MAY2019-T106499.99,DELTA,69,1014,77,1000,424,no,23,-25
2025-05-20T15:02:46.607021,KXBTCD-25MAY2019-T106499.99,DELTA,69,1014,77,1000,425,no,22,25
2025-05-20T15:02:46.625896,KXBTCD-25MAY2019-T106499.99,DELTA,69,1014,78,39,426,no,23,-1000
2025-05-20T15:02:46.665955,KXBTCD-25MAY2019-T106499.99,DELTA,69,1014,78,14,427,no,22,-25
2025-05-20T15:02:46.666767,KXBTCD-25MAY2019-T106499.99,DELTA,69,1014,76,25,428,no,24,25
2025-05-20T15:02:46.667325,KXBTCD-25MAY2019-T106499.99,DELTA,69,1014,76,25,429,no,23,1000
2025-05-20T15:02:46.725552,KXBTCD-25MAY2019-T106499.99,DELTA,69,1014,76,25,430,no,23,-1000
2025-05-20T15:02:46.766536,KXBTCD-25MAY2019-T106499.99,DELTA,69,1014,76,25,431,no,22,1000
2025-05-20T15:02:46.785001,KXBTCD-25MAY2019-T106499.99,DELTA,69,1014,78,1014,432,no,24,-25
2025-05-20T15:02:46.785928,KXBTCD-25MAY2019-T106499.99,DELTA,69,1014,78,1039,433,no,22,25
2025-05-20T15:02:46.825478,KXBTCD-25MAY2019-T106499.99,DELTA,69,1014,78,1014,434,no,22,-25
2025-05-20T15:02:46.826513,KXBTCD-25MAY2019-T106499.99,DELTA,69,1014,75,25,435,no,25,25
2025-05-20T15:02:46.846201,KXBTCD-25MAY2019-T106499.99,DELTA,69,1014,75,25,436,no,22,-1000
2025-05-20T15:02:46.847129,KXBTCD-25MAY2019-T106499.99,DELTA,69,1014,75,25,437,yes,53,-9
2025-05-20T15:02:46.847896,KXBTCD-25MAY2019-T106499.99,DELTA,69,1014,75,25,438,no,6,9
2025-05-20T15:02:46.885211,KXBTCD-25MAY2019-T106499.99,DELTA,69,1014,75,25,439,no,22,1000
2025-05-20T15:02:46.886286,KXBTCD-25MAY2019-T106499.99,DELTA,69,1014,78,1014,440,no,25,-25
2025-05-20T15:02:46.887087,KXBTCD-25MAY2019-T106499.99,DELTA,69,1014,77,25,441,no,23,25
2025-05-20T15:02:47.605445,KXBTCD-25MAY2019-T106499.99,DELTA,69,1114,77,25,442,yes,69,100
2025-05-20T15:02:47.605826,KXBTCD-25MAY2019-T106499.99,DELTA,69,1114,77,25,443,no,22,100
2025-05-20T15:02:47.665404,KXBTCD-25MAY2019-T106499.99,DELTA,69,1114,77,25,444,no,22,-1000
2025-05-20T15:02:47.705190,KXBTCD-25MAY2019-T106499.99,DELTA,69,1114,77,1025,445,no,23,1000
2025-05-20T15:02:47.825539,KXBTCD-25MAY2019-T106499.99,DELTA,69,1014,77,1025,446,yes,69,-100
2025-05-20T15:02:48.810498,KXBTCD-25MAY2019-T106499.99,DELTA,69,1114,77,1025,447,yes,69,100
2025-05-20T15:02:48.811761,KXBTCD-25MAY2019-T106499.99,DELTA,69,114,77,1025,448,yes,69,-1000
2025-05-20T15:02:48.826216,KXBTCD-25MAY2019-T106499.99,DELTA,70,1000,77,1025,449,yes,70,1000
2025-05-20T15:02:48.827046,KXBTCD-25MAY2019-T106499.99,DELTA,70,1000,77,1025,450,no,6,-9
2025-05-20T15:02:49.065107,KXBTCD-25MAY2019-T106499.99,DELTA,70,1000,77,1025,451,yes,69,-100
2025-05-20T15:02:49.125388,KXBTCD-25MAY2019-T106499.99,DELTA,69,14,77,1025,452,yes,70,-1000
2025-05-20T15:02:49.165880,KXBTCD-25MAY2019-T106499.99,DELTA,69,1014,77,1025,453,yes,69,1000
2025-05-20T15:02:50.025056,KXBTCD-25MAY2019-T106499.99,DELTA,70,100,77,1025,454,yes,70,100
2025-05-20T15:02:50.086345,KXBTCD-25MAY2019-T106499.99,DELTA,70,100,77,1025,455,yes,69,-1000
2025-05-20T15:02:50.125959,KXBTCD-25MAY2019-T106499.99,DELTA,70,1100,77,1025,456,yes,70,1000
2025-05-20T15:02:50.245755,KXBTCD-25MAY2019-T106499.99,DELTA,70,100,77,1025,457,yes,70,-1000
2025-05-20T15:02:50.285073,KXBTCD-25MAY2019-T106499.99,DELTA,70,100,77,1025,458,no,4,-8100
2025-05-20T15:02:50.285529,KXBTCD-25MAY2019-T106499.99,DELTA,70,100,77,1025,459,no,6,5400
2025-05-20T15:02:50.285945,KXBTCD-25MAY2019-T106499.99,DELTA,70,100,77,1025,460,yes,69,1000
2025-05-20T15:02:50.345373,KXBTCD-25MAY2019-T106499.99,DELTA,70,100,77,1025,461,no,5,-20000
2025-05-20T15:02:50.416030,KXBTCD-25MAY2019-T106499.99,DELTA,70,100,77,1025,462,no,5,-2000
2025-05-20T15:02:50.416264,KXBTCD-25MAY2019-T106499.99,DELTA,70,100,77,1025,463,no,7,2000
2025-05-20T15:02:50.416660,KXBTCD-25MAY2019-T106499.99,DELTA,70,100,77,1025,464,no,7,20000
2025-05-20T15:02:51.166499,KXBTCD-25MAY2019-T106499.99,DELTA,70,100,77,1025,465,yes,69,-1000
2025-05-20T15:02:51.205966,KXBTCD-25MAY2019-T106499.99,DELTA,70,100,77,1025,466,yes,68,1000
2025-05-20T15:02:51.266624,KXBTCD-25MAY2019-T106499.99,DELTA,70,100,77,1025,467,yes,53,9
2025-05-20T15:02:51.267710,KXBTCD-25MAY2019-T106499.99,DELTA,70,100,77,1025,468,yes,68,-1000
2025-05-20T15:02:51.285995,KXBTCD-25MAY2019-T106499.99,DELTA,70,100,77,1025,469,yes,66,-25
2025-05-20T15:02:51.287521,KXBTCD-25MAY2019-T106499.99,DELTA,70,100,77,1025,470,yes,65,25
2025-05-20T15:02:51.305624,KXBTCD-25MAY2019-T106499.99,DELTA,70,100,77,1025,471,yes,41,1000
2025-05-20T15:02:51.386455,KXBTCD-25MAY2019-T106499.99,DELTA,70,100,77,1025,472,no,22,-100
2025-05-20T15:02:51.445945,KXBTCD-25MAY2019-T106499.99,DELTA,70,100,77,1025,473,no,6,-5400
2025-05-20T15:02:51.447181,KXBTCD-25MAY2019-T106499.99,DELTA,70,100,77,1025,474,no,8,4050
2025-05-20T15:02:51.506496,KXBTCD-25MAY2019-T106499.99,DELTA,70,100,77,25,475,no,23,-1000
2025-05-20T15:02:51.547426,KXBTCD-25MAY2019-T106499.99,DELTA,70,100,77,25,476,no,22,1000
2025-05-20T15:02:51.548364,KXBTCD-25MAY2019-T106499.99,DELTA,70,100,77,25,477,no,7,-20000
2025-05-20T15:02:51.565810,KXBTCD-25MAY2019-T106499.99,DELTA,70,100,77,25,478,no,7,-2000
2025-05-20T15:02:51.566492,KXBTCD-25MAY2019-T106499.99,DELTA,70,100,78,1014,479,no,23,-25
2025-05-20T15:02:51.567026,KXBTCD-25MAY2019-T106499.99,DELTA,70,100,78,1039,480,no,22,25
2025-05-20T15:02:51.606965,KXBTCD-25MAY2019-T106499.99,DELTA,70,100,78,1039,481,no,9,20000
2025-05-20T15:02:51.607624,KXBTCD-25MAY2019-T106499.99,DELTA,70,100,78,1039,482,no,9,2000
2025-05-20T15:02:51.625993,KXBTCD-25MAY2019-T106499.99,DELTA,70,100,78,1014,483,no,22,-25
2025-05-20T15:02:51.626940,KXBTCD-25MAY2019-T106499.99,DELTA,70,100,77,25,484,no,23,25
2025-05-20T15:02:51.666057,KXBTCD-25MAY2019-T106499.99,DELTA,70,100,77,25,485,no,22,-1000
2025-05-20T15:02:51.705567,KXBTCD-25MAY2019-T106499.99,DELTA,70,100,77,25,486,no,22,1000
2025-05-20T15:02:51.725366,KXBTCD-25MAY2019-T106499.99,DELTA,70,100,78,1014,487,no,23,-25
2025-05-20T15:02:51.726190,KXBTCD-25MAY2019-T106499.99,DELTA,70,100,78,1039,488,no,22,25
2025-05-20T15:02:51.766001,KXBTCD-25MAY2019-T106499.99,DELTA,70,100,78,1014,489,no,22,-25
2025-05-20T15:02:51.766977,KXBTCD-25MAY2019-T106499.99,DELTA,70,100,76,25,490,no,24,25
2025-05-20T15:02:51.786420,KXBTCD-25MAY2019-T106499.99,DELTA,70,100,76,25,491,no,22,-1000
2025-05-20T15:02:51.826005,KXBTCD-25MAY2019-T106499.99,DELTA,70,100,76,25,492,no,23,1000
2025-05-20T15:02:51.845921,KXBTCD-25MAY2019-T106499.99,DELTA,70,100,77,1000,493,no,24,-25
2025-05-20T15:02:51.846687,KXBTCD-25MAY2019-T106499.99,DELTA,70,100,77,1000,494,no,22,25
2025-05-20T15:02:51.865811,KXBTCD-25MAY2019-T106499.99,DELTA,70,100,78,39,495,no,23,-1000
2025-05-20T15:02:51.886597,KXBTCD-25MAY2019-T106499.99,DELTA,70,100,78,14,496,no,22,-25
2025-05-20T15:02:51.887754,KXBTCD-25MAY2019-T106499.99,DELTA,70,100,75,25,497,no,25,25
2025-05-20T15:02:51.925264,KXBTCD-25MAY2019-T106499.99,DELTA,70,100,75,25,498,no,23,1000
2025-05-20T15:02:51.926339,KXBTCD-25MAY2019-T106499.99,DELTA,70,100,77,1000,499,no,25,-25
2025-05-20T15:02:51.927184,KXBTCD-25MAY2019-T106499.99,DELTA,70,100,77,1000,500,no,22,25
2025-05-20T15:02:51.965247,KXBTCD-25MAY2019-T106499.99,DELTA,70,100,78,39,501,no,23,-1000
2025-05-20T15:02:51.985600,KXBTCD-25MAY2019-T106499.99,DELTA,70,100,78,14,502,no,22,-25
2025-05-20T15:02:51.986800,KXBTCD-25MAY2019-T106499.99,DELTA,70,100,76,25,503,no,24,25
2025-05-20T15:02:52.006267,KXBTCD-25MAY2019-T106499.99,DELTA,70,100,76,25,504,no,23,1000
2025-05-20T15:02:52.045283,KXBTCD-25MAY2019-T106499.99,DELTA,70,100,76,25,505,no,23,-1000
2025-05-20T15:02:52.046372,KXBTCD-25MAY2019-T106499.99,DELTA,70,100,78,14,506,no,24,-25
2025-05-20T15:02:52.047196,KXBTCD-25MAY2019-T106499.99,DELTA,70,100,78,39,507,no,22,25
2025-05-20T15:02:52.086955,KXBTCD-25MAY2019-T106499.99,DELTA,70,100,78,1039,508,no,22,1000
2025-05-20T15:02:52.104835,KXBTCD-25MAY2019-T106499.99,DELTA,70,100,77,100,509,no,23,100
2025-05-20T15:02:52.125669,KXBTCD-25MAY2019-T106499.99,DELTA,70,100,77,100,510,no,22,-1000
2025-05-20T15:02:52.165319,KXBTCD-25MAY2019-T106499.99,DELTA,70,100,76,1000,511,no,24,1000
2025-05-20T15:02:52.206760,KXBTCD-25MAY2019-T106499.99,DELTA,70,100,76,1000,512,no,22,-25
2025-05-20T15:02:52.207939,KXBTCD-25MAY2019-T106499.99,DELTA,70,100,76,1000,513,no,23,25
2025-05-20T15:02:52.265802,KXBTCD-25MAY2019-T106499.99,DELTA,70,100,76,1000,514,no,23,-25
2025-05-20T15:02:52.266883,KXBTCD-25MAY2019-T106499.99,DELTA,70,100,75,25,515,no,25,25
2025-05-20T15:02:52.425652,KXBTCD-25MAY2019-T106499.99,DELTA,69,14,75,25,516,yes,70,-100
2025-05-20T15:02:52.701309,KXBTCD-25MAY2019-T106499.99,DELTA,69,14,75,25,517,no,8,-4050
2025-05-20T15:02:52.701642,KXBTCD-25MAY2019-T106499.99,DELTA,69,14,75,25,518,no,4,8100
2025-05-20T15:02:52.725352,KXBTCD-25MAY2019-T106499.99,DELTA,69,14,75,25,519,no,9,-20000
2025-05-20T15:02:52.725577,KXBTCD-25MAY2019-T106499.99,DELTA,69,14,75,25,520,no,9,-2000
2025-05-20T15:02:52.766533,KXBTCD-25MAY2019-T106499.99,DELTA,69,14,75,25,521,no,5,20000
2025-05-20T15:02:52.767164,KXBTCD-25MAY2019-T106499.99,DELTA,69,14,75,25,522,no,5,2000
2025-05-20T15:02:53.225717,KXBTCD-25MAY2019-T106499.99,DELTA,69,114,75,25,523,yes,69,100
2025-05-20T15:02:53.746572,KXBTCD-25MAY2019-T106499.99,DELTA,69,114,75,25,524,no,4,-8100
2025-05-20T15:02:53.747756,KXBTCD-25MAY2019-T106499.99,DELTA,69,114,75,25,525,no,6,5400
2025-05-20T15:02:53.807656,KXBTCD-25MAY2019-T106499.99,DELTA,69,114,75,25,526,no,5,-20000
2025-05-20T15:02:53.808689,KXBTCD-25MAY2019-T106499.99,DELTA,69,114,75,25,527,no,5,-2000
2025-05-20T15:02:53.845677,KXBTCD-25MAY2019-T106499.99,DELTA,69,114,75,25,528,no,7,2000
2025-05-20T15:02:53.846636,KXBTCD-25MAY2019-T106499.99,DELTA,69,114,75,25,529,no,7,20000
2025-05-20T15:02:55.466396,KXBTCD-25MAY2019-T106499.99,DELTA,69,114,75,25,530,no,23,-100
2025-05-20T15:02:55.526171,KXBTCD-25MAY2019-T106499.99,DELTA,69,114,75,25,531,no,24,-1000
2025-05-20T15:02:55.566323,KXBTCD-25MAY2019-T106499.99,DELTA,69,114,75,25,532,no,22,1000
2025-05-20T15:02:55.586779,KXBTCD-25MAY2019-T106499.99,DELTA,69,114,78,1014,533,no,25,-25
2025-05-20T15:02:55.587746,KXBTCD-25MAY2019-T106499.99,DELTA,69,114,78,1039,534,no,22,25
2025-05-20T15:02:55.625769,KXBTCD-25MAY2019-T106499.99,DELTA,69,114,78,1014,535,no,22,-25
2025-05-20T15:02:55.626642,KXBTCD-25MAY2019-T106499.99,DELTA,69,114,74,25,536,no,26,25
2025-05-20T15:02:55.645700,KXBTCD-25MAY2019-T106499.99,DELTA,69,114,74,25,537,no,22,-1000
2025-05-20T15:02:55.685390,KXBTCD-25MAY2019-T106499.99,DELTA,69,114,78,14,538,no,26,-25
2025-05-20T15:02:55.686364,KXBTCD-25MAY2019-T106499.99,DELTA,69,114,77,25,539,no,23,25
2025-05-20T15:02:55.687055,KXBTCD-25MAY2019-T106499.99,DELTA,69,114,77,25,540,no,22,1000
2025-05-20T15:02:56.388365,KXBTCD-25MAY2019-T106499.99,DELTA,69,114,77,125,541,no,23,100
2025-05-20T15:02:56.389937,KXBTCD-25MAY2019-T106499.99,DELTA,69,114,77,125,542,no,22,-1000
2025-05-20T15:02:56.426140,KXBTCD-25MAY2019-T106499.99,DELTA,69,114,76,1000,543,no,24,1000
2025-05-20T15:02:56.486052,KXBTCD-25MAY2019-T106499.99,DELTA,69,114,76,1000,544,no,23,-100
2025-05-20T15:02:56.487018,KXBTCD-25MAY2019-T106499.99,DELTA,69,114,76,1000,545,no,23,-25
2025-05-20T15:02:56.487826,KXBTCD-25MAY2019-T106499.99,DELTA,69,114,75,25,546,no,25,25
2025-05-20T15:02:56.545971,KXBTCD-25MAY2019-T106499.99,DELTA,69,114,75,25,547,no,24,-1000
2025-05-20T15:02:56.585663,KXBTCD-25MAY2019-T106499.99,DELTA,69,114,75,25,548,no,22,1000
2025-05-20T15:02:56.604623,KXBTCD-25MAY2019-T106499.99,DELTA,69,114,78,1014,549,no,25,-25
2025-05-20T15:02:56.612082,KXBTCD-25MAY2019-T106499.99,DELTA,69,114,78,1039,550,no,22,25
2025-05-20T15:02:56.649008,KXBTCD-25MAY2019-T106499.99,DELTA,69,114,78,1014,551,no,22,-25
2025-05-20T15:02:56.649988,KXBTCD-25MAY2019-T106499.99,DELTA,69,114,74,25,552,no,26,25
2025-05-20T15:02:56.667004,KXBTCD-25MAY2019-T106499.99,DELTA,69,114,74,25,553,no,22,-1000
2025-05-20T15:02:56.705739,KXBTCD-25MAY2019-T106499.99,DELTA,69,114,78,14,554,no,26,-25
2025-05-20T15:02:56.706723,KXBTCD-25MAY2019-T106499.99,DELTA,69,114,77,25,555,no,23,25
2025-05-20T15:02:56.707518,KXBTCD-25MAY2019-T106499.99,DELTA,69,114,77,25,556,no,22,1000
2025-05-20T15:02:57.625353,KXBTCD-25MAY2019-T106499.99,DELTA,69,114,77,25,557,no,6,-5400
2025-05-20T15:02:57.625620,KXBTCD-25MAY2019-T106499.99,DELTA,69,114,77,25,558,no,8,4050
2025-05-20T15:02:57.705220,KXBTCD-25MAY2019-T106499.99,DELTA,69,114,77,25,559,no,7,-20000
2025-05-20T15:02:57.724984,KXBTCD-25MAY2019-T106499.99,DELTA,69,114,77,25,560,no,7,-2000
2025-05-20T15:02:57.765368,KXBTCD-25MAY2019-T106499.99,DELTA,69,114,77,25,561,no,9,2000
2025-05-20T15:02:57.765675,KXBTCD-25MAY2019-T106499.99,DELTA,69,114,77,25,562,no,9,20000
2025-05-20T15:02:59.105156,KXBTCD-25MAY2019-T106499.99,DELTA,69,114,77,125,563,no,23,100
2025-05-20T15:02:59.164699,KXBTCD-25MAY2019-T106499.99,DELTA,69,114,77,125,564,no,22,-1000
2025-05-20T15:02:59.225387,KXBTCD-25MAY2019-T106499.99,DELTA,69,114,76,1000,565,no,24,1000
2025-05-20T15:02:59.287311,KXBTCD-25MAY2019-T106499.99,DELTA,69,114,76,1000,566,no,23,-25
2025-05-20T15:02:59.288320,KXBTCD-25MAY2019-T106499.99,DELTA,69,114,75,25,567,no,25,25
2025-05-20T15:02:59.467054,KXBTCD-25MAY2019-T106499.99,DELTA,69,114,75,25,568,no,23,-100
2025-05-20T15:02:59.547581,KXBTCD-25MAY2019-T106499.99,DELTA,69,114,75,25,569,no,24,-1000
2025-05-20T15:02:59.585270,KXBTCD-25MAY2019-T106499.99,DELTA,69,114,75,25,570,no,22,1000
2025-05-20T15:02:59.605909,KXBTCD-25MAY2019-T106499.99,DELTA,69,114,78,1014,571,no,25,-25
2025-05-20T15:02:59.606878,KXBTCD-25MAY2019-T106499.99,DELTA,69,114,78,1039,572,no,22,25
2025-05-20T15:02:59.645284,KXBTCD-25MAY2019-T106499.99,DELTA,69,114,78,1014,573,no,22,-25
2025-05-20T15:02:59.646235,KXBTCD-25MAY2019-T106499.99,DELTA,69,114,74,25,574,no,26,25
2025-05-20T15:02:59.667126,KXBTCD-25MAY2019-T106499.99,DELTA,69,114,74,25,575,no,22,-1000
2025-05-20T15:02:59.709226,KXBTCD-25MAY2019-T106499.99,DELTA,69,114,74,25,576,no,22,1000
2025-05-20T15:02:59.710201,KXBTCD-25MAY2019-T106499.99,DELTA,69,114,78,1014,577,no,26,-25
2025-05-20T15:02:59.710830,KXBTCD-25MAY2019-T106499.99,DELTA,69,114,77,25,578,no,23,25
2025-05-20T15:02:59.825813,KXBTCD-25MAY2019-T106499.99,DELTA,69,114,77,25,579,yes,41,-1000
2025-05-20T15:02:59.866550,KXBTCD-25MAY2019-T106499.99,DELTA,69,114,77,25,580,yes,68,1000
2025-05-20T15:03:00.029184,KXBTCD-25MAY2019-T106499.99,DELTA,69,114,77,25,581,yes,68,-1000
2025-05-20T15:03:00.029454,KXBTCD-25MAY2019-T106499.99,DELTA,69,114,77,25,582,no,9,1250
2025-05-20T15:03:00.066228,KXBTCD-25MAY2019-T106499.99,DELTA,69,114,77,25,583,yes,41,1000
2025-05-20T15:03:00.066783,KXBTCD-25MAY2019-T106499.99,DELTA,69,114,77,25,584,no,9,-1250
2025-05-20T15:03:00.204817,KXBTCD-25MAY2019-T106499.99,DELTA,69,114,77,125,585,no,23,100
2025-05-20T15:03:00.225148,KXBTCD-25MAY2019-T106499.99,DELTA,69,114,77,125,586,no,8,-4050
2025-05-20T15:03:00.225324,KXBTCD-25MAY2019-T106499.99,DELTA,69,114,77,125,587,no,9,3600
2025-05-20T15:03:00.266860,KXBTCD-25MAY2019-T106499.99,DELTA,69,114,77,125,588,no,22,-1000
2025-05-20T15:03:00.307432,KXBTCD-25MAY2019-T106499.99,DELTA,69,114,77,125,589,no,9,-20000
2025-05-20T15:03:00.307646,KXBTCD-25MAY2019-T106499.99,DELTA,69,114,77,125,590,no,9,-2000
2025-05-20T15:03:00.345525,KXBTCD-25MAY2019-T106499.99,DELTA,69,114,77,125,591,no,10,20000
2025-05-20T15:03:00.345793,KXBTCD-25MAY2019-T106499.99,DELTA,69,114,77,125,592,no,10,2000
2025-05-20T15:03:00.365946,KXBTCD-25MAY2019-T106499.99,DELTA,69,114,76,1000,593,no,24,1000
2025-05-20T15:03:00.366107,KXBTCD-25MAY2019-T106499.99,DELTA,69,114,76,1000,594,no,23,-100
2025-05-20T15:03:00.425695,KXBTCD-25MAY2019-T106499.99,DELTA,69,114,76,1000,595,no,23,-25
2025-05-20T15:03:00.425879,KXBTCD-25MAY2019-T106499.99,DELTA,69,114,75,25,596,no,25,25
2025-05-20T15:03:00.425989,KXBTCD-25MAY2019-T106499.99,DELTA,69,114,75,25,597,no,24,-1000
2025-05-20T15:03:00.484996,KXBTCD-25MAY2019-T106499.99,DELTA,69,114,78,14,598,no,25,-25
2025-05-20T15:03:00.485218,KXBTCD-25MAY2019-T106499.99,DELTA,69,114,78,39,599,no,22,25
2025-05-20T15:03:00.546057,KXBTCD-25MAY2019-T106499.99,DELTA,69,114,78,1039,600,no,22,1000
2025-05-20T15:03:00.586080,KXBTCD-25MAY2019-T106499.99,DELTA,69,114,78,39,601,no,22,-1000
2025-05-20T15:03:00.605636,KXBTCD-25MAY2019-T106499.99,DELTA,69,114,78,14,602,no,22,-25
2025-05-20T15:03:00.606668,KXBTCD-25MAY2019-T106499.99,DELTA,69,114,77,25,603,no,23,25
2025-05-20T15:03:00.625571,KXBTCD-25MAY2019-T106499.99,DELTA,69,114,77,1025,604,no,23,1000
2025-05-20T15:03:00.645927,KXBTCD-25MAY2019-T106499.99,DELTA,69,114,77,1000,605,no,23,-25
2025-05-20T15:03:00.646872,KXBTCD-25MAY2019-T106499.99,DELTA,69,114,77,1000,606,no,22,25
2025-05-20T15:03:00.664879,KXBTCD-25MAY2019-T106499.99,DELTA,69,114,78,39,607,no,23,-1000
2025-05-20T15:03:00.705038,KXBTCD-25MAY2019-T106499.99,DELTA,69,114,77,1000,608,no,23,1000
2025-05-20T15:03:00.705972,KXBTCD-25MAY2019-T106499.99,DELTA,69,114,77,1000,609,no,22,-25
2025-05-20T15:03:00.706873,KXBTCD-25MAY2019-T106499.99,DELTA,69,114,76,25,610,no,24,25
2025-05-20T15:03:00.765815,KXBTCD-25MAY2019-T106499.99,DELTA,69,114,76,25,611,no,23,-1000
2025-05-20T15:03:00.805788,KXBTCD-25MAY2019-T106499.99,DELTA,69,114,76,25,612,no,22,1000
2025-05-20T15:03:00.824665,KXBTCD-25MAY2019-T106499.99,DELTA,69,114,78,1014,613,no,24,-25
2025-05-20T15:03:00.825693,KXBTCD-25MAY2019-T106499.99,DELTA,69,114,78,1039,614,no,22,25
2025-05-20T15:03:00.864733,KXBTCD-25MAY2019-T106499.99,DELTA,69,114,78,1014,615,no,22,-25
2025-05-20T15:03:00.866811,KXBTCD-25MAY2019-T106499.99,DELTA,69,114,75,25,616,no,25,25
2025-05-20T15:03:00.886788,KXBTCD-25MAY2019-T106499.99,DELTA,69,114,75,25,617,no,22,-1000
2025-05-20T15:03:00.924072,KXBTCD-25MAY2019-T106499.99,DELTA,69,114,75,25,618,no,22,1000
2025-05-20T15:03:00.925009,KXBTCD-25MAY2019-T106499.99,DELTA,69,114,78,1014,619,no,25,-25
2025-05-20T15:03:00.925784,KXBTCD-25MAY2019-T106499.99,DELTA,69,114,77,25,620,no,23,25
2025-05-20T15:03:01.307782,KXBTCD-25MAY2019-T106499.99,DELTA,69,114,77,25,621,no,9,-3600
2025-05-20T15:03:01.308975,KXBTCD-25MAY2019-T106499.99,DELTA,69,114,77,25,622,no,4,8100
2025-05-20T15:03:01.346525,KXBTCD-25MAY2019-T106499.99,DELTA,69,114,77,25,623,yes,67,30
2025-05-20T15:03:01.347443,KXBTCD-25MAY2019-T106499.99,DELTA,69,114,77,25,624,yes,68,-30
2025-05-20T15:03:01.348138,KXBTCD-25MAY2019-T106499.99,DELTA,69,114,77,25,625,no,22,30
2025-05-20T15:03:01.348733,KXBTCD-25MAY2019-T106499.99,DELTA,69,114,77,25,626,no,21,-30
2025-05-20T15:03:01.365625,KXBTCD-25MAY2019-T106499.99,DELTA,69,114,77,25,627,no,10,-20000
2025-05-20T15:03:01.385299,KXBTCD-25MAY2019-T106499.99,DELTA,69,114,77,25,628,no,10,-2000
2025-05-20T15:03:01.407640,KXBTCD-25MAY2019-T106499.99,DELTA,69,114,77,25,629,yes,41,-1000
2025-05-20T15:03:01.426403,KXBTCD-25MAY2019-T106499.99,DELTA,69,114,77,25,630,no,22,-1000
2025-05-20T15:03:01.427280,KXBTCD-25MAY2019-T106499.99,DELTA,69,114,77,25,631,no,5,2000
2025-05-20T15:03:01.427907,KXBTCD-25MAY2019-T106499.99,DELTA,69,114,77,25,632,no,5,20000
2025-05-20T15:03:01.486033,KXBTCD-25MAY2019-T106499.99,DELTA,69,114,77,25,633,yes,67,1000
2025-05-20T15:03:01.609028,KXBTCD-25MAY2019-T106499.99,DELTA,69,14,77,25,634,yes,69,-100
2025-05-20T15:03:01.609989,KXBTCD-25MAY2019-T106499.99,DELTA,69,14,77,1025,635,no,23,1000
2025-05-20T15:03:01.664447,KXBTCD-25MAY2019-T106499.99,DELTA,69,14,76,100,636,no,24,100
2025-05-20T15:03:01.804707,KXBTCD-25MAY2019-T106499.99,DELTA,69,14,76,100,637,no,23,-1000
2025-05-20T15:03:01.805861,KXBTCD-25MAY2019-T106499.99,DELTA,69,14,76,100,638,no,23,-25
2025-05-20T15:03:01.806774,KXBTCD-25MAY2019-T106499.99,DELTA,69,14,75,25,639,no,25,25
2025-05-20T15:03:01.807441,KXBTCD-25MAY2019-T106499.99,DELTA,69,14,75,1025,640,no,25,1000
2025-05-20T15:03:01.808025,KXBTCD-25MAY2019-T106499.99,DELTA,69,14,75,1025,641,yes,53,-9
2025-05-20T15:03:01.824936,KXBTCD-25MAY2019-T106499.99,DELTA,69,14,75,1000,642,no,25,-25
2025-05-20T15:03:01.825632,KXBTCD-25MAY2019-T106499.99,DELTA,69,14,74,25,643,no,26,25
2025-05-20T15:03:02.395095,KXBTCD-25MAY2019-T106499.99,DELTA,69,14,74,25,644,no,24,-100
2025-05-20T15:03:02.446418,KXBTCD-25MAY2019-T106499.99,DELTA,69,14,74,25,645,no,25,-1000
2025-05-20T15:03:02.465667,KXBTCD-25MAY2019-T106499.99,DELTA,69,14,74,25,646,no,4,-8100
2025-05-20T15:03:02.466485,KXBTCD-25MAY2019-T106499.99,DELTA,69,14,74,25,647,no,6,5400
2025-05-20T15:03:02.526935,KXBTCD-25MAY2019-T106499.99,DELTA,69,14,78,44,648,no,26,-25
2025-05-20T15:03:02.527928,KXBTCD-25MAY2019-T106499.99,DELTA,69,14,77,25,649,no,23,25
2025-05-20T15:03:02.545455,KXBTCD-25MAY2019-T106499.99,DELTA,69,14,77,1025,650,no,23,1000
2025-05-20T15:03:02.663018,KXBTCD-25MAY2019-T106499.99,DELTA,69,14,77,1025,651,no,5,-20000
2025-05-20T15:03:02.663241,KXBTCD-25MAY2019-T106499.99,DELTA,69,14,77,1025,652,no,5,-2000
2025-05-20T15:03:02.663638,KXBTCD-25MAY2019-T106499.99,DELTA,69,14,77,1025,653,yes,68,100
2025-05-20T15:03:02.665903,KXBTCD-25MAY2019-T106499.99,DELTA,69,14,77,1025,654,no,7,20000
2025-05-20T15:03:02.667643,KXBTCD-25MAY2019-T106499.99,DELTA,69,14,77,1025,655,no,7,2000
2025-05-20T15:03:03.245527,KXBTCD-25MAY2019-T106499.99,DELTA,69,14,76,100,656,no,24,100
2025-05-20T15:03:03.380941,KXBTCD-25MAY2019-T106499.99,DELTA,69,14,76,100,657,no,23,-25
2025-05-20T15:03:03.382088,KXBTCD-25MAY2019-T106499.99,DELTA,69,14,75,25,658,no,25,25
2025-05-20T15:03:03.382900,KXBTCD-25MAY2019-T106499.99,DELTA,69,14,75,25,659,no,23,-1000
2025-05-20T15:03:03.383642,KXBTCD-25MAY2019-T106499.99,DELTA,69,14,75,1025,660,no,25,1000
2025-05-20T15:03:03.445538,KXBTCD-25MAY2019-T106499.99,DELTA,69,14,75,1000,661,no,25,-25
2025-05-20T15:03:03.446549,KXBTCD-25MAY2019-T106499.99,DELTA,69,14,74,25,662,no,26,25
2025-05-20T15:03:03.901484,KXBTCD-25MAY2019-T106499.99,DELTA,69,14,74,25,663,no,6,-5400
2025-05-20T15:03:03.902768,KXBTCD-25MAY2019-T106499.99,DELTA,69,14,74,25,664,no,8,4050
2025-05-20T15:03:03.905492,KXBTCD-25MAY2019-T106499.99,DELTA,69,14,74,25,665,no,7,-20000
2025-05-20T15:03:03.925234,KXBTCD-25MAY2019-T106499.99,DELTA,69,14,74,25,666,no,7,-2000
2025-05-20T15:03:03.985639,KXBTCD-25MAY2019-T106499.99,DELTA,69,14,74,25,667,no,9,20000
2025-05-20T15:03:03.986878,KXBTCD-25MAY2019-T106499.99,DELTA,69,14,74,25,668,no,9,2000
2025-05-20T15:03:05.145004,KXBTCD-25MAY2019-T106499.99,DELTA,69,14,74,25,669,no,8,-4050
2025-05-20T15:03:05.145930,KXBTCD-25MAY2019-T106499.99,DELTA,69,14,74,25,670,no,9,3600
2025-05-20T15:03:05.278721,KXBTCD-25MAY2019-T106499.99,DELTA,69,14,74,25,671,no,9,-20000
2025-05-20T15:03:05.279683,KXBTCD-25MAY2019-T106499.99,DELTA,69,14,74,25,672,no,9,-2000
2025-05-20T15:03:05.280315,KXBTCD-25MAY2019-T106499.99,DELTA,69,14,74,25,673,no,10,2000
2025-05-20T15:03:05.280869,KXBTCD-25MAY2019-T106499.99,DELTA,69,14,74,25,674,no,10,20000
2025-05-20T15:03:09.029359,KXBTCD-25MAY2019-T106499.99,DELTA,69,14,74,25,675,no,9,-3600
2025-05-20T15:03:09.030231,KXBTCD-25MAY2019-T106499.99,DELTA,69,14,74,25,676,no,4,8100
2025-05-20T15:03:09.067896,KXBTCD-25MAY2019-T106499.99,DELTA,69,14,74,25,677,no,10,-20000
2025-05-20T15:03:09.068240,KXBTCD-25MAY2019-T106499.99,DELTA,69,14,74,25,678,no,10,-2000
2025-05-20T15:03:09.125797,KXBTCD-25MAY2019-T106499.99,DELTA,69,14,74,25,679,no,5,2000
2025-05-20T15:03:09.126044,KXBTCD-25MAY2019-T106499.99,DELTA,69,14,74,25,680,no,5,20000
2025-05-20T15:03:10.521870,KXBTCD-25MAY2019-T106499.99,DELTA,69,14,74,25,681,yes,67,1
2025-05-20T15:03:11.050051,KXBTCD-25MAY2019-T106499.99,DELTA,69,14,74,25,682,yes,67,-1000
2025-05-20T15:03:11.051077,KXBTCD-25MAY2019-T106499.99,DELTA,69,14,74,25,683,yes,52,-3000
2025-05-20T15:03:11.051873,KXBTCD-25MAY2019-T106499.99,DELTA,69,14,74,25,684,yes,23,-8000
2025-05-20T15:03:11.052673,KXBTCD-25MAY2019-T106499.99,DELTA,69,14,74,25,685,yes,24,-1350
2025-05-20T15:03:11.053301,KXBTCD-25MAY2019-T106499.99,DELTA,69,14,74,25,686,no,4,-8100
2025-05-20T15:03:11.086005,KXBTCD-25MAY2019-T106499.99,DELTA,69,14,74,25,687,yes,41,1000
2025-05-20T15:03:11.086281,KXBTCD-25MAY2019-T106499.99,DELTA,69,14,74,25,688,yes,45,3000
2025-05-20T15:03:11.086397,KXBTCD-25MAY2019-T106499.99,DELTA,69,14,74,25,689,yes,9,8000
2025-05-20T15:03:11.124710,KXBTCD-25MAY2019-T106499.99,DELTA,69,14,74,25,690,no,5,-20000
2025-05-20T15:03:11.124873,KXBTCD-25MAY2019-T106499.99,DELTA,69,14,74,25,691,yes,53,9
2025-05-20T15:03:11.124953,KXBTCD-25MAY2019-T106499.99,DELTA,69,14,74,25,692,no,5,-2000
2025-05-20T15:03:11.447663,KXBTCD-25MAY2019-T106499.99,DELTA,69,14,74,25,693,yes,41,-1000
2025-05-20T15:03:11.466144,KXBTCD-25MAY2019-T106499.99,DELTA,69,14,74,25,694,yes,9,-8000
2025-05-20T15:03:11.571830,KXBTCD-25MAY2019-T106499.99,DELTA,69,14,74,25,695,yes,10,8000
2025-05-20T15:03:11.572910,KXBTCD-25MAY2019-T106499.99,DELTA,69,14,74,25,696,yes,67,1000
2025-05-20T15:03:11.890504,KXBTCD-25MAY2019-T106499.99,DELTA,69,14,74,25,697,yes,11,2945
2025-05-20T15:03:11.905894,KXBTCD-25MAY2019-T106499.99,DELTA,69,14,74,25,698,no,4,8100
2025-05-20T15:03:11.987160,KXBTCD-25MAY2019-T106499.99,DELTA,69,14,74,25,699,no,5,2000
2025-05-20T15:03:11.988383,KXBTCD-25MAY2019-T106499.99,DELTA,69,14,74,25,700,no,5,20000
2025-05-20T15:03:13.146880,KXBTCD-25MAY2019-T106499.99,DELTA,69,14,74,25,701,no,4,-8100
2025-05-20T15:03:13.147977,KXBTCD-25MAY2019-T106499.99,DELTA,69,14,74,25,702,no,6,5400
2025-05-20T15:03:13.187498,KXBTCD-25MAY2019-T106499.99,DELTA,69,14,74,25,703,no,5,-20000
2025-05-20T15:03:13.188613,KXBTCD-25MAY2019-T106499.99,DELTA,69,14,74,25,704,no,5,-2000
2025-05-20T15:03:13.226817,KXBTCD-25MAY2019-T106499.99,DELTA,69,14,74,25,705,no,7,20000
2025-05-20T15:03:13.227933,KXBTCD-25MAY2019-T106499.99,DELTA,69,14,74,25,706,no,7,2000
2025-05-20T15:03:13.228613,KXBTCD-25MAY2019-T106499.99,DELTA,69,14,74,25,707,yes,53,-9
2025-05-20T15:03:14.267058,KXBTCD-25MAY2019-T106499.99,DELTA,69,14,74,25,708,no,6,-5400
2025-05-20T15:03:14.267827,KXBTCD-25MAY2019-T106499.99,DELTA,69,14,74,25,709,no,8,4050
2025-05-20T15:03:14.325846,KXBTCD-25MAY2019-T106499.99,DELTA,69,14,74,25,710,no,7,-20000
2025-05-20T15:03:14.326736,KXBTCD-25MAY2019-T106499.99,DELTA,69,14,74,25,711,no,7,-2000
2025-05-20T15:03:14.385616,KXBTCD-25MAY2019-T106499.99,DELTA,69,14,74,25,712,no,9,20000
2025-05-20T15:03:14.386482,KXBTCD-25MAY2019-T106499.99,DELTA,69,14,74,25,713,no,9,2000
2025-05-20T15:03:15.367707,KXBTCD-25MAY2019-T106499.99,DELTA,69,14,74,25,714,no,8,-4050
2025-05-20T15:03:15.368846,KXBTCD-25MAY2019-T106499.99,DELTA,69,14,74,25,715,no,9,3600
2025-05-20T15:03:15.426615,KXBTCD-25MAY2019-T106499.99,DELTA,69,14,74,25,716,no,9,-20000
2025-05-20T15:03:15.427614,KXBTCD-25MAY2019-T106499.99,DELTA,69,14,74,25,717,no,9,-2000
2025-05-20T15:03:15.466414,KXBTCD-25MAY2019-T106499.99,DELTA,69,14,74,25,718,no,10,2000
2025-05-20T15:03:15.467111,KXBTCD-25MAY2019-T106499.99,DELTA,69,14,74,25,719,no,10,20000
2025-05-20T15:03:16.407168,KXBTCD-25MAY2019-T106499.99,DELTA,69,14,74,25,720,no,9,-3600
2025-05-20T15:03:16.408463,KXBTCD-25MAY2019-T106499.99,DELTA,69,14,74,25,721,no,4,8100
2025-05-20T15:03:16.467454,KXBTCD-25MAY2019-T106499.99,DELTA,69,14,74,25,722,no,10,-20000
2025-05-20T15:03:16.468682,KXBTCD-25MAY2019-T106499.99,DELTA,69,14,74,25,723,no,10,-2000
2025-05-20T15:03:16.506997,KXBTCD-25MAY2019-T106499.99,DELTA,69,14,74,25,724,no,5,20000
2025-05-20T15:03:16.507872,KXBTCD-25MAY2019-T106499.99,DELTA,69,14,74,25,725,no,5,2000
2025-05-20T15:03:20.307089,KXBTCD-25MAY2019-T106499.99,DELTA,68,100,74,25,726,yes,69,-14
2025-05-20T15:03:20.307754,KXBTCD-25MAY2019-T106499.99,DELTA,68,100,74,25,727,yes,67,14
2025-05-20T15:03:20.308176,KXBTCD-25MAY2019-T106499.99,DELTA,68,100,74,25,728,yes,67,-1000
2025-05-20T15:03:20.389470,KXBTCD-25MAY2019-T106499.99,DELTA,68,100,74,25,729,yes,65,-25
2025-05-20T15:03:20.390557,KXBTCD-25MAY2019-T106499.99,DELTA,68,100,74,25,730,yes,63,25
2025-05-20T15:03:20.391354,KXBTCD-25MAY2019-T106499.99,DELTA,68,100,74,25,731,no,24,14
2025-05-20T15:03:20.392064,KXBTCD-25MAY2019-T106499.99,DELTA,68,100,74,25,732,no,22,-14
2025-05-20T15:03:20.485127,KXBTCD-25MAY2019-T106499.99,DELTA,68,100,74,25,733,yes,41,1000
2025-05-20T15:03:20.807540,KXBTCD-25MAY2019-T106499.99,DELTA,68,100,74,25,734,no,24,-100
2025-05-20T15:03:20.906608,KXBTCD-25MAY2019-T106499.99,DELTA,68,100,74,25,735,no,25,-1000
2025-05-20T15:03:21.107708,KXBTCD-25MAY2019-T106499.99,DELTA,68,100,74,25,736,no,23,1000
2025-05-20T15:03:21.108915,KXBTCD-25MAY2019-T106499.99,DELTA,68,100,76,14,737,no,26,-25
2025-05-20T15:03:21.109736,KXBTCD-25MAY2019-T106499.99,DELTA,68,100,76,14,738,no,23,25
2025-05-20T15:03:21.307671,KXBTCD-25MAY2019-T106499.99,DELTA,68,100,76,14,739,yes,67,-30
2025-05-20T15:03:21.308847,KXBTCD-25MAY2019-T106499.99,DELTA,68,100,76,14,740,yes,65,30
2025-05-20T15:03:21.386073,KXBTCD-25MAY2019-T106499.99,DELTA,68,100,76,44,741,no,24,30
2025-05-20T15:03:21.387156,KXBTCD-25MAY2019-T106499.99,DELTA,68,100,76,44,742,no,22,-30
2025-05-20T15:03:21.534267,KXBTCD-25MAY2019-T106499.99,DELTA,68,100,76,44,743,yes,41,-1000
2025-05-20T15:03:21.535443,KXBTCD-25MAY2019-T106499.99,DELTA,68,100,76,44,744,no,23,-1000
2025-05-20T15:03:21.536377,KXBTCD-25MAY2019-T106499.99,DELTA,68,100,76,44,745,no,23,-25
2025-05-20T15:03:21.537242,KXBTCD-25MAY2019-T106499.99,DELTA,68,100,75,25,746,no,25,25
2025-05-20T15:03:21.537721,KXBTCD-25MAY2019-T106499.99,DELTA,68,100,75,25,747,yes,41,1000
2025-05-20T15:03:21.890630,KXBTCD-25MAY2019-T106499.99,DELTA,68,100,75,25,748,yes,67,-14
2025-05-20T15:03:21.891742,KXBTCD-25MAY2019-T106499.99,DELTA,68,100,75,25,749,yes,66,14
2025-05-20T15:03:21.892637,KXBTCD-25MAY2019-T106499.99,DELTA,68,100,75,1025,750,no,25,1000
2025-05-20T15:03:21.893155,KXBTCD-25MAY2019-T106499.99,DELTA,68,100,75,1025,751,no,24,-14
2025-05-20T15:03:21.893700,KXBTCD-25MAY2019-T106499.99,DELTA,68,100,74,100,752,no,26,100
2025-05-20T15:03:22.059577,KXBTCD-25MAY2019-T106499.99,DELTA,68,100,74,100,753,no,25,14
2025-05-20T15:03:22.060717,KXBTCD-25MAY2019-T106499.99,DELTA,68,100,74,100,754,no,25,-25
2025-05-20T15:03:22.061575,KXBTCD-25MAY2019-T106499.99,DELTA,68,100,73,25,755,no,27,25
2025-05-20T15:03:22.062335,KXBTCD-25MAY2019-T106499.99,DELTA,68,100,73,25,756,no,25,-1000
2025-05-20T15:03:22.088253,KXBTCD-25MAY2019-T106499.99,DELTA,67,1,73,25,757,yes,68,-100
2025-05-20T15:03:22.089158,KXBTCD-25MAY2019-T106499.99,DELTA,67,1,73,1025,758,no,27,1000
2025-05-20T15:03:22.147274,KXBTCD-25MAY2019-T106499.99,DELTA,67,1,73,1000,759,no,27,-25
2025-05-20T15:03:22.148326,KXBTCD-25MAY2019-T106499.99,DELTA,67,1,72,25,760,no,28,25
2025-05-20T15:03:23.327472,KXBTCD-25MAY2019-T106499.99,DELTA,67,1,72,25,761,yes,66,100
2025-05-20T15:03:23.425604,KXBTCD-25MAY2019-T106499.99,DELTA,67,1,72,25,762,yes,46,9
2025-05-20T15:03:23.847188,KXBTCD-25MAY2019-T106499.99,DELTA,67,1,72,25,763,no,4,-8100
2025-05-20T15:03:23.848331,KXBTCD-25MAY2019-T106499.99,DELTA,67,1,72,25,764,no,6,5400
2025-05-20T15:03:23.905662,KXBTCD-25MAY2019-T106499.99,DELTA,67,1,72,25,765,no,5,-20000
2025-05-20T15:03:23.906436,KXBTCD-25MAY2019-T106499.99,DELTA,67,1,72,25,766,no,5,-2000
2025-05-20T15:03:23.967707,KXBTCD-25MAY2019-T106499.99,DELTA,67,1,72,25,767,no,7,20000
2025-05-20T15:03:23.968629,KXBTCD-25MAY2019-T106499.99,DELTA,67,1,72,25,768,no,7,2000
2025-05-20T15:03:24.856117,KXBTCD-25MAY2019-T106499.99,DELTA,67,1,72,25,769,yes,63,-25
2025-05-20T15:03:24.857386,KXBTCD-25MAY2019-T106499.99,DELTA,67,1,72,25,770,yes,62,25
2025-05-20T15:03:25.326964,KXBTCD-25MAY2019-T106499.99,DELTA,67,1,72,25,771,no,26,-100
2025-05-20T15:03:25.386496,KXBTCD-25MAY2019-T106499.99,DELTA,67,1,72,25,772,no,27,-1000
2025-05-20T15:03:25.427183,KXBTCD-25MAY2019-T106499.99,DELTA,67,1,72,25,773,no,25,1000
2025-05-20T15:03:25.487402,KXBTCD-25MAY2019-T106499.99,DELTA,67,1,72,25,774,no,8,9
2025-05-20T15:03:25.527662,KXBTCD-25MAY2019-T106499.99,DELTA,67,1,72,25,775,yes,64,30
2025-05-20T15:03:25.528707,KXBTCD-25MAY2019-T106499.99,DELTA,67,1,72,25,776,yes,65,-30
2025-05-20T15:03:25.546108,KXBTCD-25MAY2019-T106499.99,DELTA,67,1,72,25,777,no,24,-30
2025-05-20T15:03:25.547033,KXBTCD-25MAY2019-T106499.99,DELTA,67,1,72,25,778,no,25,30
2025-05-20T15:03:25.586056,KXBTCD-25MAY2019-T106499.99,DELTA,67,1,72,25,779,yes,41,-1000
2025-05-20T15:03:25.605710,KXBTCD-25MAY2019-T106499.99,DELTA,67,1,72,25,780,no,25,-1000
2025-05-20T15:03:25.625420,KXBTCD-25MAY2019-T106499.99,DELTA,67,1,72,25,781,yes,64,1000
2025-05-20T15:03:25.726644,KXBTCD-25MAY2019-T106499.99,DELTA,67,1,72,25,782,no,26,1000
2025-05-20T15:03:25.866941,KXBTCD-25MAY2019-T106499.99,DELTA,67,1,74,1000,783,no,28,-25
2025-05-20T15:03:25.868006,KXBTCD-25MAY2019-T106499.99,DELTA,67,1,73,25,784,no,27,25
2025-05-20T15:03:26.250067,KXBTCD-25MAY2019-T106499.99,DELTA,67,1,73,125,785,no,27,100
2025-05-20T15:03:26.266838,KXBTCD-25MAY2019-T106499.99,DELTA,67,1,73,125,786,no,26,-1000
2025-05-20T15:03:26.267899,KXBTCD-25MAY2019-T106499.99,DELTA,67,1,73,100,787,no,27,-25
2025-05-20T15:03:26.268661,KXBTCD-25MAY2019-T106499.99,DELTA,67,1,72,25,788,no,28,25
2025-05-20T15:03:26.306555,KXBTCD-25MAY2019-T106499.99,DELTA,67,1,72,1025,789,no,28,1000
2025-05-20T15:03:27.206916,KXBTCD-25MAY2019-T106499.99,DELTA,67,1,72,1025,790,no,6,-5400
2025-05-20T15:03:27.207769,KXBTCD-25MAY2019-T106499.99,DELTA,67,1,72,1025,791,no,8,4050
2025-05-20T15:03:27.300326,KXBTCD-25MAY2019-T106499.99,DELTA,67,1,72,1025,792,no,7,-20000
2025-05-20T15:03:27.302104,KXBTCD-25MAY2019-T106499.99,DELTA,67,1,72,1025,793,no,7,-2000
2025-05-20T15:03:27.350397,KXBTCD-25MAY2019-T106499.99,DELTA,67,1,72,1025,794,no,9,20000
2025-05-20T15:03:27.351526,KXBTCD-25MAY2019-T106499.99,DELTA,67,1,72,1025,795,no,9,2000
2025-05-20T15:03:29.092014,KXBTCD-25MAY2019-T106499.99,DELTA,67,1,72,1025,796,yes,64,-1000
2025-05-20T15:03:29.109905,KXBTCD-25MAY2019-T106499.99,DELTA,67,1,72,1025,797,no,2,-3000
2025-05-20T15:03:29.153073,KXBTCD-25MAY2019-T106499.99,DELTA,67,1,72,1025,798,no,10,3000
2025-05-20T15:03:29.172563,KXBTCD-25MAY2019-T106499.99,DELTA,67,1,72,1025,799,yes,41,1000
2025-05-20T15:03:29.192790,KXBTCD-25MAY2019-T106499.99,DELTA,67,1,72,1025,800,no,8,-9
2025-05-20T15:03:29.397717,KXBTCD-25MAY2019-T106499.99,DELTA,67,1,72,1025,801,no,27,-100
2025-05-20T15:03:29.398395,KXBTCD-25MAY2019-T106499.99,DELTA,67,1,72,1025,802,yes,66,-100
2025-05-20T15:03:29.405627,KXBTCD-25MAY2019-T106499.99,DELTA,67,1,72,25,803,no,28,-1000
2025-05-20T15:03:29.506106,KXBTCD-25MAY2019-T106499.99,DELTA,67,1,72,25,804,no,26,1000
2025-05-20T15:03:29.507152,KXBTCD-25MAY2019-T106499.99,DELTA,67,1,74,1000,805,no,28,-25
2025-05-20T15:03:29.507721,KXBTCD-25MAY2019-T106499.99,DELTA,67,1,74,1025,806,no,26,25
2025-05-20T15:03:29.566351,KXBTCD-25MAY2019-T106499.99,DELTA,67,1,74,1000,807,no,26,-25
2025-05-20T15:03:29.567334,KXBTCD-25MAY2019-T106499.99,DELTA,67,1,73,25,808,no,27,25
2025-05-20T15:03:29.647342,KXBTCD-25MAY2019-T106499.99,DELTA,67,1,73,25,809,no,8,-4050
2025-05-20T15:03:29.648397,KXBTCD-25MAY2019-T106499.99,DELTA,67,1,73,25,810,no,4,8100
2025-05-20T15:03:29.727190,KXBTCD-25MAY2019-T106499.99,DELTA,67,1,73,25,811,no,9,-20000
2025-05-20T15:03:29.727888,KXBTCD-25MAY2019-T106499.99,DELTA,67,1,73,25,812,no,9,-2000
2025-05-20T15:03:29.789315,KXBTCD-25MAY2019-T106499.99,DELTA,67,1,73,25,813,no,5,2000
2025-05-20T15:03:29.790046,KXBTCD-25MAY2019-T106499.99,DELTA,67,1,73,25,814,no,5,20000
2025-05-20T15:03:30.506408,KXBTCD-25MAY2019-T106499.99,DELTA,67,1,73,25,815,yes,66,-14
2025-05-20T15:03:30.507271,KXBTCD-25MAY2019-T106499.99,DELTA,67,1,73,25,816,yes,64,14
2025-05-20T15:03:30.527481,KXBTCD-25MAY2019-T106499.99,DELTA,67,1,73,25,817,no,25,-14
2025-05-20T15:03:30.528216,KXBTCD-25MAY2019-T106499.99,DELTA,67,1,73,39,818,no,27,14
2025-05-20T15:03:30.586487,KXBTCD-25MAY2019-T106499.99,DELTA,67,1,73,39,819,no,26,-1000
2025-05-20T15:03:30.626265,KXBTCD-25MAY2019-T106499.99,DELTA,67,1,72,1000,820,no,28,1000
2025-05-20T15:03:30.645603,KXBTCD-25MAY2019-T106499.99,DELTA,67,1,72,1000,821,no,27,-25
2025-05-20T15:03:30.646496,KXBTCD-25MAY2019-T106499.99,DELTA,67,1,72,1000,822,no,26,25
2025-05-20T15:03:30.687321,KXBTCD-25MAY2019-T106499.99,DELTA,67,1,72,1000,823,no,26,-25
2025-05-20T15:03:30.687965,KXBTCD-25MAY2019-T106499.99,DELTA,67,1,71,25,824,no,29,25
2025-05-20T15:03:30.707559,KXBTCD-25MAY2019-T106499.99,DELTA,67,1,71,25,825,no,28,-1000
2025-05-20T15:03:30.766080,KXBTCD-25MAY2019-T106499.99,DELTA,67,1,71,25,826,no,26,1000
2025-05-20T15:03:30.766914,KXBTCD-25MAY2019-T106499.99,DELTA,67,1,71,25,827,no,4,-8100
2025-05-20T15:03:30.767441,KXBTCD-25MAY2019-T106499.99,DELTA,67,1,71,25,828,no,6,5400
2025-05-20T15:03:30.767905,KXBTCD-25MAY2019-T106499.99,DELTA,67,1,73,14,829,no,29,-25
2025-05-20T15:03:30.768364,KXBTCD-25MAY2019-T106499.99,DELTA,67,1,73,14,830,no,26,25
2025-05-20T15:03:30.826354,KXBTCD-25MAY2019-T106499.99,DELTA,67,1,73,14,831,no,5,-20000
2025-05-20T15:03:30.827411,KXBTCD-25MAY2019-T106499.99,DELTA,67,1,73,14,832,no,26,-25
2025-05-20T15:03:30.828353,KXBTCD-25MAY2019-T106499.99,DELTA,67,1,73,39,833,no,27,25
2025-05-20T15:03:30.829148,KXBTCD-25MAY2019-T106499.99,DELTA,67,1,73,39,834,no,5,-2000
2025-05-20T15:03:30.866034,KXBTCD-25MAY2019-T106499.99,DELTA,67,1,73,39,835,no,7,2000
2025-05-20T15:03:30.973033,KXBTCD-25MAY2019-T106499.99,DELTA,67,1,73,39,836,no,7,20000
2025-05-20T15:03:30.974042,KXBTCD-25MAY2019-T106499.99,DELTA,67,1,73,39,837,no,26,-1000
2025-05-20T15:03:30.974700,KXBTCD-25MAY2019-T106499.99,DELTA,67,1,72,1000,838,no,28,1000
2025-05-20T15:03:30.975294,KXBTCD-25MAY2019-T106499.99,DELTA,67,1,72,1000,839,yes,64,100
2025-05-20T15:03:30.985266,KXBTCD-25MAY2019-T106499.99,DELTA,67,1,72,1000,840,no,27,100
2025-05-20T15:03:30.985990,KXBTCD-25MAY2019-T106499.99,DELTA,67,1,72,1000,841,no,27,-25
2025-05-20T15:03:30.986552,KXBTCD-25MAY2019-T106499.99,DELTA,67,1,72,1000,842,no,26,25
2025-05-20T15:03:31.046313,KXBTCD-25MAY2019-T106499.99,DELTA,67,1,72,1000,843,no,26,-25
2025-05-20T15:03:31.047189,KXBTCD-25MAY2019-T106499.99,DELTA,67,1,71,25,844,no,29,25
2025-05-20T15:03:31.206447,KXBTCD-25MAY2019-T106499.99,DELTA,67,1,71,25,845,no,27,-100
2025-05-20T15:03:31.267004,KXBTCD-25MAY2019-T106499.99,DELTA,67,1,71,25,846,no,28,-1000
2025-05-20T15:03:31.326641,KXBTCD-25MAY2019-T106499.99,DELTA,67,1,71,25,847,no,26,1000
2025-05-20T15:03:31.327755,KXBTCD-25MAY2019-T106499.99,DELTA,67,1,73,14,848,no,29,-25
2025-05-20T15:03:31.328368,KXBTCD-25MAY2019-T106499.99,DELTA,67,1,73,14,849,no,26,25
2025-05-20T15:03:31.385679,KXBTCD-25MAY2019-T106499.99,DELTA,67,1,73,14,850,no,26,-25
2025-05-20T15:03:31.386616,KXBTCD-25MAY2019-T106499.99,DELTA,67,1,73,39,851,no,27,25
2025-05-20T15:03:31.497464,KXBTCD-25MAY2019-T106499.99,DELTA,67,1,73,39,852,no,26,-1000
2025-05-20T15:03:31.498434,KXBTCD-25MAY2019-T106499.99,DELTA,67,1,72,1000,853,no,28,1000
2025-05-20T15:03:31.505349,KXBTCD-25MAY2019-T106499.99,DELTA,67,1,72,1000,854,no,27,-25
2025-05-20T15:03:31.506282,KXBTCD-25MAY2019-T106499.99,DELTA,67,1,72,1000,855,no,26,25
2025-05-20T15:03:31.565020,KXBTCD-25MAY2019-T106499.99,DELTA,67,1,73,14,856,no,28,-1000
2025-05-20T15:03:31.565925,KXBTCD-25MAY2019-T106499.99,DELTA,67,1,73,14,857,no,26,-25
2025-05-20T15:03:31.566565,KXBTCD-25MAY2019-T106499.99,DELTA,67,1,71,25,858,no,29,25
2025-05-20T15:03:31.606220,KXBTCD-25MAY2019-T106499.99,DELTA,67,1,71,25,859,no,26,1000
2025-05-20T15:03:31.626261,KXBTCD-25MAY2019-T106499.99,DELTA,67,1,73,14,860,no,29,-25
2025-05-20T15:03:31.627198,KXBTCD-25MAY2019-T106499.99,DELTA,67,1,73,14,861,no,26,25
2025-05-20T15:03:31.686726,KXBTCD-25MAY2019-T106499.99,DELTA,67,1,73,14,862,no,26,-25
2025-05-20T15:03:31.687720,KXBTCD-25MAY2019-T106499.99,DELTA,67,1,73,39,863,no,27,25
2025-05-20T15:03:31.747179,KXBTCD-25MAY2019-T106499.99,DELTA,67,1,73,39,864,no,26,-1000
2025-05-20T15:03:31.785178,KXBTCD-25MAY2019-T106499.99,DELTA,67,1,72,1000,865,no,28,1000
2025-05-20T15:03:31.805616,KXBTCD-25MAY2019-T106499.99,DELTA,67,1,72,1000,866,no,27,-25
2025-05-20T15:03:31.806559,KXBTCD-25MAY2019-T106499.99,DELTA,67,1,72,1000,867,no,26,25
2025-05-20T15:03:31.845533,KXBTCD-25MAY2019-T106499.99,DELTA,67,1,72,1000,868,no,26,-25
2025-05-20T15:03:31.846511,KXBTCD-25MAY2019-T106499.99,DELTA,67,1,71,25,869,no,29,25
2025-05-20T15:03:31.865944,KXBTCD-25MAY2019-T106499.99,DELTA,67,1,71,25,870,no,28,-1000
2025-05-20T15:03:31.905544,KXBTCD-25MAY2019-T106499.99,DELTA,67,1,71,25,871,no,26,1000
2025-05-20T15:03:31.926231,KXBTCD-25MAY2019-T106499.99,DELTA,67,1,73,14,872,no,29,-25
2025-05-20T15:03:31.927137,KXBTCD-25MAY2019-T106499.99,DELTA,67,1,73,14,873,no,26,25
2025-05-20T15:03:31.927763,KXBTCD-25MAY2019-T106499.99,DELTA,67,1,73,14,874,no,6,-5400
2025-05-20T15:03:31.928242,KXBTCD-25MAY2019-T106499.99,DELTA,67,1,73,14,875,no,8,4050
2025-05-20T15:03:32.020213,KXBTCD-25MAY2019-T106499.99,DELTA,67,1,73,14,876,no,26,-25
2025-05-20T15:03:32.021172,KXBTCD-25MAY2019-T106499.99,DELTA,67,1,70,25,877,no,30,25
2025-05-20T15:03:32.021755,KXBTCD-25MAY2019-T106499.99,DELTA,67,1,70,25,878,no,7,-20000
2025-05-20T15:03:32.022272,KXBTCD-25MAY2019-T106499.99,DELTA,67,1,70,25,879,no,7,-2000
2025-05-20T15:03:32.027741,KXBTCD-25MAY2019-T106499.99,DELTA,67,1,73,14,880,no,30,-25
2025-05-20T15:03:32.028601,KXBTCD-25MAY2019-T106499.99,DELTA,67,1,73,39,881,no,27,25
2025-05-20T15:03:32.064899,KXBTCD-25MAY2019-T106499.99,DELTA,67,1,73,39,882,no,9,20000
2025-05-20T15:03:32.065752,KXBTCD-25MAY2019-T106499.99,DELTA,67,1,73,39,883,no,9,2000
2025-05-20T15:03:32.105532,KXBTCD-25MAY2019-T106499.99,DELTA,67,1,72,100,884,no,28,100
2025-05-20T15:03:32.106322,KXBTCD-25MAY2019-T106499.99,DELTA,67,1,72,100,885,no,26,-1000
2025-05-20T15:03:32.149067,KXBTCD-25MAY2019-T106499.99,DELTA,67,1,72,1100,886,no,28,1000
2025-05-20T15:03:32.169537,KXBTCD-25MAY2019-T106499.99,DELTA,67,1,72,1100,887,no,27,-25
2025-05-20T15:03:32.170328,KXBTCD-25MAY2019-T106499.99,DELTA,67,1,71,25,888,no,29,25
2025-05-20T15:03:32.187304,KXBTCD-25MAY2019-T106499.99,DELTA,67,1,71,25,889,no,28,-1000
2025-05-20T15:03:32.226289,KXBTCD-25MAY2019-T106499.99,DELTA,67,1,71,1025,890,no,29,1000
2025-05-20T15:03:32.286216,KXBTCD-25MAY2019-T106499.99,DELTA,67,1,71,1000,891,no,29,-25
2025-05-20T15:03:32.287185,KXBTCD-25MAY2019-T106499.99,DELTA,67,1,70,25,892,no,30,25
2025-05-20T15:03:34.247657,KXBTCD-25MAY2019-T106499.99,DELTA,67,1,70,25,893,yes,41,-1000
2025-05-20T15:03:34.286616,KXBTCD-25MAY2019-T106499.99,DELTA,67,1,70,25,894,yes,64,1000
2025-05-20T15:03:35.586252,KXBTCD-25MAY2019-T106499.99,DELTA,67,1,70,25,895,no,8,-4050
2025-05-20T15:03:35.586635,KXBTCD-25MAY2019-T106499.99,DELTA,67,1,70,25,896,no,4,8100
2025-05-20T15:03:35.691308,KXBTCD-25MAY2019-T106499.99,DELTA,67,1,70,25,897,no,9,-20000
2025-05-20T15:03:35.692307,KXBTCD-25MAY2019-T106499.99,DELTA,67,1,70,25,898,no,9,-2000
2025-05-20T15:03:35.692946,KXBTCD-25MAY2019-T106499.99,DELTA,67,1,70,25,899,no,5,20000
2025-05-20T15:03:35.693515,KXBTCD-25MAY2019-T106499.99,DELTA,67,1,70,25,900,no,5,2000
2025-05-20T15:03:38.166605,KXBTCD-25MAY2019-T106499.99,DELTA,67,1,70,25,901,no,4,-8100
2025-05-20T15:03:38.167746,KXBTCD-25MAY2019-T106499.99,DELTA,67,1,70,25,902,no,6,5400
2025-05-20T15:03:38.225562,KXBTCD-25MAY2019-T106499.99,DELTA,67,1,70,25,903,no,5,-20000
2025-05-20T15:03:38.226822,KXBTCD-25MAY2019-T106499.99,DELTA,67,1,70,25,904,no,5,-2000
2025-05-20T15:03:38.266048,KXBTCD-25MAY2019-T106499.99,DELTA,67,1,70,25,905,yes,46,-9
2025-05-20T15:03:38.285643,KXBTCD-25MAY2019-T106499.99,DELTA,67,1,70,25,906,no,7,20000
2025-05-20T15:03:38.286304,KXBTCD-25MAY2019-T106499.99,DELTA,67,1,70,25,907,no,7,2000
2025-05-20T15:03:39.192411,KXBTCD-25MAY2019-T106499.99,DELTA,67,1,71,1000,908,no,30,-25
2025-05-20T15:03:39.224691,KXBTCD-25MAY2019-T106499.99,DELTA,67,1,71,1000,909,yes,62,-25
2025-05-20T15:03:39.405583,KXBTCD-25MAY2019-T106499.99,DELTA,67,1,71,1000,910,no,6,-5400
2025-05-20T15:03:39.406827,KXBTCD-25MAY2019-T106499.99,DELTA,67,1,71,1000,911,no,8,4050
2025-05-20T15:03:39.465016,KXBTCD-25MAY2019-T106499.99,DELTA,67,1,71,1000,912,no,7,-20000
2025-05-20T15:03:39.485023,KXBTCD-25MAY2019-T106499.99,DELTA,67,1,71,1000,913,no,7,-2000
2025-05-20T15:03:39.526278,KXBTCD-25MAY2019-T106499.99,DELTA,67,1,71,1000,914,no,9,20000
2025-05-20T15:03:39.527402,KXBTCD-25MAY2019-T106499.99,DELTA,67,1,71,1000,915,no,9,2000
2025-05-20T15:03:40.318866,KXBTCD-25MAY2019-T106499.99,DELTA,67,1,71,1000,916,yes,62,25
2025-05-20T15:03:40.426566,KXBTCD-25MAY2019-T106499.99,DELTA,67,1,70,25,917,no,30,25
2025-05-20T15:03:40.538379,KXBTCD-25MAY2019-T106499.99,DELTA,67,1,70,25,918,no,8,-4050
2025-05-20T15:03:40.539469,KXBTCD-25MAY2019-T106499.99,DELTA,67,1,70,25,919,no,9,3600
2025-05-20T15:03:40.565403,KXBTCD-25MAY2019-T106499.99,DELTA,67,1,70,25,920,no,9,-20000
2025-05-20T15:03:40.585528,KXBTCD-25MAY2019-T106499.99,DELTA,67,1,70,25,921,no,9,-2000
2025-05-20T15:03:40.625845,KXBTCD-25MAY2019-T106499.99,DELTA,67,1,70,25,922,no,10,2000
2025-05-20T15:03:40.626186,KXBTCD-25MAY2019-T106499.99,DELTA,67,1,70,25,923,no,10,20000
2025-05-20T15:03:41.609457,KXBTCD-25MAY2019-T106499.99,DELTA,67,1,70,25,924,no,9,-3600
2025-05-20T15:03:41.610640,KXBTCD-25MAY2019-T106499.99,DELTA,67,1,70,25,925,no,4,8100
2025-05-20T15:03:41.670957,KXBTCD-25MAY2019-T106499.99,DELTA,67,1,70,25,926,no,10,-20000
2025-05-20T15:03:41.685183,KXBTCD-25MAY2019-T106499.99,DELTA,67,1,70,25,927,no,10,-2000
2025-05-20T15:03:41.725611,KXBTCD-25MAY2019-T106499.99,DELTA,67,1,70,25,928,no,5,2000
2025-05-20T15:03:41.726601,KXBTCD-25MAY2019-T106499.99,DELTA,67,1,70,25,929,no,5,20000
2025-05-20T15:03:42.672048,KXBTCD-25MAY2019-T106499.99,DELTA,67,1,70,25,930,no,4,-8100
2025-05-20T15:03:42.672274,KXBTCD-25MAY2019-T106499.99,DELTA,67,1,70,25,931,no,6,5400
2025-05-20T15:03:42.725096,KXBTCD-25MAY2019-T106499.99,DELTA,67,1,70,25,932,no,5,-20000
2025-05-20T15:03:42.746170,KXBTCD-25MAY2019-T106499.99,DELTA,67,1,70,25,933,no,5,-2000
2025-05-20T15:03:42.785164,KXBTCD-25MAY2019-T106499.99,DELTA,67,1,70,25,934,no,7,20000
2025-05-20T15:03:42.785415,KXBTCD-25MAY2019-T106499.99,DELTA,67,1,70,25,935,no,7,2000
2025-05-20T15:03:46.265718,KXBTCD-25MAY2019-T106499.99,DELTA,67,1,70,25,936,no,6,-5400
2025-05-20T15:03:46.266890,KXBTCD-25MAY2019-T106499.99,DELTA,67,1,70,25,937,no,8,4050
2025-05-20T15:03:46.326366,KXBTCD-25MAY2019-T106499.99,DELTA,67,1,70,25,938,no,7,-20000
2025-05-20T15:03:46.327432,KXBTCD-25MAY2019-T106499.99,DELTA,67,1,70,25,939,no,7,-2000
2025-05-20T15:03:46.365194,KXBTCD-25MAY2019-T106499.99,DELTA,67,1,70,25,940,yes,64,-100
2025-05-20T15:03:46.385707,KXBTCD-25MAY2019-T106499.99,DELTA,67,1,70,25,941,no,9,2000
2025-05-20T15:03:46.386335,KXBTCD-25MAY2019-T106499.99,DELTA,67,1,70,25,942,no,9,20000
2025-05-20T15:03:47.691168,KXBTCD-25MAY2019-T106499.99,DELTA,67,1,70,25,943,yes,64,-1000
2025-05-20T15:03:47.691396,KXBTCD-25MAY2019-T106499.99,DELTA,67,1,70,25,944,yes,65,100
2025-05-20T15:03:47.691679,KXBTCD-25MAY2019-T106499.99,DELTA,67,1,70,25,945,yes,65,1000
2025-05-20T15:03:48.506630,KXBTCD-25MAY2019-T106499.99,DELTA,67,1,70,25,946,yes,65,-1000
2025-05-20T15:03:48.545699,KXBTCD-25MAY2019-T106499.99,DELTA,67,1,70,25,947,yes,64,1000
2025-05-20T15:03:48.605485,KXBTCD-25MAY2019-T106499.99,DELTA,67,1,70,25,948,yes,46,9
2025-05-20T15:03:49.019436,KXBTCD-25MAY2019-T106499.99,DELTA,67,1,70,25,949,no,8,-4050
2025-05-20T15:03:49.020199,KXBTCD-25MAY2019-T106499.99,DELTA,67,1,70,25,950,no,10,3240
2025-05-20T15:03:49.025570,KXBTCD-25MAY2019-T106499.99,DELTA,67,1,70,25,951,no,9,-20000
2025-05-20T15:03:49.026465,KXBTCD-25MAY2019-T106499.99,DELTA,67,1,70,25,952,no,9,-2000
2025-05-20T15:03:49.067276,KXBTCD-25MAY2019-T106499.99,DELTA,67,1,70,25,953,no,11,20000
2025-05-20T15:03:49.068042,KXBTCD-25MAY2019-T106499.99,DELTA,67,1,70,25,954,no,11,2000
2025-05-20T15:03:51.281426,KXBTCD-25MAY2019-T106499.99,DELTA,67,1,70,25,955,yes,64,-1000
2025-05-20T15:03:51.307269,KXBTCD-25MAY2019-T106499.99,DELTA,67,1,70,25,956,yes,41,1000
2025-05-20T15:03:51.701449,KXBTCD-25MAY2019-T106499.99,DELTA,67,1,70,25,957,yes,41,-1000
2025-05-20T15:03:51.715763,KXBTCD-25MAY2019-T106499.99,DELTA,67,1,70,25,958,yes,64,1000
2025-05-20T15:03:53.166461,KXBTCD-25MAY2019-T106499.99,DELTA,67,1,70,25,959,yes,64,-1000
2025-05-20T15:03:53.206784,KXBTCD-25MAY2019-T106499.99,DELTA,67,1,70,25,960,yes,41,1000
2025-05-20T15:03:53.886414,KXBTCD-25MAY2019-T106499.99,DELTA,67,1,70,25,961,yes,41,-1000
2025-05-20T15:03:53.945485,KXBTCD-25MAY2019-T106499.99,DELTA,67,1,70,25,962,yes,65,1000
2025-05-20T15:03:57.145532,KXBTCD-25MAY2019-T106499.99,DELTA,67,1,70,25,963,yes,65,-1000
2025-05-20T15:03:57.186106,KXBTCD-25MAY2019-T106499.99,DELTA,67,1,70,25,964,yes,66,1000
2025-05-20T15:03:57.205095,KXBTCD-25MAY2019-T106499.99,DELTA,67,1,70,25,965,no,29,-1000
2025-05-20T15:03:57.246554,KXBTCD-25MAY2019-T106499.99,DELTA,67,1,70,25,966,no,28,1000
2025-05-20T15:03:57.265926,KXBTCD-25MAY2019-T106499.99,DELTA,67,1,72,1100,967,no,30,-25
2025-05-20T15:03:57.266557,KXBTCD-25MAY2019-T106499.99,DELTA,67,1,71,25,968,no,29,25
2025-05-20T15:03:57.406233,KXBTCD-25MAY2019-T106499.99,DELTA,67,1,71,25,969,no,11,1250
2025-05-20T15:03:57.645382,KXBTCD-25MAY2019-T106499.99,DELTA,67,1,71,25,970,yes,10,-8000
2025-05-20T15:03:57.645656,KXBTCD-25MAY2019-T106499.99,DELTA,67,1,71,25,971,yes,62,-25
2025-05-20T15:03:57.645788,KXBTCD-25MAY2019-T106499.99,DELTA,67,1,71,25,972,yes,63,25
2025-05-20T15:03:57.684627,KXBTCD-25MAY2019-T106499.99,DELTA,67,1,71,25,973,no,28,-1000
2025-05-20T15:03:57.725452,KXBTCD-25MAY2019-T106499.99,DELTA,67,1,71,25,974,yes,10,8000
2025-05-20T15:03:57.744690,KXBTCD-25MAY2019-T106499.99,DELTA,67,1,71,25,975,no,26,1000
2025-05-20T15:03:57.925790,KXBTCD-25MAY2019-T106499.99,DELTA,67,1,71,25,976,no,26,-1000
2025-05-20T15:03:57.965519,KXBTCD-25MAY2019-T106499.99,DELTA,67,1,71,25,977,no,28,1000
2025-05-20T15:03:58.126241,KXBTCD-25MAY2019-T106499.99,DELTA,67,1,71,25,978,no,28,-100
2025-05-20T15:03:58.185872,KXBTCD-25MAY2019-T106499.99,DELTA,67,1,71,25,979,no,28,-1000
2025-05-20T15:03:58.226904,KXBTCD-25MAY2019-T106499.99,DELTA,67,1,71,25,980,no,26,1000
2025-05-20T15:03:58.246922,KXBTCD-25MAY2019-T106499.99,DELTA,67,1,73,14,981,no,29,-25
2025-05-20T15:03:58.247924,KXBTCD-25MAY2019-T106499.99,DELTA,67,1,73,14,982,no,26,25
2025-05-20T15:03:58.305774,KXBTCD-25MAY2019-T106499.99,DELTA,67,1,73,14,983,no,26,-25
2025-05-20T15:03:58.306560,KXBTCD-25MAY2019-T106499.99,DELTA,67,1,73,39,984,no,27,25
2025-05-20T15:03:58.366309,KXBTCD-25MAY2019-T106499.99,DELTA,67,1,73,39,985,no,26,-1000
2025-05-20T15:03:58.405232,KXBTCD-25MAY2019-T106499.99,DELTA,67,1,72,1000,986,no,28,1000
2025-05-20T15:03:58.426244,KXBTCD-25MAY2019-T106499.99,DELTA,67,1,72,1000,987,no,27,-25
2025-05-20T15:03:58.427019,KXBTCD-25MAY2019-T106499.99,DELTA,67,1,72,1000,988,no,26,25
2025-05-20T15:03:58.485730,KXBTCD-25MAY2019-T106499.99,DELTA,67,1,73,14,989,no,28,-1000
2025-05-20T15:03:58.486941,KXBTCD-25MAY2019-T106499.99,DELTA,67,1,73,14,990,no,26,-25
2025-05-20T15:03:58.487784,KXBTCD-25MAY2019-T106499.99,DELTA,67,1,71,25,991,no,29,25
2025-05-20T15:03:58.525887,KXBTCD-25MAY2019-T106499.99,DELTA,67,1,71,25,992,no,26,1000
2025-05-20T15:03:58.546655,KXBTCD-25MAY2019-T106499.99,DELTA,67,1,71,25,993,yes,65,-100
2025-05-20T15:03:58.547452,KXBTCD-25MAY2019-T106499.99,DELTA,67,1,73,14,994,no,29,-25
2025-05-20T15:03:58.547957,KXBTCD-25MAY2019-T106499.99,DELTA,67,1,73,14,995,no,26,25
2025-05-20T15:03:58.586790,KXBTCD-25MAY2019-T106499.99,DELTA,67,1,73,14,996,no,11,-1250
2025-05-20T15:03:58.605616,KXBTCD-25MAY2019-T106499.99,DELTA,67,1,73,14,997,yes,66,-1000
2025-05-20T15:03:58.606512,KXBTCD-25MAY2019-T106499.99,DELTA,67,1,73,14,998,no,26,-25
2025-05-20T15:03:58.607172,KXBTCD-25MAY2019-T106499.99,DELTA,67,1,73,39,999,no,27,25
2025-05-20T15:03:58.644354,KXBTCD-25MAY2019-T106499.99,DELTA,67,1,73,39,1000,yes,65,1000
2025-05-20T15:03:58.668456,KXBTCD-25MAY2019-T106499.99,DELTA,67,1,73,39,1001,no,26,-1000
2025-05-20T15:03:58.704888,KXBTCD-25MAY2019-T106499.99,DELTA,67,1,72,1000,1002,no,28,1000
2025-05-20T15:03:58.725650,KXBTCD-25MAY2019-T106499.99,DELTA,67,1,72,1000,1003,no,27,-25
2025-05-20T15:03:58.726581,KXBTCD-25MAY2019-T106499.99,DELTA,67,1,72,1000,1004,no,26,25
2025-05-20T15:03:58.785804,KXBTCD-25MAY2019-T106499.99,DELTA,67,1,72,1000,1005,no,26,-25
2025-05-20T15:03:58.786855,KXBTCD-25MAY2019-T106499.99,DELTA,67,1,71,25,1006,no,29,25
2025-05-20T15:03:58.787640,KXBTCD-25MAY2019-T106499.99,DELTA,67,1,71,25,1007,no,28,-1000
2025-05-20T15:03:58.825658,KXBTCD-25MAY2019-T106499.99,DELTA,67,1,71,25,1008,no,26,1000
2025-05-20T15:03:58.845172,KXBTCD-25MAY2019-T106499.99,DELTA,67,1,73,14,1009,no,29,-25
2025-05-20T15:03:58.845936,KXBTCD-25MAY2019-T106499.99,DELTA,67,1,73,14,1010,no,26,25
2025-05-20T15:03:58.885681,KXBTCD-25MAY2019-T106499.99,DELTA,67,1,73,14,1011,no,26,-25
2025-05-20T15:03:58.886539,KXBTCD-25MAY2019-T106499.99,DELTA,67,1,70,25,1012,no,30,25
2025-05-20T15:03:58.947558,KXBTCD-25MAY2019-T106499.99,DELTA,67,1,73,14,1013,no,30,-25
2025-05-20T15:03:58.948565,KXBTCD-25MAY2019-T106499.99,DELTA,67,1,73,39,1014,no,27,25
2025-05-20T15:03:59.006127,KXBTCD-25MAY2019-T106499.99,DELTA,67,1,73,39,1015,no,26,-1000
2025-05-20T15:03:59.025713,KXBTCD-25MAY2019-T106499.99,DELTA,67,1,72,1000,1016,no,28,1000
2025-05-20T15:03:59.067156,KXBTCD-25MAY2019-T106499.99,DELTA,67,1,72,1000,1017,no,27,-25
2025-05-20T15:03:59.068229,KXBTCD-25MAY2019-T106499.99,DELTA,67,1,72,1000,1018,no,26,25
2025-05-20T15:03:59.126569,KXBTCD-25MAY2019-T106499.99,DELTA,67,1,73,14,1019,no,28,-1000
2025-05-20T15:03:59.127576,KXBTCD-25MAY2019-T106499.99,DELTA,67,1,73,14,1020,no,26,-25
2025-05-20T15:03:59.128478,KXBTCD-25MAY2019-T106499.99,DELTA,67,1,71,25,1021,no,29,25
2025-05-20T15:03:59.144867,KXBTCD-25MAY2019-T106499.99,DELTA,67,1,71,25,1022,no,27,100
2025-05-20T15:03:59.164868,KXBTCD-25MAY2019-T106499.99,DELTA,67,1,71,25,1023,no,26,1000
2025-05-20T15:03:59.186639,KXBTCD-25MAY2019-T106499.99,DELTA,67,1,73,114,1024,no,29,-25
2025-05-20T15:03:59.187325,KXBTCD-25MAY2019-T106499.99,DELTA,67,1,73,114,1025,no,26,25
2025-05-20T15:03:59.206832,KXBTCD-25MAY2019-T106499.99,DELTA,67,1,73,114,1026,no,26,-1000
2025-05-20T15:03:59.245775,KXBTCD-25MAY2019-T106499.99,DELTA,67,1,72,1000,1027,no,28,1000
2025-05-20T15:03:59.246627,KXBTCD-25MAY2019-T106499.99,DELTA,67,1,72,1000,1028,no,26,-25
2025-05-20T15:03:59.247180,KXBTCD-25MAY2019-T106499.99,DELTA,67,1,72,1025,1029,no,28,25
2025-05-20T15:03:59.266003,KXBTCD-25MAY2019-T106499.99,DELTA,67,1,72,1025,1030,yes,46,-9
2025-05-20T15:03:59.346293,KXBTCD-25MAY2019-T106499.99,DELTA,67,1,72,1025,1031,no,11,1250
2025-05-20T15:03:59.487198,KXBTCD-25MAY2019-T106499.99,DELTA,67,1,72,1025,1032,yes,10,-8000
2025-05-20T15:03:59.487894,KXBTCD-25MAY2019-T106499.99,DELTA,67,1,72,1025,1033,yes,64,-14
2025-05-20T15:03:59.488424,KXBTCD-25MAY2019-T106499.99,DELTA,67,1,72,25,1034,no,28,-1000
2025-05-20T15:03:59.488698,KXBTCD-25MAY2019-T106499.99,DELTA,67,1,72,25,1035,yes,66,14
2025-05-20T15:03:59.505746,KXBTCD-25MAY2019-T106499.99,DELTA,67,1,72,25,1036,no,25,14
2025-05-20T15:03:59.506395,KXBTCD-25MAY2019-T106499.99,DELTA,67,1,72,25,1037,no,27,-14
2025-05-20T15:03:59.545605,KXBTCD-25MAY2019-T106499.99,DELTA,67,1,72,25,1038,no,26,1000
2025-05-20T15:03:59.546227,KXBTCD-25MAY2019-T106499.99,DELTA,67,1,72,25,1039,yes,12,8000
2025-05-20T15:03:59.727223,KXBTCD-25MAY2019-T106499.99,DELTA,67,1,72,25,1040,yes,66,100
2025-05-20T15:03:59.785982,KXBTCD-25MAY2019-T106499.99,DELTA,67,1,72,25,1041,yes,65,-1000
2025-05-20T15:03:59.866490,KXBTCD-25MAY2019-T106499.99,DELTA,67,1001,72,25,1042,yes,67,1000
2025-05-20T15:03:59.886585,KXBTCD-25MAY2019-T106499.99,DELTA,67,1001,72,25,1043,no,27,-100
2025-05-20T15:03:59.945907,KXBTCD-25MAY2019-T106499.99,DELTA,67,1001,74,1000,1044,no,28,-25
2025-05-20T15:03:59.946101,KXBTCD-25MAY2019-T106499.99,DELTA,67,1001,73,25,1045,no,27,25
2025-05-20T15:04:00.407286,KXBTCD-25MAY2019-T106499.99,DELTA,67,1001,73,25,1046,yes,11,-2945
2025-05-20T15:04:00.408557,KXBTCD-25MAY2019-T106499.99,DELTA,67,1001,73,25,1047,yes,13,2492
2025-05-20T15:04:00.645558,KXBTCD-25MAY2019-T106499.99,DELTA,67,1001,73,25,1048,yes,66,-100
2025-05-20T15:04:00.708201,KXBTCD-25MAY2019-T106499.99,DELTA,67,1,73,25,1049,yes,67,-1000
2025-05-20T15:04:00.747875,KXBTCD-25MAY2019-T106499.99,DELTA,67,1,73,25,1050,yes,65,1000
2025-05-20T15:04:01.346816,KXBTCD-25MAY2019-T106499.99,DELTA,67,1,73,25,1051,no,26,100
2025-05-20T15:04:01.885904,KXBTCD-25MAY2019-T106499.99,DELTA,67,101,73,25,1052,yes,67,100
2025-05-20T15:04:01.989733,KXBTCD-25MAY2019-T106499.99,DELTA,67,101,73,25,1053,yes,65,-1000
2025-05-20T15:04:01.991332,KXBTCD-25MAY2019-T106499.99,DELTA,68,1000,73,25,1054,yes,68,1000
2025-05-20T15:04:02.686517,KXBTCD-25MAY2019-T106499.99,DELTA,68,1000,73,25,1055,no,26,-1000
2025-05-20T15:04:02.724817,KXBTCD-25MAY2019-T106499.99,DELTA,68,1000,73,25,1056,no,25,1000
2025-05-20T15:04:02.744758,KXBTCD-25MAY2019-T106499.99,DELTA,68,1000,73,25,1057,yes,63,-25
2025-05-20T15:04:02.744950,KXBTCD-25MAY2019-T106499.99,DELTA,68,1000,73,25,1058,yes,64,25
2025-05-20T15:04:06.988488,KXBTCD-25MAY2019-T106499.99,DELTA,68,1000,73,25,1059,no,25,-1000
2025-05-20T15:04:07.046141,KXBTCD-25MAY2019-T106499.99,DELTA,68,1000,73,25,1060,no,26,1000
2025-05-20T15:04:07.086181,KXBTCD-25MAY2019-T106499.99,DELTA,68,1000,73,25,1061,no,12,9
2025-05-20T15:04:11.487887,KXBTCD-25MAY2019-T106499.99,DELTA,68,1000,73,25,1062,no,26,-1000
2025-05-20T15:04:11.489074,KXBTCD-25MAY2019-T106499.99,DELTA,68,1000,73,1025,1063,no,27,1000
2025-05-20T15:04:11.489965,KXBTCD-25MAY2019-T106499.99,DELTA,68,1000,73,1025,1064,yes,64,-25
2025-05-20T15:04:11.490564,KXBTCD-25MAY2019-T106499.99,DELTA,68,1000,73,1025,1065,yes,63,25
2025-05-20T15:04:11.504703,KXBTCD-25MAY2019-T106499.99,DELTA,68,1000,73,1000,1066,no,27,-25
2025-05-20T15:04:11.505410,KXBTCD-25MAY2019-T106499.99,DELTA,68,1000,72,25,1067,no,28,25
2025-05-20T15:04:12.063585,KXBTCD-25MAY2019-T106499.99,DELTA,68,1000,72,25,1068,no,27,-1000
2025-05-20T15:04:12.064610,KXBTCD-25MAY2019-T106499.99,DELTA,68,1000,72,25,1069,no,26,1000
2025-05-20T15:04:12.065469,KXBTCD-25MAY2019-T106499.99,DELTA,68,1000,74,1100,1070,no,28,-25
2025-05-20T15:04:12.066158,KXBTCD-25MAY2019-T106499.99,DELTA,68,1000,73,25,1071,no,27,25
2025-05-20T15:04:12.086150,KXBTCD-25MAY2019-T106499.99,DELTA,68,1000,74,1100,1072,no,27,-25
2025-05-20T15:04:12.086859,KXBTCD-25MAY2019-T106499.99,DELTA,68,1000,71,25,1073,no,29,25
2025-05-20T15:04:12.147734,KXBTCD-25MAY2019-T106499.99,DELTA,68,1000,74,1100,1074,no,29,-25
2025-05-20T15:04:12.148886,KXBTCD-25MAY2019-T106499.99,DELTA,68,1000,73,25,1075,no,27,25
2025-05-20T15:04:12.889782,KXBTCD-25MAY2019-T106499.99,DELTA,67,101,73,25,1076,yes,68,-1000
2025-05-20T15:04:12.890736,KXBTCD-25MAY2019-T106499.99,DELTA,67,101,73,25,1077,no,26,-1000
2025-05-20T15:04:12.891412,KXBTCD-25MAY2019-T106499.99,DELTA,67,1101,73,25,1078,yes,67,1000
2025-05-20T15:04:12.891971,KXBTCD-25MAY2019-T106499.99,DELTA,67,1101,73,1025,1079,no,27,1000
2025-05-20T15:04:12.955762,KXBTCD-25MAY2019-T106499.99,DELTA,67,101,73,1025,1080,yes,67,-1000
2025-05-20T15:04:12.956672,KXBTCD-25MAY2019-T106499.99,DELTA,67,101,73,1025,1081,no,11,-1250
2025-05-20T15:04:12.957520,KXBTCD-25MAY2019-T106499.99,DELTA,67,101,73,1000,1082,no,27,-25
2025-05-20T15:04:12.958169,KXBTCD-25MAY2019-T106499.99,DELTA,67,101,72,25,1083,no,28,25
2025-05-20T15:04:12.968556,KXBTCD-25MAY2019-T106499.99,DELTA,67,101,72,25,1084,yes,63,-25
2025-05-20T15:04:12.969403,KXBTCD-25MAY2019-T106499.99,DELTA,67,101,72,25,1085,yes,62,25
2025-05-20T15:04:13.060313,KXBTCD-25MAY2019-T106499.99,DELTA,67,101,72,25,1086,yes,65,1000
2025-05-20T15:04:18.007605,KXBTCD-25MAY2019-T106499.99,DELTA,67,101,72,25,1087,yes,65,-1000
2025-05-20T15:04:18.008662,KXBTCD-25MAY2019-T106499.99,DELTA,67,101,72,25,1088,no,11,1250
2025-05-20T15:04:18.109085,KXBTCD-25MAY2019-T106499.99,DELTA,67,1101,72,25,1089,yes,67,1000
2025-05-20T15:04:18.186864,KXBTCD-25MAY2019-T106499.99,DELTA,67,1101,72,25,1090,yes,63,9
2025-05-20T15:04:18.188008,KXBTCD-25MAY2019-T106499.99,DELTA,67,1101,72,25,1091,no,12,-9
2025-05-20T15:04:18.188811,KXBTCD-25MAY2019-T106499.99,DELTA,67,101,72,25,1092,yes,67,-1000
2025-05-20T15:04:18.306612,KXBTCD-25MAY2019-T106499.99,DELTA,67,101,72,25,1093,yes,65,1000
2025-05-20T15:04:19.435680,KXBTCD-25MAY2019-T106499.99,DELTA,67,1,72,25,1094,yes,67,-100
2025-05-20T15:04:19.486391,KXBTCD-25MAY2019-T106499.99,DELTA,67,1,72,25,1095,no,26,-100
2025-05-20T15:04:19.589653,KXBTCD-25MAY2019-T106499.99,DELTA,67,1,72,25,1096,no,27,-1000
2025-05-20T15:04:19.707079,KXBTCD-25MAY2019-T106499.99,DELTA,67,1,75,44,1097,no,28,-25
2025-05-20T15:04:19.708197,KXBTCD-25MAY2019-T106499.99,DELTA,67,1,74,25,1098,no,26,25
2025-05-20T15:04:19.708878,KXBTCD-25MAY2019-T106499.99,DELTA,67,1,74,1025,1099,no,26,1000
2025-05-20T15:04:20.256282,KXBTCD-25MAY2019-T106499.99,DELTA,67,1,74,1025,1100,no,11,-1250
2025-05-20T15:04:20.307062,KXBTCD-25MAY2019-T106499.99,DELTA,67,1,74,1000,1101,no,26,-25
2025-05-20T15:04:20.308125,KXBTCD-25MAY2019-T106499.99,DELTA,67,1,73,25,1102,no,27,25
2025-05-20T15:04:20.327147,KXBTCD-25MAY2019-T106499.99,DELTA,67,1,73,25,1103,yes,63,-9
2025-05-20T15:04:20.972981,KXBTCD-25MAY2019-T106499.99,DELTA,67,1,73,25,1104,yes,66,100
2025-05-20T15:04:20.974176,KXBTCD-25MAY2019-T106499.99,DELTA,67,1,73,25,1105,no,26,100
2025-05-20T15:04:20.974967,KXBTCD-25MAY2019-T106499.99,DELTA,67,1,73,25,1106,yes,65,-1000
2025-05-20T15:04:20.975662,KXBTCD-25MAY2019-T106499.99,DELTA,67,1,73,25,1107,no,26,-1000
2025-05-20T15:04:20.986078,KXBTCD-25MAY2019-T106499.99,DELTA,67,1,73,25,1108,yes,66,1000
2025-05-20T15:04:20.986834,KXBTCD-25MAY2019-T106499.99,DELTA,67,1,73,1025,1109,no,27,1000
2025-05-20T15:04:21.046342,KXBTCD-25MAY2019-T106499.99,DELTA,67,1,73,1000,1110,no,27,-25
2025-05-20T15:04:21.047252,KXBTCD-25MAY2019-T106499.99,DELTA,67,1,72,25,1111,no,28,25
