timestamp,market_ticker,type,yes_bid_price_cents,yes_bid_qty,yes_ask_price_cents,yes_ask_qty_on_no_side,sequence_num,delta_side,delta_price_cents,delta_quantity
2025-05-21T18:01:50.407036,KXBTCD-25MAY2122-T110499.99,SNAPSHOT,13,5,29,4,1,,,
2025-05-21T18:01:50.517651,KXBTCD-25MAY2122-T110499.99,DELTA,13,5,29,4,2,yes,11,24
2025-05-21T18:01:50.518694,KXBTCD-25MAY2122-T110499.99,DELTA,13,5,28,24,3,no,72,24
2025-05-21T18:01:50.538090,KXBTCD-25MAY2122-T110499.99,DELTA,13,5,28,24,4,yes,12,-24
2025-05-21T18:01:50.557558,KXBTCD-25MAY2122-T110499.99,DELTA,13,5,28,24,5,no,70,-24
2025-05-21T18:01:50.696608,KXBTCD-25MAY2122-T110499.99,DELTA,13,5,28,24,6,yes,12,9
2025-05-21T18:01:50.697609,KXBTCD-25MAY2122-T110499.99,DELTA,13,5,28,24,7,no,52,9
2025-05-21T18:01:51.016115,KXBTCD-25MAY2122-T110499.99,DELTA,13,5,28,24,8,no,18,-8000
2025-05-21T18:01:51.057100,KXBTCD-25MAY2122-T110499.99,DELTA,13,5,28,24,9,no,23,8000
2025-05-21T18:01:51.176338,KXBTCD-25MAY2122-T110499.99,DELTA,13,5,28,24,10,no,71,-4
2025-05-21T18:01:51.176760,KXBTCD-25MAY2122-T110499.99,DELTA,13,5,28,24,11,no,52,4
2025-05-21T18:01:51.177001,KXBTCD-25MAY2122-T110499.99,DELTA,12,9,28,24,12,yes,13,-5
2025-05-21T18:01:51.177177,KXBTCD-25MAY2122-T110499.99,DELTA,12,9,28,24,13,yes,5,5
2025-05-21T18:01:51.177346,KXBTCD-25MAY2122-T110499.99,DELTA,11,24,28,24,14,yes,12,-9
2025-05-21T18:01:51.177500,KXBTCD-25MAY2122-T110499.99,DELTA,11,24,28,24,15,no,52,-9
2025-05-21T18:01:51.237808,KXBTCD-25MAY2122-T110499.99,DELTA,11,24,28,24,16,no,71,100
2025-05-21T18:01:51.238386,KXBTCD-25MAY2122-T110499.99,DELTA,21,100,28,24,17,yes,21,100
2025-05-21T18:01:51.318763,KXBTCD-25MAY2122-T110499.99,DELTA,21,100,28,24,18,no,51,-1000
2025-05-21T18:01:51.376033,KXBTCD-25MAY2122-T110499.99,DELTA,21,100,28,1024,19,no,72,1000
2025-05-21T18:01:51.396665,KXBTCD-25MAY2122-T110499.99,DELTA,21,100,28,1024,20,no,52,9
2025-05-21T18:01:51.757954,KXBTCD-25MAY2122-T110499.99,DELTA,21,100,28,1024,21,no,71,-100
2025-05-21T18:01:51.816421,KXBTCD-25MAY2122-T110499.99,DELTA,21,100,28,24,22,no,72,-1000
2025-05-21T18:01:51.876211,KXBTCD-25MAY2122-T110499.99,DELTA,21,100,28,24,23,no,51,1000
2025-05-21T18:01:51.977729,KXBTCD-25MAY2122-T110499.99,DELTA,21,100,28,24,24,yes,5,-5
2025-05-21T18:01:51.978689,KXBTCD-25MAY2122-T110499.99,DELTA,21,100,28,24,25,yes,12,5
2025-05-21T18:01:52.616835,KXBTCD-25MAY2122-T110499.99,DELTA,21,100,28,24,26,no,71,100
2025-05-21T18:01:52.676453,KXBTCD-25MAY2122-T110499.99,DELTA,21,100,28,24,27,no,51,-1000
2025-05-21T18:01:52.716112,KXBTCD-25MAY2122-T110499.99,DELTA,21,100,28,1024,28,no,72,1000
2025-05-21T18:01:52.736359,KXBTCD-25MAY2122-T110499.99,DELTA,21,100,28,1024,29,no,52,-4
2025-05-21T18:01:52.736635,KXBTCD-25MAY2122-T110499.99,DELTA,21,100,28,1028,30,no,72,4
2025-05-21T18:01:52.796094,KXBTCD-25MAY2122-T110499.99,DELTA,21,100,28,28,31,no,72,-1000
2025-05-21T18:01:52.816135,KXBTCD-25MAY2122-T110499.99,DELTA,21,100,27,1000,32,no,73,1000
2025-05-21T18:01:53.669157,KXBTCD-25MAY2122-T110499.99,DELTA,21,100,27,1000,33,no,19,-1705
2025-05-21T18:01:53.669982,KXBTCD-25MAY2122-T110499.99,DELTA,21,100,27,1000,34,no,24,1350
2025-05-21T18:01:53.717575,KXBTCD-25MAY2122-T110499.99,DELTA,21,100,27,1000,35,no,72,-4
2025-05-21T18:01:53.718649,KXBTCD-25MAY2122-T110499.99,DELTA,21,100,26,4,36,no,74,4
2025-05-21T18:01:53.719451,KXBTCD-25MAY2122-T110499.99,DELTA,21,100,26,4,37,no,52,-9
2025-05-21T18:01:53.838592,KXBTCD-25MAY2122-T110499.99,DELTA,21,100,26,4,38,no,73,-1000
2025-05-21T18:01:53.877030,KXBTCD-25MAY2122-T110499.99,DELTA,21,100,26,4,39,no,72,1000
2025-05-21T18:01:53.977399,KXBTCD-25MAY2122-T110499.99,DELTA,21,100,26,4,40,no,71,-100
2025-05-21T18:01:54.056716,KXBTCD-25MAY2122-T110499.99,DELTA,21,100,26,4,41,no,72,-1000
2025-05-21T18:01:54.096346,KXBTCD-25MAY2122-T110499.99,DELTA,21,100,26,4,42,no,51,1000
2025-05-21T18:01:54.998062,KXBTCD-25MAY2122-T110499.99,DELTA,21,100,26,4,43,no,72,100
2025-05-21T18:01:55.079368,KXBTCD-25MAY2122-T110499.99,DELTA,21,100,26,4,44,no,51,-1000
2025-05-21T18:01:55.116145,KXBTCD-25MAY2122-T110499.99,DELTA,21,100,28,124,45,no,74,-4
2025-05-21T18:01:55.116691,KXBTCD-25MAY2122-T110499.99,DELTA,21,100,27,4,46,no,73,4
2025-05-21T18:01:55.136376,KXBTCD-25MAY2122-T110499.99,DELTA,21,100,27,1004,47,no,73,1000
2025-05-21T18:01:55.219389,KXBTCD-25MAY2122-T110499.99,DELTA,21,100,27,1004,48,no,52,9
2025-05-21T18:02:02.219137,KXBTCD-25MAY2122-T110499.99,DELTA,21,100,27,1004,49,yes,11,-24
2025-05-21T18:02:02.220440,KXBTCD-25MAY2122-T110499.99,DELTA,21,100,27,1004,50,no,72,-24
2025-05-21T18:02:02.239744,KXBTCD-25MAY2122-T110499.99,DELTA,21,100,27,1004,51,yes,9,24
2025-05-21T18:02:02.257467,KXBTCD-25MAY2122-T110499.99,DELTA,21,100,26,24,52,no,74,24
2025-05-21T18:02:02.397027,KXBTCD-25MAY2122-T110499.99,DELTA,21,100,26,24,53,yes,12,-5
2025-05-21T18:02:02.397308,KXBTCD-25MAY2122-T110499.99,DELTA,21,100,26,24,54,no,52,-9
2025-05-21T18:02:02.397429,KXBTCD-25MAY2122-T110499.99,DELTA,21,100,26,24,55,yes,5,5
2025-05-21T18:02:02.419101,KXBTCD-25MAY2122-T110499.99,DELTA,21,100,26,24,56,no,73,-4
2025-05-21T18:02:02.419511,KXBTCD-25MAY2122-T110499.99,DELTA,21,100,26,28,57,no,74,4
2025-05-21T18:02:02.508855,KXBTCD-25MAY2122-T110499.99,DELTA,21,100,26,28,58,no,73,-1000
2025-05-21T18:02:02.537036,KXBTCD-25MAY2122-T110499.99,DELTA,21,100,25,1000,59,no,75,1000
2025-05-21T18:02:03.676877,KXBTCD-25MAY2122-T110499.99,DELTA,9,24,25,1000,60,yes,21,-100
2025-05-21T18:02:03.997804,KXBTCD-25MAY2122-T110499.99,DELTA,9,24,25,1000,61,no,74,-4
2025-05-21T18:02:03.998787,KXBTCD-25MAY2122-T110499.99,DELTA,9,24,24,4,62,no,76,4
2025-05-21T18:02:04.117483,KXBTCD-25MAY2122-T110499.99,DELTA,9,24,24,4,63,no,75,-1000
2025-05-21T18:02:04.156044,KXBTCD-25MAY2122-T110499.99,DELTA,9,24,24,4,64,no,73,1000
2025-05-21T18:02:04.236689,KXBTCD-25MAY2122-T110499.99,DELTA,9,24,24,4,65,no,72,-100
2025-05-21T18:02:04.296992,KXBTCD-25MAY2122-T110499.99,DELTA,9,24,24,4,66,no,73,-1000
2025-05-21T18:02:04.337086,KXBTCD-25MAY2122-T110499.99,DELTA,9,24,24,4,67,no,51,1000
2025-05-21T18:02:05.136808,KXBTCD-25MAY2122-T110499.99,DELTA,19,100,24,4,68,yes,19,100
2025-05-21T18:02:05.156211,KXBTCD-25MAY2122-T110499.99,DELTA,19,100,24,4,69,no,73,100
2025-05-21T18:02:05.217561,KXBTCD-25MAY2122-T110499.99,DELTA,19,100,24,4,70,no,51,-1000
2025-05-21T18:02:05.258211,KXBTCD-25MAY2122-T110499.99,DELTA,19,100,24,4,71,no,74,1000
2025-05-21T18:02:05.259161,KXBTCD-25MAY2122-T110499.99,DELTA,19,100,24,4,72,yes,5,-5
2025-05-21T18:02:05.259825,KXBTCD-25MAY2122-T110499.99,DELTA,19,100,24,4,73,yes,10,5
2025-05-21T18:02:05.277505,KXBTCD-25MAY2122-T110499.99,DELTA,19,100,24,4,74,no,52,9
2025-05-21T18:02:05.298155,KXBTCD-25MAY2122-T110499.99,DELTA,19,100,26,1024,75,no,76,-4
2025-05-21T18:02:05.298676,KXBTCD-25MAY2122-T110499.99,DELTA,19,100,26,1024,76,no,52,4
2025-05-21T18:02:06.416787,KXBTCD-25MAY2122-T110499.99,DELTA,10,5,26,1024,77,yes,19,-100
2025-05-21T18:02:06.536782,KXBTCD-25MAY2122-T110499.99,DELTA,9,24,26,1024,78,yes,10,-5
2025-05-21T18:02:06.557085,KXBTCD-25MAY2122-T110499.99,DELTA,9,24,26,1024,79,yes,5,5
2025-05-21T18:02:06.578369,KXBTCD-25MAY2122-T110499.99,DELTA,9,24,26,1024,80,no,52,-4
2025-05-21T18:02:06.579352,KXBTCD-25MAY2122-T110499.99,DELTA,9,24,25,4,81,no,75,4
2025-05-21T18:02:06.579886,KXBTCD-25MAY2122-T110499.99,DELTA,9,24,25,4,82,no,52,-9
2025-05-21T18:02:07.516309,KXBTCD-25MAY2122-T110499.99,DELTA,9,24,25,4,83,no,73,-100
2025-05-21T18:02:07.536193,KXBTCD-25MAY2122-T110499.99,DELTA,21,100,25,4,84,yes,21,100
2025-05-21T18:02:07.597024,KXBTCD-25MAY2122-T110499.99,DELTA,21,100,25,4,85,no,74,-1000
2025-05-21T18:02:07.636722,KXBTCD-25MAY2122-T110499.99,DELTA,21,100,25,4,86,no,51,1000
2025-05-21T18:02:08.976593,KXBTCD-25MAY2122-T110499.99,DELTA,21,100,25,4,87,no,72,100
2025-05-21T18:02:09.035819,KXBTCD-25MAY2122-T110499.99,DELTA,21,100,25,4,88,no,51,-1000
2025-05-21T18:02:09.096521,KXBTCD-25MAY2122-T110499.99,DELTA,21,100,25,4,89,no,73,1000
2025-05-21T18:02:09.096752,KXBTCD-25MAY2122-T110499.99,DELTA,21,100,25,4,90,yes,5,-5
2025-05-21T18:02:09.097026,KXBTCD-25MAY2122-T110499.99,DELTA,21,100,26,24,91,no,75,-4
2025-05-21T18:02:09.097129,KXBTCD-25MAY2122-T110499.99,DELTA,21,100,26,24,92,no,73,4
2025-05-21T18:02:09.136098,KXBTCD-25MAY2122-T110499.99,DELTA,21,100,26,24,93,no,52,9
2025-05-21T18:02:09.136274,KXBTCD-25MAY2122-T110499.99,DELTA,21,100,26,24,94,yes,10,5
2025-05-21T18:02:09.416930,KXBTCD-25MAY2122-T110499.99,DELTA,21,100,26,24,95,yes,10,4
2025-05-21T18:02:10.580296,KXBTCD-25MAY2122-T110499.99,DELTA,21,100,26,24,96,no,72,-100
2025-05-21T18:02:10.580717,KXBTCD-25MAY2122-T110499.99,DELTA,10,9,26,24,97,yes,21,-100
2025-05-21T18:02:10.637091,KXBTCD-25MAY2122-T110499.99,DELTA,10,9,26,24,98,no,73,-1000
2025-05-21T18:02:10.679508,KXBTCD-25MAY2122-T110499.99,DELTA,10,9,26,24,99,no,51,1000
2025-05-21T18:02:10.695916,KXBTCD-25MAY2122-T110499.99,DELTA,10,4,26,24,100,yes,10,-5
2025-05-21T18:02:10.696251,KXBTCD-25MAY2122-T110499.99,DELTA,10,4,26,24,101,yes,5,5
2025-05-21T18:02:10.716427,KXBTCD-25MAY2122-T110499.99,DELTA,10,4,26,24,102,no,73,-4
2025-05-21T18:02:10.716752,KXBTCD-25MAY2122-T110499.99,DELTA,10,4,26,28,103,no,74,4
2025-05-21T18:02:10.784071,KXBTCD-25MAY2122-T110499.99,DELTA,10,4,26,28,104,no,51,-1000
2025-05-21T18:02:10.837614,KXBTCD-25MAY2122-T110499.99,DELTA,10,4,25,1000,105,no,75,1000
2025-05-21T18:02:10.956644,KXBTCD-25MAY2122-T110499.99,DELTA,10,4,25,1000,106,no,52,-9
2025-05-21T18:02:12.137585,KXBTCD-25MAY2122-T110499.99,DELTA,20,100,25,1000,107,yes,20,100
2025-05-21T18:02:12.157003,KXBTCD-25MAY2122-T110499.99,DELTA,20,100,25,1000,108,no,72,100
2025-05-21T18:02:12.278106,KXBTCD-25MAY2122-T110499.99,DELTA,20,100,25,1000,109,yes,10,5
2025-05-21T18:02:12.279150,KXBTCD-25MAY2122-T110499.99,DELTA,20,100,25,1000,110,no,74,-4
2025-05-21T18:02:12.279911,KXBTCD-25MAY2122-T110499.99,DELTA,20,100,24,4,111,no,76,4
2025-05-21T18:02:12.280425,KXBTCD-25MAY2122-T110499.99,DELTA,20,100,24,4,112,yes,5,-5
2025-05-21T18:02:12.337507,KXBTCD-25MAY2122-T110499.99,DELTA,20,100,24,4,113,yes,11,24
2025-05-21T18:02:12.338456,KXBTCD-25MAY2122-T110499.99,DELTA,20,100,24,4,114,no,75,-1000
2025-05-21T18:02:12.339165,KXBTCD-25MAY2122-T110499.99,DELTA,20,100,24,4,115,yes,9,-24
2025-05-21T18:02:12.357453,KXBTCD-25MAY2122-T110499.99,DELTA,20,100,24,4,116,no,72,24
2025-05-21T18:02:12.358257,KXBTCD-25MAY2122-T110499.99,DELTA,20,100,24,4,117,no,74,-24
2025-05-21T18:02:12.396818,KXBTCD-25MAY2122-T110499.99,DELTA,20,100,24,4,118,no,73,1000
2025-05-21T18:02:13.118122,KXBTCD-25MAY2122-T110499.99,DELTA,11,24,24,4,119,yes,20,-100
2025-05-21T18:02:13.237133,KXBTCD-25MAY2122-T110499.99,DELTA,11,24,27,1000,120,no,76,-4
2025-05-21T18:02:13.238071,KXBTCD-25MAY2122-T110499.99,DELTA,11,24,26,4,121,no,74,4
2025-05-21T18:02:13.238717,KXBTCD-25MAY2122-T110499.99,DELTA,11,24,26,4,122,yes,5,5
2025-05-21T18:02:13.276711,KXBTCD-25MAY2122-T110499.99,DELTA,11,24,26,4,123,yes,10,-5
2025-05-21T18:02:14.435640,KXBTCD-25MAY2122-T110499.99,DELTA,11,24,26,4,124,no,72,-100
2025-05-21T18:02:14.456942,KXBTCD-25MAY2122-T110499.99,DELTA,22,100,26,4,125,yes,22,100
2025-05-21T18:02:14.496943,KXBTCD-25MAY2122-T110499.99,DELTA,22,100,26,4,126,no,73,-1000
2025-05-21T18:02:14.559212,KXBTCD-25MAY2122-T110499.99,DELTA,22,100,26,4,127,no,51,1000
2025-05-21T18:02:15.360886,KXBTCD-25MAY2122-T110499.99,DELTA,22,100,26,4,128,yes,13,24
2025-05-21T18:02:15.361241,KXBTCD-25MAY2122-T110499.99,DELTA,22,100,26,4,129,yes,11,-24
2025-05-21T18:02:15.361579,KXBTCD-25MAY2122-T110499.99,DELTA,22,100,26,4,130,no,70,24
2025-05-21T18:02:15.361698,KXBTCD-25MAY2122-T110499.99,DELTA,22,100,26,4,131,no,72,-24
2025-05-21T18:02:15.436967,KXBTCD-25MAY2122-T110499.99,DELTA,22,100,26,4,132,yes,5,-5
2025-05-21T18:02:15.437212,KXBTCD-25MAY2122-T110499.99,DELTA,22,100,26,4,133,no,52,9
2025-05-21T18:02:15.437538,KXBTCD-25MAY2122-T110499.99,DELTA,22,100,26,4,134,yes,14,5
2025-05-21T18:02:16.118934,KXBTCD-25MAY2122-T110499.99,DELTA,22,100,30,24,135,no,74,-4
2025-05-21T18:02:16.119850,KXBTCD-25MAY2122-T110499.99,DELTA,22,100,30,24,136,no,52,4
2025-05-21T18:02:16.178177,KXBTCD-25MAY2122-T110499.99,DELTA,22,100,30,124,137,no,70,100
2025-05-21T18:02:16.237032,KXBTCD-25MAY2122-T110499.99,DELTA,22,100,30,124,138,no,51,-1000
2025-05-21T18:02:16.296709,KXBTCD-25MAY2122-T110499.99,DELTA,22,100,29,1000,139,no,71,1000
2025-05-21T18:02:17.156985,KXBTCD-25MAY2122-T110499.99,DELTA,14,5,29,1000,140,yes,22,-100
2025-05-21T18:02:17.296631,KXBTCD-25MAY2122-T110499.99,DELTA,14,5,29,1000,141,yes,5,5
2025-05-21T18:02:17.297065,KXBTCD-25MAY2122-T110499.99,DELTA,14,5,29,1000,142,no,52,-9
2025-05-21T18:02:17.317594,KXBTCD-25MAY2122-T110499.99,DELTA,14,5,29,1000,143,no,52,-4
2025-05-21T18:02:17.317807,KXBTCD-25MAY2122-T110499.99,DELTA,14,5,28,4,144,no,72,4
2025-05-21T18:02:17.317942,KXBTCD-25MAY2122-T110499.99,DELTA,13,24,28,4,145,yes,14,-5
2025-05-21T18:02:17.936511,KXBTCD-25MAY2122-T110499.99,DELTA,22,100,28,4,146,yes,22,100
2025-05-21T18:02:18.097406,KXBTCD-25MAY2122-T110499.99,DELTA,22,100,28,4,147,yes,5,-5
2025-05-21T18:02:18.097692,KXBTCD-25MAY2122-T110499.99,DELTA,22,100,28,4,148,yes,14,5
2025-05-21T18:02:20.697879,KXBTCD-25MAY2122-T110499.99,DELTA,22,100,28,4,149,yes,13,-24
2025-05-21T18:02:20.698658,KXBTCD-25MAY2122-T110499.99,DELTA,22,100,28,4,150,yes,11,24
2025-05-21T18:02:20.798976,KXBTCD-25MAY2122-T110499.99,DELTA,22,100,28,28,151,no,72,24
2025-05-21T18:02:20.815560,KXBTCD-25MAY2122-T110499.99,DELTA,22,100,28,28,152,no,70,-24
2025-05-21T18:02:20.916264,KXBTCD-25MAY2122-T110499.99,DELTA,22,100,28,28,153,yes,14,-5
2025-05-21T18:02:20.996919,KXBTCD-25MAY2122-T110499.99,DELTA,22,100,28,28,154,yes,12,5
2025-05-21T18:02:20.997693,KXBTCD-25MAY2122-T110499.99,DELTA,22,100,28,28,155,no,71,-1000
2025-05-21T18:02:21.099586,KXBTCD-25MAY2122-T110499.99,DELTA,22,100,27,1000,156,no,73,1000
2025-05-21T18:02:21.297693,KXBTCD-25MAY2122-T110499.99,DELTA,22,100,27,1000,157,no,70,-100
2025-05-21T18:02:22.496661,KXBTCD-25MAY2122-T110499.99,DELTA,12,5,27,1000,158,yes,22,-100
2025-05-21T18:02:22.635914,KXBTCD-25MAY2122-T110499.99,DELTA,11,24,27,1000,159,yes,12,-5
2025-05-21T18:02:22.636092,KXBTCD-25MAY2122-T110499.99,DELTA,11,24,27,1000,160,no,72,-4
2025-05-21T18:02:22.636177,KXBTCD-25MAY2122-T110499.99,DELTA,11,24,26,4,161,no,74,4
2025-05-21T18:02:22.656137,KXBTCD-25MAY2122-T110499.99,DELTA,11,24,26,4,162,yes,5,5
2025-05-21T18:02:22.697077,KXBTCD-25MAY2122-T110499.99,DELTA,11,24,26,4,163,no,73,-1000
2025-05-21T18:02:22.736588,KXBTCD-25MAY2122-T110499.99,DELTA,11,24,26,4,164,no,51,1000
2025-05-21T18:02:22.736689,KXBTCD-25MAY2122-T110499.99,DELTA,11,24,26,4,165,no,71,100
2025-05-21T18:02:22.796715,KXBTCD-25MAY2122-T110499.99,DELTA,11,24,26,4,166,no,51,-1000
2025-05-21T18:02:22.856077,KXBTCD-25MAY2122-T110499.99,DELTA,11,24,26,4,167,no,72,1000
2025-05-21T18:02:23.377148,KXBTCD-25MAY2122-T110499.99,DELTA,21,100,26,4,168,yes,21,100
2025-05-21T18:02:23.498141,KXBTCD-25MAY2122-T110499.99,DELTA,21,100,26,4,169,yes,5,-5
2025-05-21T18:02:23.498447,KXBTCD-25MAY2122-T110499.99,DELTA,21,100,26,4,170,yes,12,5
2025-05-21T18:02:23.517410,KXBTCD-25MAY2122-T110499.99,DELTA,21,100,28,1024,171,no,74,-4
2025-05-21T18:02:23.517613,KXBTCD-25MAY2122-T110499.99,DELTA,21,100,27,4,172,no,73,4
2025-05-21T18:02:23.961562,KXBTCD-25MAY2122-T110499.99,DELTA,21,100,27,4,173,no,71,-100
2025-05-21T18:02:23.996460,KXBTCD-25MAY2122-T110499.99,DELTA,21,100,27,4,174,no,72,-1000
2025-05-21T18:02:24.037049,KXBTCD-25MAY2122-T110499.99,DELTA,21,100,27,4,175,no,51,1000
2025-05-21T18:02:25.316177,KXBTCD-25MAY2122-T110499.99,DELTA,21,100,27,4,176,no,72,100
2025-05-21T18:02:25.376654,KXBTCD-25MAY2122-T110499.99,DELTA,21,100,27,4,177,no,51,-1000
2025-05-21T18:02:25.415820,KXBTCD-25MAY2122-T110499.99,DELTA,21,100,27,1004,178,no,73,1000
2025-05-21T18:02:25.475624,KXBTCD-25MAY2122-T110499.99,DELTA,21,100,27,1004,179,no,52,9
2025-05-21T18:02:33.216224,KXBTCD-25MAY2122-T110499.99,DELTA,21,1100,27,1004,180,yes,21,1000
2025-05-21T18:02:33.257478,KXBTCD-25MAY2122-T110499.99,DELTA,21,1100,27,1004,181,yes,12,24
2025-05-21T18:02:33.257763,KXBTCD-25MAY2122-T110499.99,DELTA,21,1100,27,1004,182,yes,11,-24
2025-05-21T18:02:33.258118,KXBTCD-25MAY2122-T110499.99,DELTA,21,1100,27,1004,183,no,72,-24
2025-05-21T18:02:33.258296,KXBTCD-25MAY2122-T110499.99,DELTA,21,1100,27,1004,184,no,70,24
2025-05-21T18:02:33.339007,KXBTCD-25MAY2122-T110499.99,DELTA,21,1100,27,1004,185,yes,12,-5
2025-05-21T18:02:33.340001,KXBTCD-25MAY2122-T110499.99,DELTA,21,1100,27,1004,186,no,52,-9
2025-05-21T18:02:33.377091,KXBTCD-25MAY2122-T110499.99,DELTA,21,1100,27,1000,187,no,73,-4
2025-05-21T18:02:33.377884,KXBTCD-25MAY2122-T110499.99,DELTA,21,1100,26,4,188,no,74,4
2025-05-21T18:02:33.636976,KXBTCD-25MAY2122-T110499.99,DELTA,21,1100,26,4,189,no,72,-100
2025-05-21T18:02:33.637742,KXBTCD-25MAY2122-T110499.99,DELTA,21,1000,26,4,190,yes,21,-100
2025-05-21T18:02:33.697224,KXBTCD-25MAY2122-T110499.99,DELTA,12,24,26,4,191,yes,21,-1000
2025-05-21T18:02:33.717097,KXBTCD-25MAY2122-T110499.99,DELTA,12,24,26,4,192,no,73,-1000
2025-05-21T18:02:33.757507,KXBTCD-25MAY2122-T110499.99,DELTA,12,24,26,4,193,no,51,1000
2025-05-21T18:02:35.157039,KXBTCD-25MAY2122-T110499.99,DELTA,22,100,26,4,194,yes,22,100
2025-05-21T18:02:35.177840,KXBTCD-25MAY2122-T110499.99,DELTA,22,100,26,4,195,no,70,100
2025-05-21T18:02:35.237293,KXBTCD-25MAY2122-T110499.99,DELTA,22,100,26,4,196,no,51,-1000
2025-05-21T18:02:35.297730,KXBTCD-25MAY2122-T110499.99,DELTA,22,100,26,4,197,no,71,1000
2025-05-21T18:02:35.298689,KXBTCD-25MAY2122-T110499.99,DELTA,22,100,26,4,198,no,52,9
2025-05-21T18:02:35.299483,KXBTCD-25MAY2122-T110499.99,DELTA,22,100,26,4,199,yes,13,5
2025-05-21T18:02:35.300016,KXBTCD-25MAY2122-T110499.99,DELTA,22,100,29,1000,200,no,74,-4
2025-05-21T18:02:35.300473,KXBTCD-25MAY2122-T110499.99,DELTA,22,100,29,1000,201,no,52,4
2025-05-21T18:02:36.138721,KXBTCD-25MAY2122-T110499.99,DELTA,13,5,29,1000,202,yes,22,-100
2025-05-21T18:02:36.277592,KXBTCD-25MAY2122-T110499.99,DELTA,12,24,29,1000,203,yes,13,-5
2025-05-21T18:02:36.278853,KXBTCD-25MAY2122-T110499.99,DELTA,12,24,29,1000,204,yes,5,5
2025-05-21T18:02:36.279987,KXBTCD-25MAY2122-T110499.99,DELTA,12,24,29,1000,205,no,52,-4
2025-05-21T18:02:36.280542,KXBTCD-25MAY2122-T110499.99,DELTA,12,24,28,4,206,no,72,4
2025-05-21T18:02:36.297351,KXBTCD-25MAY2122-T110499.99,DELTA,12,24,28,4,207,no,52,-9
2025-05-21T18:02:37.557469,KXBTCD-25MAY2122-T110499.99,DELTA,22,100,28,4,208,yes,22,100
2025-05-21T18:02:37.696208,KXBTCD-25MAY2122-T110499.99,DELTA,22,100,28,4,209,yes,5,-5
2025-05-21T18:02:37.696383,KXBTCD-25MAY2122-T110499.99,DELTA,22,100,28,4,210,yes,13,5
2025-05-21T18:02:38.056499,KXBTCD-25MAY2122-T110499.99,DELTA,22,100,28,4,211,yes,11,24
2025-05-21T18:02:38.076632,KXBTCD-25MAY2122-T110499.99,DELTA,22,100,28,4,212,yes,12,-24
2025-05-21T18:02:38.076752,KXBTCD-25MAY2122-T110499.99,DELTA,22,100,28,28,213,no,72,24
2025-05-21T18:02:38.077438,KXBTCD-25MAY2122-T110499.99,DELTA,22,100,28,28,214,no,70,-24
2025-05-21T18:02:38.156276,KXBTCD-25MAY2122-T110499.99,DELTA,22,100,28,28,215,no,71,-1000
2025-05-21T18:02:38.262820,KXBTCD-25MAY2122-T110499.99,DELTA,22,100,27,1000,216,no,73,1000
2025-05-21T18:02:38.377652,KXBTCD-25MAY2122-T110499.99,DELTA,22,100,27,1000,217,no,70,-100
2025-05-21T18:02:38.497392,KXBTCD-25MAY2122-T110499.99,DELTA,22,100,27,1000,218,yes,13,-5
2025-05-21T18:02:38.498382,KXBTCD-25MAY2122-T110499.99,DELTA,22,100,27,1000,219,no,72,-4
2025-05-21T18:02:38.499134,KXBTCD-25MAY2122-T110499.99,DELTA,22,100,26,4,220,no,74,4
2025-05-21T18:02:38.518453,KXBTCD-25MAY2122-T110499.99,DELTA,22,100,26,4,221,yes,12,5
2025-05-21T18:02:38.558555,KXBTCD-25MAY2122-T110499.99,DELTA,22,100,26,4,222,no,73,-1000
2025-05-21T18:02:38.914653,KXBTCD-25MAY2122-T110499.99,DELTA,22,100,26,4,223,no,51,1000
2025-05-21T18:02:39.436583,KXBTCD-25MAY2122-T110499.99,DELTA,22,100,26,4,224,no,71,100
2025-05-21T18:02:39.496001,KXBTCD-25MAY2122-T110499.99,DELTA,22,100,26,4,225,no,51,-1000
2025-05-21T18:02:39.536710,KXBTCD-25MAY2122-T110499.99,DELTA,22,100,26,4,226,no,72,1000
2025-05-21T18:02:39.556603,KXBTCD-25MAY2122-T110499.99,DELTA,22,100,26,4,227,no,52,9
2025-05-21T18:02:39.557342,KXBTCD-25MAY2122-T110499.99,DELTA,22,100,28,1024,228,no,74,-4
2025-05-21T18:02:39.557979,KXBTCD-25MAY2122-T110499.99,DELTA,22,100,28,1028,229,no,72,4
2025-05-21T18:02:39.617460,KXBTCD-25MAY2122-T110499.99,DELTA,12,5,28,1028,230,yes,22,-100
2025-05-21T18:02:39.636953,KXBTCD-25MAY2122-T110499.99,DELTA,12,5,28,28,231,no,72,-1000
2025-05-21T18:02:39.678114,KXBTCD-25MAY2122-T110499.99,DELTA,12,5,27,1000,232,no,73,1000
2025-05-21T18:02:40.862867,KXBTCD-25MAY2122-T110499.99,DELTA,21,100,27,1000,233,yes,21,100
2025-05-21T18:02:40.935992,KXBTCD-25MAY2122-T110499.99,DELTA,21,100,27,1000,234,yes,12,24
2025-05-21T18:02:40.956870,KXBTCD-25MAY2122-T110499.99,DELTA,21,100,27,1000,235,yes,11,-24
2025-05-21T18:02:40.957489,KXBTCD-25MAY2122-T110499.99,DELTA,21,100,27,1000,236,no,70,24
2025-05-21T18:02:40.959408,KXBTCD-25MAY2122-T110499.99,DELTA,21,100,27,1000,237,no,72,-24
2025-05-21T18:02:40.985308,KXBTCD-25MAY2122-T110499.99,DELTA,21,100,27,1000,238,no,52,-9
2025-05-21T18:02:41.058141,KXBTCD-25MAY2122-T110499.99,DELTA,21,100,27,1000,239,no,72,-4
2025-05-21T18:02:41.059407,KXBTCD-25MAY2122-T110499.99,DELTA,21,100,26,4,240,no,74,4
2025-05-21T18:02:41.060379,KXBTCD-25MAY2122-T110499.99,DELTA,21,1100,26,4,241,yes,21,1000
2025-05-21T18:02:41.061154,KXBTCD-25MAY2122-T110499.99,DELTA,21,1100,26,4,242,no,73,-1000
2025-05-21T18:02:41.097815,KXBTCD-25MAY2122-T110499.99,DELTA,21,1100,26,4,243,no,72,1000
2025-05-21T18:02:41.337048,KXBTCD-25MAY2122-T110499.99,DELTA,21,1000,26,4,244,yes,21,-100
2025-05-21T18:02:41.398806,KXBTCD-25MAY2122-T110499.99,DELTA,12,29,26,4,245,yes,21,-1000
2025-05-21T18:02:41.457331,KXBTCD-25MAY2122-T110499.99,DELTA,13,1000,26,4,246,yes,13,1000
2025-05-21T18:02:41.976593,KXBTCD-25MAY2122-T110499.99,DELTA,22,100,26,4,247,yes,22,100
2025-05-21T18:02:42.118871,KXBTCD-25MAY2122-T110499.99,DELTA,22,100,28,1000,248,no,74,-4
2025-05-21T18:02:42.119350,KXBTCD-25MAY2122-T110499.99,DELTA,22,100,27,4,249,no,73,4
2025-05-21T18:02:42.119722,KXBTCD-25MAY2122-T110499.99,DELTA,22,100,27,4,250,yes,12,-5
2025-05-21T18:02:42.138012,KXBTCD-25MAY2122-T110499.99,DELTA,22,100,27,4,251,yes,14,5
2025-05-21T18:02:42.223125,KXBTCD-25MAY2122-T110499.99,DELTA,22,100,27,4,252,yes,13,-1000
2025-05-21T18:02:43.058314,KXBTCD-25MAY2122-T110499.99,DELTA,14,5,27,4,253,yes,22,-100
2025-05-21T18:02:43.059293,KXBTCD-25MAY2122-T110499.99,DELTA,14,5,27,4,254,no,71,-100
2025-05-21T18:02:43.118600,KXBTCD-25MAY2122-T110499.99,DELTA,14,5,27,4,255,no,72,-1000
2025-05-21T18:02:43.177033,KXBTCD-25MAY2122-T110499.99,DELTA,14,5,27,4,256,no,51,1000
2025-05-21T18:02:43.197335,KXBTCD-25MAY2122-T110499.99,DELTA,12,24,27,4,257,yes,14,-5
2025-05-21T18:02:43.198147,KXBTCD-25MAY2122-T110499.99,DELTA,12,24,27,4,258,yes,5,5
2025-05-21T18:02:43.940146,KXBTCD-25MAY2122-T110499.99,DELTA,12,24,27,4,259,no,69,100
2025-05-21T18:02:43.957505,KXBTCD-25MAY2122-T110499.99,DELTA,23,100,27,4,260,yes,23,100
2025-05-21T18:02:44.037659,KXBTCD-25MAY2122-T110499.99,DELTA,23,100,27,4,261,no,51,-1000
2025-05-21T18:02:44.076938,KXBTCD-25MAY2122-T110499.99,DELTA,23,100,27,4,262,no,52,9
2025-05-21T18:02:44.137373,KXBTCD-25MAY2122-T110499.99,DELTA,23,100,27,4,263,no,70,1000
2025-05-21T18:02:44.138148,KXBTCD-25MAY2122-T110499.99,DELTA,23,100,30,1024,264,no,73,-4
2025-05-21T18:02:44.138659,KXBTCD-25MAY2122-T110499.99,DELTA,23,100,30,1028,265,no,70,4
2025-05-21T18:02:44.215377,KXBTCD-25MAY2122-T110499.99,DELTA,23,100,30,28,266,no,70,-1000
2025-05-21T18:02:44.255398,KXBTCD-25MAY2122-T110499.99,DELTA,23,100,29,1000,267,no,71,1000
2025-05-21T18:02:49.778439,KXBTCD-25MAY2122-T110499.99,DELTA,23,100,29,1000,268,yes,12,-24
2025-05-21T18:02:49.779596,KXBTCD-25MAY2122-T110499.99,DELTA,23,100,29,1000,269,no,70,-24
2025-05-21T18:02:49.797461,KXBTCD-25MAY2122-T110499.99,DELTA,23,100,29,1000,270,yes,14,24
2025-05-21T18:02:49.798209,KXBTCD-25MAY2122-T110499.99,DELTA,23,100,29,1000,271,no,68,24
2025-05-21T18:02:49.857090,KXBTCD-25MAY2122-T110499.99,DELTA,23,100,30,4,272,no,71,-1000
2025-05-21T18:02:49.876853,KXBTCD-25MAY2122-T110499.99,DELTA,23,100,31,100,273,no,70,-4
2025-05-21T18:02:49.877347,KXBTCD-25MAY2122-T110499.99,DELTA,23,100,28,4,274,no,72,4
2025-05-21T18:02:49.897601,KXBTCD-25MAY2122-T110499.99,DELTA,23,100,28,4,275,no,70,1000
2025-05-21T18:02:49.920336,KXBTCD-25MAY2122-T110499.99,DELTA,23,100,28,4,276,no,52,-9
2025-05-21T18:02:50.356540,KXBTCD-25MAY2122-T110499.99,DELTA,14,24,28,4,277,yes,23,-100
2025-05-21T18:02:51.417829,KXBTCD-25MAY2122-T110499.99,DELTA,14,24,28,4,278,no,69,-100
2025-05-21T18:02:51.477593,KXBTCD-25MAY2122-T110499.99,DELTA,14,24,28,4,279,no,70,-1000
2025-05-21T18:02:51.536967,KXBTCD-25MAY2122-T110499.99,DELTA,14,24,28,4,280,no,51,1000
2025-05-21T18:02:51.538006,KXBTCD-25MAY2122-T110499.99,DELTA,14,24,32,24,281,no,72,-4
2025-05-21T18:02:51.538701,KXBTCD-25MAY2122-T110499.99,DELTA,14,24,29,4,282,no,71,4
2025-05-21T18:02:51.817567,KXBTCD-25MAY2122-T110499.99,DELTA,24,100,29,4,283,yes,24,100
2025-05-21T18:02:52.563626,KXBTCD-25MAY2122-T110499.99,DELTA,24,100,29,4,284,no,68,100
2025-05-21T18:02:52.616487,KXBTCD-25MAY2122-T110499.99,DELTA,24,100,29,4,285,no,51,-1000
2025-05-21T18:02:52.678262,KXBTCD-25MAY2122-T110499.99,DELTA,24,100,29,4,286,no,69,1000
2025-05-21T18:02:52.678457,KXBTCD-25MAY2122-T110499.99,DELTA,24,100,29,4,287,yes,5,-5
2025-05-21T18:02:52.696694,KXBTCD-25MAY2122-T110499.99,DELTA,24,100,31,1000,288,no,71,-4
2025-05-21T18:02:52.696806,KXBTCD-25MAY2122-T110499.99,DELTA,24,100,31,1004,289,no,69,4
2025-05-21T18:02:52.696895,KXBTCD-25MAY2122-T110499.99,DELTA,24,100,31,1004,290,no,52,9
2025-05-21T18:02:52.697266,KXBTCD-25MAY2122-T110499.99,DELTA,24,100,31,1004,291,yes,15,5
2025-05-21T18:02:53.097163,KXBTCD-25MAY2122-T110499.99,DELTA,24,100,31,1004,292,yes,16,24
2025-05-21T18:02:53.116087,KXBTCD-25MAY2122-T110499.99,DELTA,24,100,31,1004,293,yes,14,-24
2025-05-21T18:02:53.116866,KXBTCD-25MAY2122-T110499.99,DELTA,24,100,31,1004,294,no,67,24
2025-05-21T18:02:53.117867,KXBTCD-25MAY2122-T110499.99,DELTA,24,100,31,1004,295,no,68,-24
2025-05-21T18:02:53.356719,KXBTCD-25MAY2122-T110499.99,DELTA,16,24,31,1004,296,yes,24,-100
2025-05-21T18:02:53.476014,KXBTCD-25MAY2122-T110499.99,DELTA,16,24,31,1004,297,yes,15,-5
2025-05-21T18:02:53.496434,KXBTCD-25MAY2122-T110499.99,DELTA,16,24,31,1000,298,no,69,-4
2025-05-21T18:02:53.497234,KXBTCD-25MAY2122-T110499.99,DELTA,16,24,30,4,299,no,70,4
2025-05-21T18:02:53.498296,KXBTCD-25MAY2122-T110499.99,DELTA,16,24,30,4,300,no,52,-9
2025-05-21T18:02:53.498889,KXBTCD-25MAY2122-T110499.99,DELTA,16,24,30,4,301,yes,11,5
2025-05-21T18:02:53.556621,KXBTCD-25MAY2122-T110499.99,DELTA,17,24,30,4,302,yes,17,24
2025-05-21T18:02:53.558062,KXBTCD-25MAY2122-T110499.99,DELTA,17,24,30,4,303,no,65,24
2025-05-21T18:02:53.576675,KXBTCD-25MAY2122-T110499.99,DELTA,17,24,30,4,304,yes,16,-24
2025-05-21T18:02:53.596920,KXBTCD-25MAY2122-T110499.99,DELTA,17,24,30,4,305,no,67,-24
2025-05-21T18:02:54.118412,KXBTCD-25MAY2122-T110499.99,DELTA,17,24,30,4,306,no,68,-100
2025-05-21T18:02:54.197458,KXBTCD-25MAY2122-T110499.99,DELTA,17,24,30,4,307,no,69,-1000
2025-05-21T18:02:54.238990,KXBTCD-25MAY2122-T110499.99,DELTA,26,100,30,4,308,yes,26,100
2025-05-21T18:02:54.257034,KXBTCD-25MAY2122-T110499.99,DELTA,26,100,30,4,309,no,51,1000
2025-05-21T18:02:54.395909,KXBTCD-25MAY2122-T110499.99,DELTA,26,100,30,4,310,no,50,-200
2025-05-21T18:02:54.396108,KXBTCD-25MAY2122-T110499.99,DELTA,26,100,30,4,311,no,40,200
2025-05-21T18:02:54.477215,KXBTCD-25MAY2122-T110499.99,DELTA,26,100,30,4,312,no,51,-2000
2025-05-21T18:02:54.498754,KXBTCD-25MAY2122-T110499.99,DELTA,26,100,30,4,313,no,51,-1000
2025-05-21T18:02:54.537345,KXBTCD-25MAY2122-T110499.99,DELTA,26,100,30,4,314,no,41,1000
2025-05-21T18:02:54.538218,KXBTCD-25MAY2122-T110499.99,DELTA,26,100,30,4,315,no,41,2000
2025-05-21T18:02:55.401076,KXBTCD-25MAY2122-T110499.99,DELTA,17,24,30,4,316,yes,26,-100
2025-05-21T18:02:55.496663,KXBTCD-25MAY2122-T110499.99,DELTA,17,24,35,24,317,no,70,-4
2025-05-21T18:02:55.497472,KXBTCD-25MAY2122-T110499.99,DELTA,17,24,35,24,318,no,50,4
2025-05-21T18:02:55.498015,KXBTCD-25MAY2122-T110499.99,DELTA,17,24,35,24,319,yes,11,9
2025-05-21T18:02:55.498462,KXBTCD-25MAY2122-T110499.99,DELTA,17,24,35,24,320,no,50,9
2025-05-21T18:02:55.498870,KXBTCD-25MAY2122-T110499.99,DELTA,17,24,35,24,321,no,50,9
2025-05-21T18:02:55.717758,KXBTCD-25MAY2122-T110499.99,DELTA,17,24,35,124,322,no,65,100
2025-05-21T18:02:55.777607,KXBTCD-25MAY2122-T110499.99,DELTA,17,24,35,124,323,no,41,-1000
2025-05-21T18:02:55.836658,KXBTCD-25MAY2122-T110499.99,DELTA,17,24,34,1000,324,no,66,1000
2025-05-21T18:02:55.916440,KXBTCD-25MAY2122-T110499.99,DELTA,17,24,34,1000,325,no,50,-9
2025-05-21T18:02:55.916702,KXBTCD-25MAY2122-T110499.99,DELTA,17,24,34,1009,326,no,66,9
2025-05-21T18:02:56.336724,KXBTCD-25MAY2122-T110499.99,DELTA,17,24,34,1009,327,no,40,-200
2025-05-21T18:02:56.337290,KXBTCD-25MAY2122-T110499.99,DELTA,17,24,34,1009,328,no,50,200
2025-05-21T18:02:56.457544,KXBTCD-25MAY2122-T110499.99,DELTA,17,24,34,1009,329,no,41,-2000
2025-05-21T18:02:56.458259,KXBTCD-25MAY2122-T110499.99,DELTA,17,24,34,1009,330,no,50,-4
2025-05-21T18:02:56.458820,KXBTCD-25MAY2122-T110499.99,DELTA,17,24,33,4,331,no,67,4
2025-05-21T18:02:56.459299,KXBTCD-25MAY2122-T110499.99,DELTA,17,24,33,4,332,no,50,-9
2025-05-21T18:02:56.477193,KXBTCD-25MAY2122-T110499.99,DELTA,17,24,33,4,333,no,66,-9
2025-05-21T18:02:56.478170,KXBTCD-25MAY2122-T110499.99,DELTA,17,24,33,13,334,no,67,9
2025-05-21T18:02:56.516842,KXBTCD-25MAY2122-T110499.99,DELTA,17,24,33,13,335,no,51,2000
2025-05-21T18:02:56.517294,KXBTCD-25MAY2122-T110499.99,DELTA,26,100,33,13,336,yes,26,100
2025-05-21T18:02:56.556719,KXBTCD-25MAY2122-T110499.99,DELTA,26,100,33,13,337,no,65,-100
2025-05-21T18:02:56.578239,KXBTCD-25MAY2122-T110499.99,DELTA,26,100,33,13,338,yes,16,24
2025-05-21T18:02:56.578872,KXBTCD-25MAY2122-T110499.99,DELTA,26,100,33,13,339,yes,17,-24
2025-05-21T18:02:56.597479,KXBTCD-25MAY2122-T110499.99,DELTA,26,100,33,13,340,no,65,-24
2025-05-21T18:02:56.597829,KXBTCD-25MAY2122-T110499.99,DELTA,26,100,33,37,341,no,67,24
2025-05-21T18:02:56.616073,KXBTCD-25MAY2122-T110499.99,DELTA,26,100,33,37,342,no,66,-1000
2025-05-21T18:02:56.676266,KXBTCD-25MAY2122-T110499.99,DELTA,26,100,32,1000,343,no,68,1000
2025-05-21T18:02:57.217227,KXBTCD-25MAY2122-T110499.99,DELTA,26,100,32,1000,344,yes,16,-24
2025-05-21T18:02:57.217785,KXBTCD-25MAY2122-T110499.99,DELTA,26,100,32,1000,345,yes,17,24
2025-05-21T18:02:57.218075,KXBTCD-25MAY2122-T110499.99,DELTA,26,100,32,1000,346,no,65,24
2025-05-21T18:02:57.218253,KXBTCD-25MAY2122-T110499.99,DELTA,26,100,32,1000,347,no,67,-24
2025-05-21T18:02:57.317428,KXBTCD-25MAY2122-T110499.99,DELTA,26,100,33,13,348,no,68,-1000
2025-05-21T18:02:57.377039,KXBTCD-25MAY2122-T110499.99,DELTA,26,100,33,13,349,yes,11,-9
2025-05-21T18:02:57.377670,KXBTCD-25MAY2122-T110499.99,DELTA,26,100,33,13,350,yes,11,-5
2025-05-21T18:02:57.378271,KXBTCD-25MAY2122-T110499.99,DELTA,26,100,33,4,351,no,67,-9
2025-05-21T18:02:57.396737,KXBTCD-25MAY2122-T110499.99,DELTA,26,100,33,4,352,yes,18,5
2025-05-21T18:02:57.397494,KXBTCD-25MAY2122-T110499.99,DELTA,26,100,35,24,353,no,67,-4
2025-05-21T18:02:57.398086,KXBTCD-25MAY2122-T110499.99,DELTA,26,100,31,4,354,no,69,4
2025-05-21T18:02:57.468409,KXBTCD-25MAY2122-T110499.99,DELTA,26,100,31,4,355,no,51,1000
2025-05-21T18:02:57.977224,KXBTCD-25MAY2122-T110499.99,DELTA,18,5,31,4,356,yes,26,-100
2025-05-21T18:02:58.117766,KXBTCD-25MAY2122-T110499.99,DELTA,18,5,31,4,357,yes,11,9
2025-05-21T18:02:58.119168,KXBTCD-25MAY2122-T110499.99,DELTA,18,5,35,24,358,no,69,-4
2025-05-21T18:02:58.119854,KXBTCD-25MAY2122-T110499.99,DELTA,18,5,35,24,359,no,52,4
2025-05-21T18:02:58.120238,KXBTCD-25MAY2122-T110499.99,DELTA,17,24,35,24,360,yes,18,-5
2025-05-21T18:02:58.137275,KXBTCD-25MAY2122-T110499.99,DELTA,17,24,35,24,361,no,52,9
2025-05-21T18:02:58.138037,KXBTCD-25MAY2122-T110499.99,DELTA,17,24,35,24,362,yes,11,5
2025-05-21T18:02:58.138608,KXBTCD-25MAY2122-T110499.99,DELTA,17,24,35,24,363,no,52,9
2025-05-21T18:02:58.256543,KXBTCD-25MAY2122-T110499.99,DELTA,17,24,35,124,364,no,65,100
2025-05-21T18:02:58.316445,KXBTCD-25MAY2122-T110499.99,DELTA,17,24,35,124,365,no,51,-1000
2025-05-21T18:02:58.356404,KXBTCD-25MAY2122-T110499.99,DELTA,17,24,35,124,366,no,50,-200
2025-05-21T18:02:58.357309,KXBTCD-25MAY2122-T110499.99,DELTA,17,24,35,124,367,no,40,200
2025-05-21T18:02:58.395872,KXBTCD-25MAY2122-T110499.99,DELTA,17,24,34,1000,368,no,66,1000
2025-05-21T18:02:58.479052,KXBTCD-25MAY2122-T110499.99,DELTA,17,24,34,1000,369,no,51,-2000
2025-05-21T18:02:58.517794,KXBTCD-25MAY2122-T110499.99,DELTA,17,24,34,1000,370,no,52,-9
2025-05-21T18:02:58.518419,KXBTCD-25MAY2122-T110499.99,DELTA,17,24,33,9,371,no,67,9
2025-05-21T18:02:58.536767,KXBTCD-25MAY2122-T110499.99,DELTA,17,24,33,9,372,no,41,2000
2025-05-21T18:02:58.897708,KXBTCD-25MAY2122-T110499.99,DELTA,27,100,33,9,373,yes,27,100
2025-05-21T18:02:59.037769,KXBTCD-25MAY2122-T110499.99,DELTA,27,100,33,9,374,no,52,-9
2025-05-21T18:02:59.038800,KXBTCD-25MAY2122-T110499.99,DELTA,27,100,33,9,375,yes,11,-9
2025-05-21T18:02:59.039517,KXBTCD-25MAY2122-T110499.99,DELTA,27,100,33,9,376,yes,11,-5
2025-05-21T18:02:59.040183,KXBTCD-25MAY2122-T110499.99,DELTA,27,100,33,9,377,no,52,-4
2025-05-21T18:02:59.040799,KXBTCD-25MAY2122-T110499.99,DELTA,27,100,33,13,378,no,67,4
2025-05-21T18:02:59.041254,KXBTCD-25MAY2122-T110499.99,DELTA,27,100,33,4,379,no,67,-9
2025-05-21T18:02:59.056775,KXBTCD-25MAY2122-T110499.99,DELTA,27,100,33,4,380,yes,18,5
2025-05-21T18:02:59.459677,KXBTCD-25MAY2122-T110499.99,DELTA,27,100,33,4,381,no,65,-100
2025-05-21T18:02:59.517936,KXBTCD-25MAY2122-T110499.99,DELTA,27,100,33,4,382,no,66,-1000
2025-05-21T18:02:59.577223,KXBTCD-25MAY2122-T110499.99,DELTA,27,100,33,4,383,no,41,1000
2025-05-21T18:03:00.678420,KXBTCD-25MAY2122-T110499.99,DELTA,27,100,33,4,384,no,66,100
2025-05-21T18:03:00.777550,KXBTCD-25MAY2122-T110499.99,DELTA,27,100,33,4,385,no,41,-1000
2025-05-21T18:03:00.797388,KXBTCD-25MAY2122-T110499.99,DELTA,27,100,33,4,386,no,50,9
2025-05-21T18:03:00.836773,KXBTCD-25MAY2122-T110499.99,DELTA,27,100,33,1004,387,no,67,1000
2025-05-21T18:03:00.876499,KXBTCD-25MAY2122-T110499.99,DELTA,27,100,33,1004,388,no,40,-200
2025-05-21T18:03:00.876682,KXBTCD-25MAY2122-T110499.99,DELTA,27,100,33,1004,389,no,50,200
2025-05-21T18:03:00.978224,KXBTCD-25MAY2122-T110499.99,DELTA,27,100,33,1004,390,no,41,-2000
2025-05-21T18:03:01.016956,KXBTCD-25MAY2122-T110499.99,DELTA,27,100,33,1004,391,no,51,2000
2025-05-21T18:03:01.498021,KXBTCD-25MAY2122-T110499.99,DELTA,18,5,33,1004,392,yes,27,-100
2025-05-21T18:03:01.517749,KXBTCD-25MAY2122-T110499.99,DELTA,18,5,33,1004,393,no,66,-100
2025-05-21T18:03:01.597729,KXBTCD-25MAY2122-T110499.99,DELTA,18,5,33,4,394,no,67,-1000
2025-05-21T18:03:01.636194,KXBTCD-25MAY2122-T110499.99,DELTA,18,5,33,4,395,yes,11,9
2025-05-21T18:03:01.636317,KXBTCD-25MAY2122-T110499.99,DELTA,18,5,33,4,396,yes,11,5
2025-05-21T18:03:01.636382,KXBTCD-25MAY2122-T110499.99,DELTA,18,5,33,4,397,no,50,-9
2025-05-21T18:03:01.656730,KXBTCD-25MAY2122-T110499.99,DELTA,18,5,33,4,398,no,51,1000
2025-05-21T18:03:01.656859,KXBTCD-25MAY2122-T110499.99,DELTA,17,24,33,4,399,yes,18,-5
2025-05-21T18:03:01.656933,KXBTCD-25MAY2122-T110499.99,DELTA,17,24,32,9,400,no,68,9
2025-05-21T18:03:01.676251,KXBTCD-25MAY2122-T110499.99,DELTA,17,24,32,9,401,no,67,-4
2025-05-21T18:03:01.676343,KXBTCD-25MAY2122-T110499.99,DELTA,17,24,32,13,402,no,68,4
2025-05-21T18:03:02.158103,KXBTCD-25MAY2122-T110499.99,DELTA,17,24,32,13,403,no,50,-200
2025-05-21T18:03:02.159177,KXBTCD-25MAY2122-T110499.99,DELTA,17,24,32,13,404,no,40,200
2025-05-21T18:03:02.277647,KXBTCD-25MAY2122-T110499.99,DELTA,17,24,32,4,405,no,68,-9
2025-05-21T18:03:02.278533,KXBTCD-25MAY2122-T110499.99,DELTA,17,24,32,4,406,no,52,9
2025-05-21T18:03:02.338607,KXBTCD-25MAY2122-T110499.99,DELTA,17,24,32,4,407,no,51,-2000
2025-05-21T18:03:02.339568,KXBTCD-25MAY2122-T110499.99,DELTA,17,24,32,4,408,no,51,-1000
2025-05-21T18:03:02.397772,KXBTCD-25MAY2122-T110499.99,DELTA,17,24,35,24,409,no,68,-4
2025-05-21T18:03:02.398886,KXBTCD-25MAY2122-T110499.99,DELTA,17,24,35,24,410,no,52,4
2025-05-21T18:03:02.418923,KXBTCD-25MAY2122-T110499.99,DELTA,17,24,35,24,411,no,41,2000
2025-05-21T18:03:02.419619,KXBTCD-25MAY2122-T110499.99,DELTA,17,24,35,24,412,no,41,1000
2025-05-21T18:03:02.420226,KXBTCD-25MAY2122-T110499.99,DELTA,17,24,35,24,413,no,52,9
2025-05-21T18:03:03.058806,KXBTCD-25MAY2122-T110499.99,DELTA,26,100,35,24,414,yes,26,100
2025-05-21T18:03:03.117491,KXBTCD-25MAY2122-T110499.99,DELTA,26,100,34,100,415,no,66,100
2025-05-21T18:03:03.198586,KXBTCD-25MAY2122-T110499.99,DELTA,26,100,34,100,416,yes,11,-5
2025-05-21T18:03:03.217461,KXBTCD-25MAY2122-T110499.99,DELTA,26,100,34,100,417,no,50,9
2025-05-21T18:03:03.218709,KXBTCD-25MAY2122-T110499.99,DELTA,26,100,34,100,418,no,52,-4
2025-05-21T18:03:03.219450,KXBTCD-25MAY2122-T110499.99,DELTA,26,100,34,100,419,no,50,4
2025-05-21T18:03:03.219712,KXBTCD-25MAY2122-T110499.99,DELTA,26,100,34,100,420,yes,18,5
2025-05-21T18:03:03.219877,KXBTCD-25MAY2122-T110499.99,DELTA,26,100,34,100,421,no,41,-1000
2025-05-21T18:03:03.220016,KXBTCD-25MAY2122-T110499.99,DELTA,26,100,34,100,422,yes,11,-9
2025-05-21T18:03:03.220142,KXBTCD-25MAY2122-T110499.99,DELTA,26,100,34,100,423,no,52,-9
2025-05-21T18:03:03.237625,KXBTCD-25MAY2122-T110499.99,DELTA,26,100,34,100,424,no,52,-9
2025-05-21T18:03:03.277370,KXBTCD-25MAY2122-T110499.99,DELTA,26,100,33,1000,425,no,67,1000
2025-05-21T18:03:03.417197,KXBTCD-25MAY2122-T110499.99,DELTA,26,100,33,1000,426,no,40,-200
2025-05-21T18:03:03.418165,KXBTCD-25MAY2122-T110499.99,DELTA,26,100,33,1000,427,no,50,200
2025-05-21T18:03:03.497658,KXBTCD-25MAY2122-T110499.99,DELTA,26,100,33,1000,428,no,41,-2000
2025-05-21T18:03:03.557088,KXBTCD-25MAY2122-T110499.99,DELTA,26,100,33,1000,429,no,51,2000
2025-05-21T18:03:03.657655,KXBTCD-25MAY2122-T110499.99,DELTA,26,100,33,1000,430,no,66,-100
2025-05-21T18:03:03.717506,KXBTCD-25MAY2122-T110499.99,DELTA,26,100,35,24,431,no,67,-1000
2025-05-21T18:03:03.758372,KXBTCD-25MAY2122-T110499.99,DELTA,26,100,35,24,432,no,51,1000
2025-05-21T18:03:04.638260,KXBTCD-25MAY2122-T110499.99,DELTA,26,100,33,100,433,no,67,100
2025-05-21T18:03:04.718324,KXBTCD-25MAY2122-T110499.99,DELTA,26,100,33,100,434,no,51,-1000
2025-05-21T18:03:04.758723,KXBTCD-25MAY2122-T110499.99,DELTA,26,100,33,100,435,no,50,-9
2025-05-21T18:03:04.759556,KXBTCD-25MAY2122-T110499.99,DELTA,26,100,33,100,436,no,52,9
2025-05-21T18:03:04.779706,KXBTCD-25MAY2122-T110499.99,DELTA,26,100,32,1000,437,no,68,1000
2025-05-21T18:03:04.781889,KXBTCD-25MAY2122-T110499.99,DELTA,26,100,32,1000,438,no,50,-4
2025-05-21T18:03:04.783192,KXBTCD-25MAY2122-T110499.99,DELTA,26,100,32,1004,439,no,68,4
2025-05-21T18:03:05.177467,KXBTCD-25MAY2122-T110499.99,DELTA,26,100,32,1004,440,yes,16,24
2025-05-21T18:03:05.178447,KXBTCD-25MAY2122-T110499.99,DELTA,26,100,32,1004,441,yes,17,-24
2025-05-21T18:03:05.179038,KXBTCD-25MAY2122-T110499.99,DELTA,26,100,32,1004,442,no,67,24
2025-05-21T18:03:05.196477,KXBTCD-25MAY2122-T110499.99,DELTA,26,100,32,1004,443,no,65,-24
2025-05-21T18:03:06.137817,KXBTCD-25MAY2122-T110499.99,DELTA,26,100,32,1004,444,no,67,-100
2025-05-21T18:03:06.138958,KXBTCD-25MAY2122-T110499.99,DELTA,18,5,32,1004,445,yes,26,-100
2025-05-21T18:03:06.198369,KXBTCD-25MAY2122-T110499.99,DELTA,18,5,32,4,446,no,68,-1000
2025-05-21T18:03:06.237316,KXBTCD-25MAY2122-T110499.99,DELTA,18,5,32,4,447,no,51,1000
2025-05-21T18:03:06.276621,KXBTCD-25MAY2122-T110499.99,DELTA,18,5,32,4,448,yes,11,9
2025-05-21T18:03:06.278248,KXBTCD-25MAY2122-T110499.99,DELTA,18,5,33,24,449,no,68,-4
2025-05-21T18:03:06.279132,KXBTCD-25MAY2122-T110499.99,DELTA,18,5,31,4,450,no,69,4
2025-05-21T18:03:06.297924,KXBTCD-25MAY2122-T110499.99,DELTA,16,24,31,4,451,yes,18,-5
2025-05-21T18:03:06.298799,KXBTCD-25MAY2122-T110499.99,DELTA,16,24,31,4,452,yes,11,5
2025-05-21T18:03:06.299327,KXBTCD-25MAY2122-T110499.99,DELTA,16,24,31,4,453,no,52,-9
2025-05-21T18:03:06.299782,KXBTCD-25MAY2122-T110499.99,DELTA,16,24,31,13,454,no,69,9
2025-05-21T18:03:07.177374,KXBTCD-25MAY2122-T110499.99,DELTA,23,100,31,13,455,yes,23,100
2025-05-21T18:03:07.196814,KXBTCD-25MAY2122-T110499.99,DELTA,23,100,31,13,456,no,68,100
2025-05-21T18:03:07.276617,KXBTCD-25MAY2122-T110499.99,DELTA,23,100,31,13,457,no,51,-1000
2025-05-21T18:03:07.336661,KXBTCD-25MAY2122-T110499.99,DELTA,23,100,31,1013,458,no,69,1000
2025-05-21T18:03:07.337423,KXBTCD-25MAY2122-T110499.99,DELTA,23,100,31,1013,459,yes,11,-5
2025-05-21T18:03:07.358734,KXBTCD-25MAY2122-T110499.99,DELTA,23,100,31,1004,460,no,69,-9
2025-05-21T18:03:07.359321,KXBTCD-25MAY2122-T110499.99,DELTA,23,100,31,1004,461,no,52,9
2025-05-21T18:03:07.359934,KXBTCD-25MAY2122-T110499.99,DELTA,23,100,31,1004,462,yes,11,-9
2025-05-21T18:03:07.360364,KXBTCD-25MAY2122-T110499.99,DELTA,24,9,31,1004,463,yes,24,9
2025-05-21T18:03:07.360751,KXBTCD-25MAY2122-T110499.99,DELTA,24,9,31,1004,464,yes,17,5
2025-05-21T18:03:07.361090,KXBTCD-25MAY2122-T110499.99,DELTA,24,9,31,1000,465,no,69,-4
2025-05-21T18:03:07.361424,KXBTCD-25MAY2122-T110499.99,DELTA,24,9,31,1000,466,no,52,4
2025-05-21T18:03:07.396506,KXBTCD-25MAY2122-T110499.99,DELTA,24,9,31,1000,467,no,52,9
2025-05-21T18:03:07.419837,KXBTCD-25MAY2122-T110499.99,DELTA,24,9,31,1000,468,yes,23,-100
2025-05-21T18:03:08.799049,KXBTCD-25MAY2122-T110499.99,DELTA,24,9,31,1000,469,yes,18,24
2025-05-21T18:03:08.799656,KXBTCD-25MAY2122-T110499.99,DELTA,24,9,31,1000,470,yes,16,-24
2025-05-21T18:03:08.821137,KXBTCD-25MAY2122-T110499.99,DELTA,24,9,31,1000,471,no,65,24
2025-05-21T18:03:08.822199,KXBTCD-25MAY2122-T110499.99,DELTA,24,9,31,1000,472,no,67,-24
2025-05-21T18:03:08.822802,KXBTCD-25MAY2122-T110499.99,DELTA,25,100,31,1000,473,yes,25,100
2025-05-21T18:03:08.938565,KXBTCD-25MAY2122-T110499.99,DELTA,25,100,31,1000,474,yes,17,-5
2025-05-21T18:03:08.938702,KXBTCD-25MAY2122-T110499.99,DELTA,25,100,31,1000,475,yes,24,-9
2025-05-21T18:03:08.938780,KXBTCD-25MAY2122-T110499.99,DELTA,25,100,31,1000,476,no,52,-4
2025-05-21T18:03:08.938842,KXBTCD-25MAY2122-T110499.99,DELTA,25,100,30,4,477,no,70,4
2025-05-21T18:03:08.957814,KXBTCD-25MAY2122-T110499.99,DELTA,25,100,30,4,478,yes,11,5
2025-05-21T18:03:08.957931,KXBTCD-25MAY2122-T110499.99,DELTA,25,100,30,4,479,no,52,-9
2025-05-21T18:03:08.976734,KXBTCD-25MAY2122-T110499.99,DELTA,25,100,30,4,480,no,52,-9
2025-05-21T18:03:09.811778,KXBTCD-25MAY2122-T110499.99,DELTA,18,24,30,4,481,yes,25,-100
2025-05-21T18:03:09.812526,KXBTCD-25MAY2122-T110499.99,DELTA,18,24,30,4,482,no,68,-100
2025-05-21T18:03:09.889932,KXBTCD-25MAY2122-T110499.99,DELTA,18,24,30,4,483,no,69,-1000
2025-05-21T18:03:09.937160,KXBTCD-25MAY2122-T110499.99,DELTA,18,24,30,4,484,no,51,1000
2025-05-21T18:03:10.916506,KXBTCD-25MAY2122-T110499.99,DELTA,26,100,30,4,485,yes,26,100
2025-05-21T18:03:10.936778,KXBTCD-25MAY2122-T110499.99,DELTA,26,100,30,4,486,no,66,100
2025-05-21T18:03:10.997617,KXBTCD-25MAY2122-T110499.99,DELTA,26,100,30,4,487,no,51,-1000
2025-05-21T18:03:11.037536,KXBTCD-25MAY2122-T110499.99,DELTA,26,100,30,4,488,no,67,1000
2025-05-21T18:03:11.038518,KXBTCD-25MAY2122-T110499.99,DELTA,26,100,30,4,489,yes,11,-5
2025-05-21T18:03:11.039188,KXBTCD-25MAY2122-T110499.99,DELTA,26,100,33,1000,490,no,70,-4
2025-05-21T18:03:11.039645,KXBTCD-25MAY2122-T110499.99,DELTA,26,100,33,1000,491,no,52,4
2025-05-21T18:03:11.056338,KXBTCD-25MAY2122-T110499.99,DELTA,26,100,33,1000,492,no,52,9
2025-05-21T18:03:11.057152,KXBTCD-25MAY2122-T110499.99,DELTA,26,100,33,1000,493,yes,19,5
2025-05-21T18:03:11.477473,KXBTCD-25MAY2122-T110499.99,DELTA,26,100,33,1000,494,no,66,-100
2025-05-21T18:03:11.537266,KXBTCD-25MAY2122-T110499.99,DELTA,26,100,35,24,495,no,67,-1000
2025-05-21T18:03:11.596793,KXBTCD-25MAY2122-T110499.99,DELTA,26,100,35,24,496,no,51,1000
2025-05-21T18:03:12.078611,KXBTCD-25MAY2122-T110499.99,DELTA,26,100,35,24,497,no,24,-1350
2025-05-21T18:03:12.178092,KXBTCD-25MAY2122-T110499.99,DELTA,26,100,34,100,498,no,66,100
2025-05-21T18:03:12.258625,KXBTCD-25MAY2122-T110499.99,DELTA,26,100,34,100,499,no,51,-1000
2025-05-21T18:03:12.297302,KXBTCD-25MAY2122-T110499.99,DELTA,26,100,33,1000,500,no,67,1000
2025-05-21T18:03:12.437484,KXBTCD-25MAY2122-T110499.99,DELTA,26,100,33,1000,501,yes,18,-24
2025-05-21T18:03:12.438536,KXBTCD-25MAY2122-T110499.99,DELTA,26,100,33,1000,502,no,65,-24
2025-05-21T18:03:12.536575,KXBTCD-25MAY2122-T110499.99,DELTA,26,100,33,1000,503,yes,19,24
2025-05-21T18:03:12.537683,KXBTCD-25MAY2122-T110499.99,DELTA,26,100,33,1000,504,no,64,24
2025-05-21T18:03:12.596313,KXBTCD-25MAY2122-T110499.99,DELTA,26,100,33,1000,505,yes,20,1000
2025-05-21T18:03:13.818087,KXBTCD-25MAY2122-T110499.99,DELTA,26,100,33,1000,506,no,50,-200
2025-05-21T18:03:13.818764,KXBTCD-25MAY2122-T110499.99,DELTA,26,100,33,1000,507,no,40,200
2025-05-21T18:03:13.876316,KXBTCD-25MAY2122-T110499.99,DELTA,26,100,33,1000,508,no,51,-2000
2025-05-21T18:03:13.918755,KXBTCD-25MAY2122-T110499.99,DELTA,26,100,33,1000,509,no,41,2000
2025-05-21T18:03:13.937453,KXBTCD-25MAY2122-T110499.99,DELTA,26,100,33,1000,510,yes,21,5
2025-05-21T18:03:13.938205,KXBTCD-25MAY2122-T110499.99,DELTA,26,100,33,1000,511,no,52,-4
2025-05-21T18:03:13.938758,KXBTCD-25MAY2122-T110499.99,DELTA,26,100,32,4,512,no,68,4
2025-05-21T18:03:13.939221,KXBTCD-25MAY2122-T110499.99,DELTA,26,100,32,4,513,yes,19,-5
2025-05-21T18:03:14.017279,KXBTCD-25MAY2122-T110499.99,DELTA,21,5,32,4,514,yes,26,-100
2025-05-21T18:03:14.018154,KXBTCD-25MAY2122-T110499.99,DELTA,21,5,32,4,515,yes,20,-1000
2025-05-21T18:03:14.118548,KXBTCD-25MAY2122-T110499.99,DELTA,21,5,32,4,516,no,24,1350
2025-05-21T18:03:15.018885,KXBTCD-25MAY2122-T110499.99,DELTA,21,5,32,4,517,no,66,-100
2025-05-21T18:03:15.199452,KXBTCD-25MAY2122-T110499.99,DELTA,21,5,32,4,518,no,67,-1000
2025-05-21T18:03:15.219513,KXBTCD-25MAY2122-T110499.99,DELTA,21,5,32,4,519,no,52,-9
2025-05-21T18:03:15.220239,KXBTCD-25MAY2122-T110499.99,DELTA,21,5,32,4,520,yes,11,5
2025-05-21T18:03:15.220759,KXBTCD-25MAY2122-T110499.99,DELTA,21,5,32,4,521,yes,11,9
2025-05-21T18:03:15.221258,KXBTCD-25MAY2122-T110499.99,DELTA,21,5,32,4,522,yes,19,-24
2025-05-21T18:03:15.221697,KXBTCD-25MAY2122-T110499.99,DELTA,21,5,32,13,523,no,68,9
2025-05-21T18:03:15.222108,KXBTCD-25MAY2122-T110499.99,DELTA,11,14,32,13,524,yes,21,-5
2025-05-21T18:03:15.222487,KXBTCD-25MAY2122-T110499.99,DELTA,21,24,32,13,525,yes,21,24
2025-05-21T18:03:15.223204,KXBTCD-25MAY2122-T110499.99,DELTA,28,100,32,13,526,yes,28,100
2025-05-21T18:03:15.297986,KXBTCD-25MAY2122-T110499.99,DELTA,28,100,32,13,527,no,62,24
2025-05-21T18:03:15.298723,KXBTCD-25MAY2122-T110499.99,DELTA,28,100,32,13,528,no,64,-24
2025-05-21T18:03:15.299238,KXBTCD-25MAY2122-T110499.99,DELTA,28,100,32,13,529,no,41,1000
2025-05-21T18:03:16.399080,KXBTCD-25MAY2122-T110499.99,DELTA,28,100,32,13,530,yes,21,-24
2025-05-21T18:03:16.399964,KXBTCD-25MAY2122-T110499.99,DELTA,28,100,32,13,531,yes,23,24
2025-05-21T18:03:16.417843,KXBTCD-25MAY2122-T110499.99,DELTA,28,100,32,13,532,no,62,-24
2025-05-21T18:03:16.418919,KXBTCD-25MAY2122-T110499.99,DELTA,28,100,32,13,533,no,60,24
2025-05-21T18:03:16.517262,KXBTCD-25MAY2122-T110499.99,DELTA,23,24,32,13,534,yes,28,-100
2025-05-21T18:03:16.619339,KXBTCD-25MAY2122-T110499.99,DELTA,23,24,32,13,535,yes,11,-5
2025-05-21T18:03:16.620195,KXBTCD-25MAY2122-T110499.99,DELTA,23,24,32,13,536,yes,11,-9
2025-05-21T18:03:16.620848,KXBTCD-25MAY2122-T110499.99,DELTA,29,9,32,13,537,yes,29,9
2025-05-21T18:03:16.621493,KXBTCD-25MAY2122-T110499.99,DELTA,29,9,32,13,538,yes,24,5
2025-05-21T18:03:16.622057,KXBTCD-25MAY2122-T110499.99,DELTA,29,9,32,9,539,no,68,-4
2025-05-21T18:03:16.622491,KXBTCD-25MAY2122-T110499.99,DELTA,29,9,32,9,540,no,50,4
2025-05-21T18:03:16.622918,KXBTCD-25MAY2122-T110499.99,DELTA,29,9,32,9,541,no,50,9
2025-05-21T18:03:16.623346,KXBTCD-25MAY2122-T110499.99,DELTA,29,9,40,24,542,no,68,-9
2025-05-21T18:03:16.623813,KXBTCD-25MAY2122-T110499.99,DELTA,29,9,40,24,543,no,50,9
2025-05-21T18:03:17.498444,KXBTCD-25MAY2122-T110499.99,DELTA,29,9,39,100,544,no,61,100
2025-05-21T18:03:17.619676,KXBTCD-25MAY2122-T110499.99,DELTA,29,9,39,100,545,no,41,-1000
2025-05-21T18:03:17.816998,KXBTCD-25MAY2122-T110499.99,DELTA,29,9,39,100,546,yes,24,-5
2025-05-21T18:03:17.818101,KXBTCD-25MAY2122-T110499.99,DELTA,29,9,38,1000,547,no,62,1000
2025-05-21T18:03:17.819694,KXBTCD-25MAY2122-T110499.99,DELTA,29,9,38,1000,548,no,50,-9
2025-05-21T18:03:17.820060,KXBTCD-25MAY2122-T110499.99,DELTA,29,9,38,1009,549,no,62,9
2025-05-21T18:03:17.820342,KXBTCD-25MAY2122-T110499.99,DELTA,23,24,38,1009,550,yes,29,-9
2025-05-21T18:03:17.820626,KXBTCD-25MAY2122-T110499.99,DELTA,23,24,38,1009,551,yes,11,9
2025-05-21T18:03:17.820895,KXBTCD-25MAY2122-T110499.99,DELTA,23,24,38,1009,552,no,50,-4
2025-05-21T18:03:17.821154,KXBTCD-25MAY2122-T110499.99,DELTA,23,24,38,1013,553,no,62,4
2025-05-21T18:03:17.821413,KXBTCD-25MAY2122-T110499.99,DELTA,23,24,38,1013,554,yes,11,5
2025-05-21T18:03:18.916773,KXBTCD-25MAY2122-T110499.99,DELTA,31,100,38,1013,555,yes,31,100
2025-05-21T18:03:19.077730,KXBTCD-25MAY2122-T110499.99,DELTA,31,100,38,1013,556,yes,11,-5
2025-05-21T18:03:19.078678,KXBTCD-25MAY2122-T110499.99,DELTA,31,100,38,1013,557,yes,11,-9
2025-05-21T18:03:19.079181,KXBTCD-25MAY2122-T110499.99,DELTA,31,100,38,1013,558,yes,24,5
2025-05-21T18:03:19.079677,KXBTCD-25MAY2122-T110499.99,DELTA,31,100,38,1004,559,no,62,-9
2025-05-21T18:03:19.080085,KXBTCD-25MAY2122-T110499.99,DELTA,31,100,38,1000,560,no,62,-4
2025-05-21T18:03:19.080473,KXBTCD-25MAY2122-T110499.99,DELTA,31,100,37,4,561,no,63,4
2025-05-21T18:03:19.080875,KXBTCD-25MAY2122-T110499.99,DELTA,31,100,37,4,562,no,50,-9
2025-05-21T18:03:19.276923,KXBTCD-25MAY2122-T110499.99,DELTA,24,5,37,4,563,yes,31,-100
2025-05-21T18:03:20.180519,KXBTCD-25MAY2122-T110499.99,DELTA,24,5,37,4,564,yes,23,-24
2025-05-21T18:03:20.181599,KXBTCD-25MAY2122-T110499.99,DELTA,25,24,37,4,565,yes,25,24
2025-05-21T18:03:20.182347,KXBTCD-25MAY2122-T110499.99,DELTA,25,24,37,4,566,no,58,24
2025-05-21T18:03:20.182978,KXBTCD-25MAY2122-T110499.99,DELTA,25,24,37,4,567,no,60,-24
2025-05-21T18:03:20.277522,KXBTCD-25MAY2122-T110499.99,DELTA,32,100,37,4,568,yes,32,100
2025-05-21T18:03:20.300229,KXBTCD-25MAY2122-T110499.99,DELTA,32,100,37,4,569,yes,24,-5
2025-05-21T18:03:20.301142,KXBTCD-25MAY2122-T110499.99,DELTA,32,100,37,4,570,yes,11,5
2025-05-21T18:03:20.317577,KXBTCD-25MAY2122-T110499.99,DELTA,32,100,37,4,571,yes,11,9
2025-05-21T18:03:20.318235,KXBTCD-25MAY2122-T110499.99,DELTA,32,100,37,13,572,no,63,9
2025-05-21T18:03:21.699121,KXBTCD-25MAY2122-T110499.99,DELTA,32,100,37,13,573,no,23,-8000
2025-05-21T18:03:21.777768,KXBTCD-25MAY2122-T110499.99,DELTA,32,100,37,13,574,no,9,8000
2025-05-21T18:03:21.817392,KXBTCD-25MAY2122-T110499.99,DELTA,32,100,37,13,575,yes,11,-9
2025-05-21T18:03:21.836767,KXBTCD-25MAY2122-T110499.99,DELTA,32,100,37,13,576,yes,11,-5
2025-05-21T18:03:21.837507,KXBTCD-25MAY2122-T110499.99,DELTA,32,100,37,13,577,yes,26,5
2025-05-21T18:03:21.838046,KXBTCD-25MAY2122-T110499.99,DELTA,32,100,37,4,578,no,63,-9
2025-05-21T18:03:22.299543,KXBTCD-25MAY2122-T110499.99,DELTA,26,5,37,4,579,yes,32,-100
2025-05-21T18:03:22.300346,KXBTCD-25MAY2122-T110499.99,DELTA,26,5,37,4,580,no,61,-100
2025-05-21T18:03:22.356974,KXBTCD-25MAY2122-T110499.99,DELTA,26,5,37,4,581,no,62,-1000
2025-05-21T18:03:22.397155,KXBTCD-25MAY2122-T110499.99,DELTA,26,29,37,4,582,yes,26,24
2025-05-21T18:03:22.398559,KXBTCD-25MAY2122-T110499.99,DELTA,26,29,37,4,583,no,57,24
2025-05-21T18:03:22.399229,KXBTCD-25MAY2122-T110499.99,DELTA,26,29,37,4,584,no,41,1000
2025-05-21T18:03:22.417185,KXBTCD-25MAY2122-T110499.99,DELTA,26,29,37,4,585,yes,11,9
2025-05-21T18:03:22.418434,KXBTCD-25MAY2122-T110499.99,DELTA,26,29,37,4,586,yes,25,-24
2025-05-21T18:03:22.437220,KXBTCD-25MAY2122-T110499.99,DELTA,26,29,37,4,587,no,58,-24
2025-05-21T18:03:22.456590,KXBTCD-25MAY2122-T110499.99,DELTA,26,29,37,13,588,no,63,9
2025-05-21T18:03:22.457528,KXBTCD-25MAY2122-T110499.99,DELTA,27,1000,37,13,589,yes,27,1000
2025-05-21T18:03:22.476412,KXBTCD-25MAY2122-T110499.99,DELTA,28,24,37,13,590,yes,28,24
2025-05-21T18:03:22.477018,KXBTCD-25MAY2122-T110499.99,DELTA,28,24,37,13,591,yes,26,-24
2025-05-21T18:03:22.497111,KXBTCD-25MAY2122-T110499.99,DELTA,28,24,37,13,592,no,55,24
2025-05-21T18:03:22.497695,KXBTCD-25MAY2122-T110499.99,DELTA,28,24,37,13,593,no,57,-24
2025-05-21T18:03:22.557072,KXBTCD-25MAY2122-T110499.99,DELTA,28,24,37,13,594,yes,27,-1000
2025-05-21T18:03:22.597152,KXBTCD-25MAY2122-T110499.99,DELTA,28,24,37,13,595,yes,26,-5
2025-05-21T18:03:22.616851,KXBTCD-25MAY2122-T110499.99,DELTA,28,24,37,13,596,no,50,9
2025-05-21T18:03:22.617036,KXBTCD-25MAY2122-T110499.99,DELTA,28,24,37,9,597,no,63,-4
2025-05-21T18:03:22.617120,KXBTCD-25MAY2122-T110499.99,DELTA,28,24,37,9,598,no,50,4
2025-05-21T18:03:23.356210,KXBTCD-25MAY2122-T110499.99,DELTA,35,100,37,9,599,yes,35,100
2025-05-21T18:03:23.362642,KXBTCD-25MAY2122-T110499.99,DELTA,35,100,37,9,600,no,57,100
2025-05-21T18:03:23.417272,KXBTCD-25MAY2122-T110499.99,DELTA,35,100,37,9,601,no,41,-1000
2025-05-21T18:03:23.458210,KXBTCD-25MAY2122-T110499.99,DELTA,35,100,37,9,602,no,58,1000
2025-05-21T18:03:23.496243,KXBTCD-25MAY2122-T110499.99,DELTA,35,100,42,1000,603,no,63,-9
2025-05-21T18:03:23.496717,KXBTCD-25MAY2122-T110499.99,DELTA,35,100,42,1000,604,no,50,-4
2025-05-21T18:03:23.496893,KXBTCD-25MAY2122-T110499.99,DELTA,35,100,42,1004,605,no,58,4
2025-05-21T18:03:23.517074,KXBTCD-25MAY2122-T110499.99,DELTA,35,100,42,1004,606,yes,11,-9
2025-05-21T18:03:23.517820,KXBTCD-25MAY2122-T110499.99,DELTA,35,100,42,1004,607,yes,29,5
2025-05-21T18:03:26.697759,KXBTCD-25MAY2122-T110499.99,DELTA,35,100,42,1004,608,no,24,-1350
2025-05-21T18:03:26.698505,KXBTCD-25MAY2122-T110499.99,DELTA,35,100,42,1004,609,no,10,3240
2025-05-21T18:03:26.756723,KXBTCD-25MAY2122-T110499.99,DELTA,35,100,42,1004,610,no,11,20000
2025-05-21T18:03:26.817295,KXBTCD-25MAY2122-T110499.99,DELTA,35,100,42,1004,611,no,50,-9
2025-05-21T18:03:26.817871,KXBTCD-25MAY2122-T110499.99,DELTA,35,100,42,1000,612,no,58,-4
2025-05-21T18:03:26.818175,KXBTCD-25MAY2122-T110499.99,DELTA,35,100,41,4,613,no,59,4
2025-05-21T18:03:27.497650,KXBTCD-25MAY2122-T110499.99,DELTA,35,100,41,4,614,yes,26,24
2025-05-21T18:03:27.498390,KXBTCD-25MAY2122-T110499.99,DELTA,35,100,41,4,615,yes,28,-24
2025-05-21T18:03:27.498955,KXBTCD-25MAY2122-T110499.99,DELTA,35,100,41,4,616,no,57,24
2025-05-21T18:03:27.499767,KXBTCD-25MAY2122-T110499.99,DELTA,35,100,41,4,617,no,55,-24
2025-05-21T18:03:27.577726,KXBTCD-25MAY2122-T110499.99,DELTA,35,100,41,4,618,no,57,-100
2025-05-21T18:03:27.616764,KXBTCD-25MAY2122-T110499.99,DELTA,35,100,41,4,619,yes,29,-5
2025-05-21T18:03:27.616967,KXBTCD-25MAY2122-T110499.99,DELTA,35,100,41,4,620,yes,27,5
2025-05-21T18:03:27.676980,KXBTCD-25MAY2122-T110499.99,DELTA,35,100,41,4,621,no,58,-1000
2025-05-21T18:03:27.717669,KXBTCD-25MAY2122-T110499.99,DELTA,35,100,41,4,622,no,41,1000
2025-05-21T18:03:27.717828,KXBTCD-25MAY2122-T110499.99,DELTA,35,100,41,4,623,yes,25,24
2025-05-21T18:03:27.738631,KXBTCD-25MAY2122-T110499.99,DELTA,35,100,41,4,624,yes,26,-24
2025-05-21T18:03:27.738971,KXBTCD-25MAY2122-T110499.99,DELTA,35,100,41,4,625,no,58,24
2025-05-21T18:03:27.739105,KXBTCD-25MAY2122-T110499.99,DELTA,35,100,41,4,626,no,57,-24
2025-05-21T18:03:28.077642,KXBTCD-25MAY2122-T110499.99,DELTA,35,100,41,4,627,no,9,-8000
2025-05-21T18:03:28.117208,KXBTCD-25MAY2122-T110499.99,DELTA,35,100,41,4,628,no,10,8000
2025-05-21T18:03:28.319083,KXBTCD-25MAY2122-T110499.99,DELTA,27,5,41,4,629,yes,35,-100
2025-05-21T18:03:28.336935,KXBTCD-25MAY2122-T110499.99,DELTA,27,5,41,104,630,no,59,100
2025-05-21T18:03:28.397684,KXBTCD-25MAY2122-T110499.99,DELTA,27,5,41,104,631,no,41,-1000
2025-05-21T18:03:28.440392,KXBTCD-25MAY2122-T110499.99,DELTA,27,5,40,1000,632,no,60,1000
2025-05-21T18:03:28.457816,KXBTCD-25MAY2122-T110499.99,DELTA,27,5,40,1000,633,yes,11,5
2025-05-21T18:03:28.458724,KXBTCD-25MAY2122-T110499.99,DELTA,27,5,40,1000,634,no,59,-4
2025-05-21T18:03:28.459499,KXBTCD-25MAY2122-T110499.99,DELTA,27,5,40,1000,635,no,50,4
2025-05-21T18:03:28.460156,KXBTCD-25MAY2122-T110499.99,DELTA,25,24,40,1000,636,yes,27,-5
2025-05-21T18:03:28.478454,KXBTCD-25MAY2122-T110499.99,DELTA,25,24,40,1000,637,no,50,9
2025-05-21T18:03:28.998151,KXBTCD-25MAY2122-T110499.99,DELTA,25,24,40,1000,638,no,10,-8000
2025-05-21T18:03:29.057913,KXBTCD-25MAY2122-T110499.99,DELTA,25,24,40,1000,639,no,59,-100
2025-05-21T18:03:29.058550,KXBTCD-25MAY2122-T110499.99,DELTA,25,24,40,1000,640,no,11,8000
2025-05-21T18:03:29.117835,KXBTCD-25MAY2122-T110499.99,DELTA,25,24,42,24,641,no,60,-1000
2025-05-21T18:03:29.136941,KXBTCD-25MAY2122-T110499.99,DELTA,25,24,42,24,642,yes,11,9
2025-05-21T18:03:29.137554,KXBTCD-25MAY2122-T110499.99,DELTA,25,24,39,9,643,no,61,9
2025-05-21T18:03:29.157101,KXBTCD-25MAY2122-T110499.99,DELTA,25,24,39,9,644,no,41,1000
2025-05-21T18:03:29.257240,KXBTCD-25MAY2122-T110499.99,DELTA,25,24,39,9,645,no,10,-3240
2025-05-21T18:03:29.257436,KXBTCD-25MAY2122-T110499.99,DELTA,25,24,39,9,646,no,12,2700
2025-05-21T18:03:29.317776,KXBTCD-25MAY2122-T110499.99,DELTA,25,24,39,9,647,no,11,-20000
2025-05-21T18:03:29.557721,KXBTCD-25MAY2122-T110499.99,DELTA,32,100,39,9,648,yes,32,100
2025-05-21T18:03:29.677931,KXBTCD-25MAY2122-T110499.99,DELTA,32,100,39,9,649,yes,11,-9
2025-05-21T18:03:29.699854,KXBTCD-25MAY2122-T110499.99,DELTA,32,100,42,24,650,no,61,-9
2025-05-21T18:03:30.278022,KXBTCD-25MAY2122-T110499.99,DELTA,32,100,40,100,651,no,60,100
2025-05-21T18:03:30.337027,KXBTCD-25MAY2122-T110499.99,DELTA,32,100,40,100,652,no,41,-1000
2025-05-21T18:03:30.399656,KXBTCD-25MAY2122-T110499.99,DELTA,32,100,39,1000,653,no,61,1000
2025-05-21T18:03:30.417274,KXBTCD-25MAY2122-T110499.99,DELTA,32,100,39,1000,654,yes,11,-5
2025-05-21T18:03:30.468675,KXBTCD-25MAY2122-T110499.99,DELTA,32,100,39,1000,655,yes,26,5
2025-05-21T18:03:30.497916,KXBTCD-25MAY2122-T110499.99,DELTA,32,100,39,1000,656,no,50,-4
2025-05-21T18:03:30.498560,KXBTCD-25MAY2122-T110499.99,DELTA,32,100,39,1004,657,no,61,4
2025-05-21T18:03:35.080004,KXBTCD-25MAY2122-T110499.99,DELTA,26,5,39,1004,658,yes,32,-100
2025-05-21T18:03:35.218161,KXBTCD-25MAY2122-T110499.99,DELTA,26,5,39,1004,659,no,50,-9
2025-05-21T18:03:35.218799,KXBTCD-25MAY2122-T110499.99,DELTA,25,24,39,1004,660,yes,26,-5
2025-05-21T18:03:35.240485,KXBTCD-25MAY2122-T110499.99,DELTA,25,24,39,1004,661,yes,11,9
2025-05-21T18:03:35.241404,KXBTCD-25MAY2122-T110499.99,DELTA,25,24,38,9,662,no,62,9
2025-05-21T18:03:35.242095,KXBTCD-25MAY2122-T110499.99,DELTA,25,24,38,9,663,no,61,-4
2025-05-21T18:03:35.242634,KXBTCD-25MAY2122-T110499.99,DELTA,25,24,38,13,664,no,62,4
2025-05-21T18:03:35.258078,KXBTCD-25MAY2122-T110499.99,DELTA,25,24,38,13,665,yes,11,5
2025-05-21T18:03:35.800949,KXBTCD-25MAY2122-T110499.99,DELTA,11,14,38,13,666,yes,25,-24
2025-05-21T18:03:35.801664,KXBTCD-25MAY2122-T110499.99,DELTA,11,14,38,13,667,no,58,-24
2025-05-21T18:03:35.835440,KXBTCD-25MAY2122-T110499.99,DELTA,26,24,38,13,668,yes,26,24
2025-05-21T18:03:35.836074,KXBTCD-25MAY2122-T110499.99,DELTA,26,24,38,13,669,no,57,24
2025-05-21T18:03:35.917113,KXBTCD-25MAY2122-T110499.99,DELTA,28,24,38,13,670,yes,28,24
2025-05-21T18:03:35.917323,KXBTCD-25MAY2122-T110499.99,DELTA,28,24,38,13,671,yes,26,-24
2025-05-21T18:03:35.917438,KXBTCD-25MAY2122-T110499.99,DELTA,28,24,38,4,672,no,62,-9
2025-05-21T18:03:35.917539,KXBTCD-25MAY2122-T110499.99,DELTA,28,24,38,4,673,no,57,-24
2025-05-21T18:03:35.917635,KXBTCD-25MAY2122-T110499.99,DELTA,28,24,38,4,674,no,55,24
2025-05-21T18:03:35.917726,KXBTCD-25MAY2122-T110499.99,DELTA,28,24,38,4,675,yes,11,-9
2025-05-21T18:03:36.017859,KXBTCD-25MAY2122-T110499.99,DELTA,28,24,38,4,676,yes,11,-5
2025-05-21T18:03:36.038070,KXBTCD-25MAY2122-T110499.99,DELTA,28,24,38,4,677,yes,12,5
2025-05-21T18:03:36.117971,KXBTCD-25MAY2122-T110499.99,DELTA,28,24,38,4,678,yes,12,-5
2025-05-21T18:03:36.192330,KXBTCD-25MAY2122-T110499.99,DELTA,32,100,38,4,679,yes,32,100
2025-05-21T18:03:36.358609,KXBTCD-25MAY2122-T110499.99,DELTA,28,24,38,4,680,yes,32,-100
2025-05-21T18:03:36.477629,KXBTCD-25MAY2122-T110499.99,DELTA,28,24,38,4,681,yes,11,9
2025-05-21T18:03:36.478761,KXBTCD-25MAY2122-T110499.99,DELTA,28,24,38,13,682,no,62,9
2025-05-21T18:03:36.639091,KXBTCD-25MAY2122-T110499.99,DELTA,28,24,38,13,683,no,60,-100
2025-05-21T18:03:36.699231,KXBTCD-25MAY2122-T110499.99,DELTA,28,24,38,13,684,no,61,-1000
2025-05-21T18:03:36.757016,KXBTCD-25MAY2122-T110499.99,DELTA,28,24,38,13,685,no,41,1000
2025-05-21T18:03:36.878855,KXBTCD-25MAY2122-T110499.99,DELTA,11,9,38,13,686,yes,28,-24
2025-05-21T18:03:36.879900,KXBTCD-25MAY2122-T110499.99,DELTA,30,24,38,13,687,yes,30,24
2025-05-21T18:03:36.880632,KXBTCD-25MAY2122-T110499.99,DELTA,30,24,38,13,688,no,55,-24
2025-05-21T18:03:36.896653,KXBTCD-25MAY2122-T110499.99,DELTA,30,24,38,13,689,no,53,24
2025-05-21T18:03:36.918008,KXBTCD-25MAY2122-T110499.99,DELTA,30,24,38,13,690,no,49,-3000
2025-05-21T18:03:36.956524,KXBTCD-25MAY2122-T110499.99,DELTA,30,24,38,13,691,no,41,3000
2025-05-21T18:03:37.098271,KXBTCD-25MAY2122-T110499.99,DELTA,30,24,38,4,692,no,62,-9
2025-05-21T18:03:37.098958,KXBTCD-25MAY2122-T110499.99,DELTA,30,24,38,4,693,no,50,9
2025-05-21T18:03:37.705272,KXBTCD-25MAY2122-T110499.99,DELTA,36,100,38,4,694,yes,36,100
2025-05-21T18:03:37.705455,KXBTCD-25MAY2122-T110499.99,DELTA,36,100,38,4,695,no,56,100
2025-05-21T18:03:37.776833,KXBTCD-25MAY2122-T110499.99,DELTA,36,100,38,4,696,no,41,-1000
2025-05-21T18:03:37.820076,KXBTCD-25MAY2122-T110499.99,DELTA,36,100,38,4,697,yes,11,-9
2025-05-21T18:03:37.820356,KXBTCD-25MAY2122-T110499.99,DELTA,37,9,38,4,698,yes,37,9
2025-05-21T18:03:37.839164,KXBTCD-25MAY2122-T110499.99,DELTA,37,9,38,4,699,no,57,1000
2025-05-21T18:03:37.839684,KXBTCD-25MAY2122-T110499.99,DELTA,37,9,38,4,700,no,50,-9
2025-05-21T18:03:37.839970,KXBTCD-25MAY2122-T110499.99,DELTA,37,9,38,4,701,no,42,9
2025-05-21T18:03:37.959119,KXBTCD-25MAY2122-T110499.99,DELTA,37,9,38,4,702,yes,30,-24
2025-05-21T18:03:37.960224,KXBTCD-25MAY2122-T110499.99,DELTA,37,9,38,4,703,yes,31,24
2025-05-21T18:03:37.976682,KXBTCD-25MAY2122-T110499.99,DELTA,37,9,38,4,704,no,51,24
2025-05-21T18:03:37.977447,KXBTCD-25MAY2122-T110499.99,DELTA,37,9,38,4,705,no,53,-24
2025-05-21T18:03:38.098368,KXBTCD-25MAY2122-T110499.99,DELTA,37,9,38,4,706,yes,32,5
2025-05-21T18:03:38.100178,KXBTCD-25MAY2122-T110499.99,DELTA,37,9,43,1000,707,no,62,-4
2025-05-21T18:03:38.100804,KXBTCD-25MAY2122-T110499.99,DELTA,37,9,42,4,708,no,58,4
2025-05-21T18:03:38.198025,KXBTCD-25MAY2122-T110499.99,DELTA,36,100,42,4,709,yes,37,-9
2025-05-21T18:03:38.517390,KXBTCD-25MAY2122-T110499.99,DELTA,36,100,42,4,710,no,56,-100
2025-05-21T18:03:38.517817,KXBTCD-25MAY2122-T110499.99,DELTA,32,5,42,4,711,yes,36,-100
2025-05-21T18:03:38.577472,KXBTCD-25MAY2122-T110499.99,DELTA,32,5,42,4,712,no,42,-9
2025-05-21T18:03:38.578330,KXBTCD-25MAY2122-T110499.99,DELTA,32,5,42,4,713,no,57,-1000
2025-05-21T18:03:38.640457,KXBTCD-25MAY2122-T110499.99,DELTA,32,5,42,4,714,no,41,1000
2025-05-21T18:03:38.716523,KXBTCD-25MAY2122-T110499.99,DELTA,32,5,42,4,715,yes,11,9
2025-05-21T18:03:38.718753,KXBTCD-25MAY2122-T110499.99,DELTA,32,5,42,13,716,no,58,9
2025-05-21T18:03:38.817603,KXBTCD-25MAY2122-T110499.99,DELTA,32,5,42,4,717,no,58,-9
2025-05-21T18:03:38.818609,KXBTCD-25MAY2122-T110499.99,DELTA,32,5,42,4,718,no,42,9
2025-05-21T18:03:38.897430,KXBTCD-25MAY2122-T110499.99,DELTA,31,24,42,4,719,yes,32,-5
2025-05-21T18:03:39.478710,KXBTCD-25MAY2122-T110499.99,DELTA,31,24,42,4,720,no,40,-200
2025-05-21T18:03:39.479665,KXBTCD-25MAY2122-T110499.99,DELTA,31,24,42,4,721,no,30,200
2025-05-21T18:03:39.538530,KXBTCD-25MAY2122-T110499.99,DELTA,31,24,42,4,722,no,41,-2000
2025-05-21T18:03:39.557942,KXBTCD-25MAY2122-T110499.99,DELTA,31,24,42,4,723,no,41,-1000
2025-05-21T18:03:39.597794,KXBTCD-25MAY2122-T110499.99,DELTA,31,24,42,4,724,no,31,1000
2025-05-21T18:03:39.598693,KXBTCD-25MAY2122-T110499.99,DELTA,31,24,42,4,725,no,31,2000
2025-05-21T18:03:39.677567,KXBTCD-25MAY2122-T110499.99,DELTA,31,24,49,24,726,no,58,-4
2025-05-21T18:03:39.678405,KXBTCD-25MAY2122-T110499.99,DELTA,31,24,49,24,727,no,42,4
2025-05-21T18:03:39.697310,KXBTCD-25MAY2122-T110499.99,DELTA,31,24,49,24,728,yes,11,5
2025-05-21T18:03:39.698563,KXBTCD-25MAY2122-T110499.99,DELTA,31,24,49,24,729,no,42,9
2025-05-21T18:03:39.749439,KXBTCD-25MAY2122-T110499.99,DELTA,37,100,49,24,730,yes,37,100
2025-05-21T18:03:39.750514,KXBTCD-25MAY2122-T110499.99,DELTA,37,100,45,100,731,no,55,100
2025-05-21T18:03:39.798408,KXBTCD-25MAY2122-T110499.99,DELTA,37,100,45,100,732,no,31,-1000
2025-05-21T18:03:39.863981,KXBTCD-25MAY2122-T110499.99,DELTA,37,100,44,1000,733,no,56,1000
2025-05-21T18:03:40.998109,KXBTCD-25MAY2122-T110499.99,DELTA,37,100,44,1000,734,no,30,-200
2025-05-21T18:03:40.999109,KXBTCD-25MAY2122-T110499.99,DELTA,37,100,44,1000,735,no,40,200
2025-05-21T18:03:41.057537,KXBTCD-25MAY2122-T110499.99,DELTA,37,100,44,1000,736,no,31,-2000
2025-05-21T18:03:41.097943,KXBTCD-25MAY2122-T110499.99,DELTA,37,100,44,1000,737,no,41,2000
2025-05-21T18:03:41.158021,KXBTCD-25MAY2122-T110499.99,DELTA,37,100,44,1000,738,no,42,-4
2025-05-21T18:03:41.158964,KXBTCD-25MAY2122-T110499.99,DELTA,37,100,43,4,739,no,57,4
2025-05-21T18:03:41.159740,KXBTCD-25MAY2122-T110499.99,DELTA,37,100,43,4,740,yes,11,-9
2025-05-21T18:03:41.160114,KXBTCD-25MAY2122-T110499.99,DELTA,37,100,43,4,741,yes,11,-5
2025-05-21T18:03:41.177967,KXBTCD-25MAY2122-T110499.99,DELTA,37,100,43,4,742,yes,32,5
2025-05-21T18:03:41.197744,KXBTCD-25MAY2122-T110499.99,DELTA,37,100,43,4,743,no,42,-9
2025-05-21T18:03:41.198465,KXBTCD-25MAY2122-T110499.99,DELTA,37,100,43,4,744,no,42,-9
2025-05-21T18:03:44.397423,KXBTCD-25MAY2122-T110499.99,DELTA,37,100,43,4,745,no,55,-100
2025-05-21T18:03:44.458714,KXBTCD-25MAY2122-T110499.99,DELTA,37,100,43,4,746,no,56,-1000
2025-05-21T18:03:44.518450,KXBTCD-25MAY2122-T110499.99,DELTA,37,100,43,4,747,no,41,1000
2025-05-21T18:03:45.079913,KXBTCD-25MAY2122-T110499.99,DELTA,37,100,43,4,748,no,41,-2000
2025-05-21T18:03:45.085674,KXBTCD-25MAY2122-T110499.99,DELTA,37,100,43,4,749,no,41,-1000
2025-05-21T18:03:45.097903,KXBTCD-25MAY2122-T110499.99,DELTA,37,100,43,4,750,yes,4,-3000
2025-05-21T18:03:45.098520,KXBTCD-25MAY2122-T110499.99,DELTA,37,100,43,4,751,yes,33,24
2025-05-21T18:03:45.118067,KXBTCD-25MAY2122-T110499.99,DELTA,37,100,43,4,752,yes,31,-24
2025-05-21T18:03:45.118356,KXBTCD-25MAY2122-T110499.99,DELTA,37,100,43,4,753,no,50,24
2025-05-21T18:03:45.118707,KXBTCD-25MAY2122-T110499.99,DELTA,37,100,43,4,754,no,51,-24
2025-05-21T18:03:45.146982,KXBTCD-25MAY2122-T110499.99,DELTA,37,100,43,4,755,yes,13,3000
2025-05-21T18:03:45.147609,KXBTCD-25MAY2122-T110499.99,DELTA,37,100,43,4,756,no,40,-200
2025-05-21T18:03:45.147933,KXBTCD-25MAY2122-T110499.99,DELTA,37,100,43,4,757,no,30,200
2025-05-21T18:03:45.238183,KXBTCD-25MAY2122-T110499.99,DELTA,37,100,43,4,758,yes,33,-24
2025-05-21T18:03:45.238895,KXBTCD-25MAY2122-T110499.99,DELTA,37,100,43,4,759,yes,35,24
2025-05-21T18:03:45.239386,KXBTCD-25MAY2122-T110499.99,DELTA,37,100,43,4,760,no,48,24
2025-05-21T18:03:45.240207,KXBTCD-25MAY2122-T110499.99,DELTA,37,100,43,4,761,no,50,-24
2025-05-21T18:03:45.240635,KXBTCD-25MAY2122-T110499.99,DELTA,37,100,43,4,762,no,42,9
2025-05-21T18:03:45.268279,KXBTCD-25MAY2122-T110499.99,DELTA,38,9,43,4,763,yes,38,9
2025-05-21T18:03:45.321256,KXBTCD-25MAY2122-T110499.99,DELTA,38,9,43,4,764,yes,37,-100
2025-05-21T18:03:45.358460,KXBTCD-25MAY2122-T110499.99,DELTA,38,9,43,4,765,yes,14,5
2025-05-21T18:03:45.359056,KXBTCD-25MAY2122-T110499.99,DELTA,38,9,52,24,766,no,57,-4
2025-05-21T18:03:45.359539,KXBTCD-25MAY2122-T110499.99,DELTA,38,9,52,24,767,no,42,4
2025-05-21T18:03:45.360037,KXBTCD-25MAY2122-T110499.99,DELTA,38,9,52,24,768,yes,32,-5
2025-05-21T18:03:45.360490,KXBTCD-25MAY2122-T110499.99,DELTA,38,9,52,24,769,no,42,9
2025-05-21T18:03:45.418375,KXBTCD-25MAY2122-T110499.99,DELTA,38,9,52,24,770,yes,10,200
2025-05-21T18:03:45.518627,KXBTCD-25MAY2122-T110499.99,DELTA,38,9,52,24,771,no,31,1000
2025-05-21T18:03:45.520515,KXBTCD-25MAY2122-T110499.99,DELTA,38,9,52,24,772,no,31,2000
2025-05-21T18:03:45.642391,KXBTCD-25MAY2122-T110499.99,DELTA,35,24,52,24,773,yes,38,-9
2025-05-21T18:03:45.643314,KXBTCD-25MAY2122-T110499.99,DELTA,35,24,52,24,774,yes,14,9
2025-05-21T18:03:45.745230,KXBTCD-25MAY2122-T110499.99,DELTA,35,24,46,100,775,no,54,100
2025-05-21T18:03:45.745846,KXBTCD-25MAY2122-T110499.99,DELTA,35,24,46,100,776,yes,11,2000
2025-05-21T18:03:45.758564,KXBTCD-25MAY2122-T110499.99,DELTA,35,24,46,100,777,yes,11,1000
2025-05-21T18:03:45.817913,KXBTCD-25MAY2122-T110499.99,DELTA,35,24,46,100,778,no,31,-1000
2025-05-21T18:03:45.862171,KXBTCD-25MAY2122-T110499.99,DELTA,35,24,45,1000,779,no,55,1000
2025-05-21T18:03:46.407585,KXBTCD-25MAY2122-T110499.99,DELTA,35,24,45,1000,780,no,54,-100
2025-05-21T18:03:46.467487,KXBTCD-25MAY2122-T110499.99,DELTA,35,24,52,24,781,no,55,-1000
2025-05-21T18:03:46.497701,KXBTCD-25MAY2122-T110499.99,DELTA,35,24,52,24,782,no,31,1000
2025-05-21T18:03:46.537518,KXBTCD-25MAY2122-T110499.99,DELTA,35,24,52,24,783,no,42,-9
2025-05-21T18:03:46.538135,KXBTCD-25MAY2122-T110499.99,DELTA,35,24,52,24,784,no,42,-9
2025-05-21T18:03:46.538644,KXBTCD-25MAY2122-T110499.99,DELTA,35,24,44,9,785,no,56,9
2025-05-21T18:03:46.564578,KXBTCD-25MAY2122-T110499.99,DELTA,35,24,44,9,786,no,42,-4
2025-05-21T18:03:46.565722,KXBTCD-25MAY2122-T110499.99,DELTA,35,24,44,13,787,no,56,4
2025-05-21T18:03:46.566458,KXBTCD-25MAY2122-T110499.99,DELTA,40,100,44,13,788,yes,40,100
2025-05-21T18:03:47.624597,KXBTCD-25MAY2122-T110499.99,DELTA,40,100,44,13,789,no,52,100
2025-05-21T18:03:47.624814,KXBTCD-25MAY2122-T110499.99,DELTA,40,100,44,13,790,no,31,-1000
2025-05-21T18:03:47.657005,KXBTCD-25MAY2122-T110499.99,DELTA,40,100,44,13,791,no,53,1000
2025-05-21T18:03:47.697290,KXBTCD-25MAY2122-T110499.99,DELTA,40,100,44,13,792,yes,36,5
2025-05-21T18:03:47.718207,KXBTCD-25MAY2122-T110499.99,DELTA,40,100,44,9,793,no,56,-4
2025-05-21T18:03:47.718323,KXBTCD-25MAY2122-T110499.99,DELTA,40,100,44,9,794,no,53,4
2025-05-21T18:03:47.718400,KXBTCD-25MAY2122-T110499.99,DELTA,40,100,44,9,795,yes,14,-9
2025-05-21T18:03:47.718470,KXBTCD-25MAY2122-T110499.99,DELTA,40,100,47,1004,796,no,56,-9
2025-05-21T18:03:47.718535,KXBTCD-25MAY2122-T110499.99,DELTA,40,100,47,1004,797,yes,14,-5
2025-05-21T18:03:47.724129,KXBTCD-25MAY2122-T110499.99,DELTA,40,100,47,1004,798,no,42,9
2025-05-21T18:03:48.797948,KXBTCD-25MAY2122-T110499.99,DELTA,40,100,47,1004,799,no,52,-100
2025-05-21T18:03:48.857988,KXBTCD-25MAY2122-T110499.99,DELTA,40,100,47,4,800,no,53,-1000
2025-05-21T18:03:48.896910,KXBTCD-25MAY2122-T110499.99,DELTA,40,100,47,4,801,no,31,1000
2025-05-21T18:03:48.938045,KXBTCD-25MAY2122-T110499.99,DELTA,40,100,52,24,802,no,53,-4
2025-05-21T18:03:48.938951,KXBTCD-25MAY2122-T110499.99,DELTA,40,100,46,4,803,no,54,4
2025-05-21T18:03:48.939627,KXBTCD-25MAY2122-T110499.99,DELTA,40,100,46,4,804,no,42,-9
2025-05-21T18:03:50.493717,KXBTCD-25MAY2122-T110499.99,DELTA,40,100,46,4,805,no,52,100
2025-05-21T18:03:50.494649,KXBTCD-25MAY2122-T110499.99,DELTA,40,100,46,4,806,no,31,-1000
2025-05-21T18:03:50.536896,KXBTCD-25MAY2122-T110499.99,DELTA,40,100,46,4,807,no,53,1000
2025-05-21T18:03:50.576228,KXBTCD-25MAY2122-T110499.99,DELTA,40,100,47,1000,808,no,54,-4
2025-05-21T18:03:50.577055,KXBTCD-25MAY2122-T110499.99,DELTA,40,100,47,1004,809,no,53,4
2025-05-21T18:03:50.597486,KXBTCD-25MAY2122-T110499.99,DELTA,40,100,47,1004,810,no,42,9
2025-05-21T18:03:51.012562,KXBTCD-25MAY2122-T110499.99,DELTA,40,100,47,1004,811,yes,35,-24
2025-05-21T18:03:51.013472,KXBTCD-25MAY2122-T110499.99,DELTA,40,100,47,1004,812,yes,36,24
2025-05-21T18:03:51.016906,KXBTCD-25MAY2122-T110499.99,DELTA,40,100,47,1004,813,no,46,24
2025-05-21T18:03:51.018198,KXBTCD-25MAY2122-T110499.99,DELTA,40,100,47,1004,814,no,48,-24
2025-05-21T18:03:51.077709,KXBTCD-25MAY2122-T110499.99,DELTA,40,100,47,1004,815,yes,11,-1000
2025-05-21T18:03:51.118116,KXBTCD-25MAY2122-T110499.99,DELTA,40,100,47,1004,816,yes,36,1000
2025-05-21T18:03:51.258214,KXBTCD-25MAY2122-T110499.99,DELTA,36,1029,47,1004,817,yes,40,-100
2025-05-21T18:03:51.397718,KXBTCD-25MAY2122-T110499.99,DELTA,36,1024,47,1004,818,yes,36,-5
2025-05-21T18:03:51.399393,KXBTCD-25MAY2122-T110499.99,DELTA,36,1024,47,1000,819,no,53,-4
2025-05-21T18:03:51.400022,KXBTCD-25MAY2122-T110499.99,DELTA,36,1024,46,4,820,no,54,4
2025-05-21T18:03:51.400554,KXBTCD-25MAY2122-T110499.99,DELTA,36,1024,46,4,821,no,42,-9
2025-05-21T18:03:51.419210,KXBTCD-25MAY2122-T110499.99,DELTA,36,24,46,4,822,yes,36,-1000
2025-05-21T18:03:51.477049,KXBTCD-25MAY2122-T110499.99,DELTA,36,24,46,4,823,yes,11,1000
2025-05-21T18:03:51.557373,KXBTCD-25MAY2122-T110499.99,DELTA,36,24,46,13,824,no,54,9
2025-05-21T18:03:51.583185,KXBTCD-25MAY2122-T110499.99,DELTA,36,24,46,13,825,yes,14,9
2025-05-21T18:03:52.297049,KXBTCD-25MAY2122-T110499.99,DELTA,41,100,46,13,826,yes,41,100
2025-05-21T18:03:52.417502,KXBTCD-25MAY2122-T110499.99,DELTA,41,100,46,13,827,yes,14,-9
2025-05-21T18:03:52.418943,KXBTCD-25MAY2122-T110499.99,DELTA,41,100,46,13,828,yes,37,5
2025-05-21T18:03:52.419496,KXBTCD-25MAY2122-T110499.99,DELTA,41,100,46,4,829,no,54,-9
2025-05-21T18:03:53.478541,KXBTCD-25MAY2122-T110499.99,DELTA,37,5,46,4,830,yes,41,-100
2025-05-21T18:03:53.479575,KXBTCD-25MAY2122-T110499.99,DELTA,36,24,46,4,831,yes,37,-5
2025-05-21T18:03:53.480297,KXBTCD-25MAY2122-T110499.99,DELTA,13,3000,46,4,832,yes,36,-24
2025-05-21T18:03:53.480952,KXBTCD-25MAY2122-T110499.99,DELTA,13,2985,46,4,833,yes,13,-15
2025-05-21T18:03:53.542822,KXBTCD-25MAY2122-T110499.99,DELTA,13,2985,46,4,834,no,46,-24
2025-05-21T18:03:53.557795,KXBTCD-25MAY2122-T110499.99,DELTA,30,24,46,4,835,yes,30,24
2025-05-21T18:03:53.558729,KXBTCD-25MAY2122-T110499.99,DELTA,30,24,46,4,836,no,51,24
2025-05-21T18:03:53.598394,KXBTCD-25MAY2122-T110499.99,DELTA,30,24,46,4,837,yes,14,9
2025-05-21T18:03:53.617557,KXBTCD-25MAY2122-T110499.99,DELTA,30,24,46,13,838,no,54,9
2025-05-21T18:03:53.797204,KXBTCD-25MAY2122-T110499.99,DELTA,30,24,46,13,839,no,12,-2700
2025-05-21T18:03:53.798329,KXBTCD-25MAY2122-T110499.99,DELTA,30,24,46,13,840,no,11,2945
2025-05-21T18:03:54.337120,KXBTCD-25MAY2122-T110499.99,DELTA,30,24,46,13,841,no,52,-100
2025-05-21T18:03:54.396365,KXBTCD-25MAY2122-T110499.99,DELTA,30,24,46,13,842,no,53,-1000
2025-05-21T18:03:54.448269,KXBTCD-25MAY2122-T110499.99,DELTA,30,24,46,13,843,no,31,1000
2025-05-21T18:03:54.470876,KXBTCD-25MAY2122-T110499.99,DELTA,30,24,46,9,844,no,54,-4
2025-05-21T18:03:54.471365,KXBTCD-25MAY2122-T110499.99,DELTA,30,24,46,18,845,no,54,9
2025-05-21T18:03:54.989792,KXBTCD-25MAY2122-T110499.99,DELTA,38,100,46,18,846,yes,38,100
2025-05-21T18:03:55.081051,KXBTCD-25MAY2122-T110499.99,DELTA,38,100,46,9,847,no,54,-9
2025-05-21T18:03:55.097969,KXBTCD-25MAY2122-T110499.99,DELTA,38,100,46,9,848,yes,14,-9
2025-05-21T18:03:55.219674,KXBTCD-25MAY2122-T110499.99,DELTA,38,100,46,9,849,no,42,9
2025-05-21T18:03:55.220617,KXBTCD-25MAY2122-T110499.99,DELTA,38,100,49,24,850,no,54,-9
2025-05-21T18:03:55.221150,KXBTCD-25MAY2122-T110499.99,DELTA,38,100,49,24,851,no,42,9
2025-05-21T18:03:55.319144,KXBTCD-25MAY2122-T110499.99,DELTA,38,100,49,24,852,yes,30,-24
2025-05-21T18:03:55.320059,KXBTCD-25MAY2122-T110499.99,DELTA,38,100,49,24,853,yes,28,24
2025-05-21T18:03:55.337641,KXBTCD-25MAY2122-T110499.99,DELTA,38,100,47,24,854,no,53,24
2025-05-21T18:03:55.338284,KXBTCD-25MAY2122-T110499.99,DELTA,38,100,47,24,855,no,51,-24
2025-05-21T18:03:55.537934,KXBTCD-25MAY2122-T110499.99,DELTA,38,100,46,100,856,no,54,100
2025-05-21T18:03:55.558053,KXBTCD-25MAY2122-T110499.99,DELTA,38,100,46,100,857,yes,28,-24
2025-05-21T18:03:55.558670,KXBTCD-25MAY2122-T110499.99,DELTA,38,100,46,100,858,yes,30,24
2025-05-21T18:03:55.559280,KXBTCD-25MAY2122-T110499.99,DELTA,38,100,46,100,859,no,51,24
2025-05-21T18:03:55.559726,KXBTCD-25MAY2122-T110499.99,DELTA,38,100,46,100,860,no,53,-24
2025-05-21T18:03:55.619486,KXBTCD-25MAY2122-T110499.99,DELTA,38,100,46,100,861,no,31,-1000
2025-05-21T18:03:55.657272,KXBTCD-25MAY2122-T110499.99,DELTA,38,100,45,1000,862,no,55,1000
2025-05-21T18:03:56.058000,KXBTCD-25MAY2122-T110499.99,DELTA,38,100,45,1000,863,no,54,-100
2025-05-21T18:03:56.118532,KXBTCD-25MAY2122-T110499.99,DELTA,38,100,49,24,864,no,55,-1000
2025-05-21T18:03:56.158161,KXBTCD-25MAY2122-T110499.99,DELTA,38,100,49,24,865,no,31,1000
2025-05-21T18:03:56.179791,KXBTCD-25MAY2122-T110499.99,DELTA,38,100,49,24,866,no,42,-9
2025-05-21T18:03:56.196873,KXBTCD-25MAY2122-T110499.99,DELTA,38,100,49,24,867,no,42,-9
2025-05-21T18:03:56.197586,KXBTCD-25MAY2122-T110499.99,DELTA,38,100,44,9,868,no,56,9
2025-05-21T18:03:56.278424,KXBTCD-25MAY2122-T110499.99,DELTA,30,24,44,9,869,yes,38,-100
2025-05-21T18:03:56.497765,KXBTCD-25MAY2122-T110499.99,DELTA,30,24,44,9,870,no,11,-8000
2025-05-21T18:03:56.537930,KXBTCD-25MAY2122-T110499.99,DELTA,30,24,44,9,871,no,1,8000
2025-05-21T18:03:56.618252,KXBTCD-25MAY2122-T110499.99,DELTA,30,24,44,9,872,yes,14,9
2025-05-21T18:03:56.619229,KXBTCD-25MAY2122-T110499.99,DELTA,30,24,44,9,873,no,42,9
2025-05-21T18:03:57.138201,KXBTCD-25MAY2122-T110499.99,DELTA,31,24,44,9,874,yes,31,24
2025-05-21T18:03:57.158055,KXBTCD-25MAY2122-T110499.99,DELTA,31,24,44,9,875,yes,30,-24
2025-05-21T18:03:57.158777,KXBTCD-25MAY2122-T110499.99,DELTA,31,24,44,9,876,no,50,24
2025-05-21T18:03:57.159357,KXBTCD-25MAY2122-T110499.99,DELTA,31,24,44,9,877,no,51,-24
2025-05-21T18:03:57.298010,KXBTCD-25MAY2122-T110499.99,DELTA,31,24,50,24,878,no,56,-9
2025-05-21T18:03:57.298752,KXBTCD-25MAY2122-T110499.99,DELTA,31,24,50,24,879,no,42,9
2025-05-21T18:03:57.299291,KXBTCD-25MAY2122-T110499.99,DELTA,31,24,50,24,880,no,42,9
2025-05-21T18:03:57.299842,KXBTCD-25MAY2122-T110499.99,DELTA,31,24,50,24,881,yes,14,-9
2025-05-21T18:03:57.300388,KXBTCD-25MAY2122-T110499.99,DELTA,31,33,50,24,882,yes,31,9
2025-05-21T18:03:57.338036,KXBTCD-25MAY2122-T110499.99,DELTA,40,100,50,24,883,yes,40,100
2025-05-21T18:03:57.358080,KXBTCD-25MAY2122-T110499.99,DELTA,40,100,48,100,884,no,52,100
2025-05-21T18:03:57.358676,KXBTCD-25MAY2122-T110499.99,DELTA,40,100,48,100,885,yes,11,-1000
2025-05-21T18:03:57.376642,KXBTCD-25MAY2122-T110499.99,DELTA,40,100,48,100,886,no,31,-1000
2025-05-21T18:03:57.419847,KXBTCD-25MAY2122-T110499.99,DELTA,40,100,48,100,887,yes,32,1000
2025-05-21T18:03:57.421253,KXBTCD-25MAY2122-T110499.99,DELTA,40,100,47,1000,888,no,53,1000
2025-05-21T18:03:57.937339,KXBTCD-25MAY2122-T110499.99,DELTA,40,100,47,1000,889,no,52,-100
2025-05-21T18:03:57.997351,KXBTCD-25MAY2122-T110499.99,DELTA,40,100,50,24,890,no,53,-1000
2025-05-21T18:03:58.037887,KXBTCD-25MAY2122-T110499.99,DELTA,40,100,50,24,891,no,43,1000
2025-05-21T18:03:58.059419,KXBTCD-25MAY2122-T110499.99,DELTA,40,100,50,24,892,no,42,-9
2025-05-21T18:03:58.078463,KXBTCD-25MAY2122-T110499.99,DELTA,40,100,50,24,893,yes,31,-9
2025-05-21T18:03:58.079103,KXBTCD-25MAY2122-T110499.99,DELTA,40,100,50,24,894,no,42,-9
2025-05-21T18:03:58.079622,KXBTCD-25MAY2122-T110499.99,DELTA,40,100,46,9,895,no,54,9
2025-05-21T18:03:58.080132,KXBTCD-25MAY2122-T110499.99,DELTA,40,100,46,9,896,no,42,-9
2025-05-21T18:03:58.119617,KXBTCD-25MAY2122-T110499.99,DELTA,40,100,46,9,897,no,43,-1000
2025-05-21T18:03:58.136871,KXBTCD-25MAY2122-T110499.99,DELTA,40,100,46,9,898,yes,32,-1000
2025-05-21T18:03:58.159568,KXBTCD-25MAY2122-T110499.99,DELTA,40,100,46,9,899,no,31,1000
2025-05-21T18:03:58.178814,KXBTCD-25MAY2122-T110499.99,DELTA,40,100,46,9,900,no,11,-2945
2025-05-21T18:03:58.179623,KXBTCD-25MAY2122-T110499.99,DELTA,40,100,46,9,901,no,4,8100
2025-05-21T18:03:58.180173,KXBTCD-25MAY2122-T110499.99,DELTA,40,100,46,9,902,yes,11,1000
2025-05-21T18:03:58.439626,KXBTCD-25MAY2122-T110499.99,DELTA,40,100,46,9,903,no,5,20000
2025-05-21T18:03:59.217793,KXBTCD-25MAY2122-T110499.99,DELTA,40,100,46,9,904,no,53,100
2025-05-21T18:03:59.276751,KXBTCD-25MAY2122-T110499.99,DELTA,40,100,46,9,905,no,31,-1000
2025-05-21T18:03:59.317084,KXBTCD-25MAY2122-T110499.99,DELTA,40,100,46,1009,906,no,54,1000
2025-05-21T18:03:59.317243,KXBTCD-25MAY2122-T110499.99,DELTA,40,100,46,1009,907,no,42,9
2025-05-21T18:03:59.337064,KXBTCD-25MAY2122-T110499.99,DELTA,40,100,46,1009,908,no,41,-3000
2025-05-21T18:03:59.400411,KXBTCD-25MAY2122-T110499.99,DELTA,40,100,46,1009,909,no,34,3000
2025-05-21T18:04:00.679324,KXBTCD-25MAY2122-T110499.99,DELTA,40,100,46,1009,910,no,4,-8100
2025-05-21T18:04:00.680494,KXBTCD-25MAY2122-T110499.99,DELTA,40,100,46,1009,911,no,6,5400
2025-05-21T18:04:00.738962,KXBTCD-25MAY2122-T110499.99,DELTA,40,100,46,1009,912,no,5,-20000
2025-05-21T18:04:00.799667,KXBTCD-25MAY2122-T110499.99,DELTA,40,100,46,1000,913,no,54,-9
2025-05-21T18:04:00.800687,KXBTCD-25MAY2122-T110499.99,DELTA,40,100,45,9,914,no,55,9
2025-05-21T18:04:00.801426,KXBTCD-25MAY2122-T110499.99,DELTA,40,100,45,9,915,no,7,20000
2025-05-21T18:04:01.140855,KXBTCD-25MAY2122-T110499.99,DELTA,40,100,45,9,916,no,42,-9
2025-05-21T18:04:04.618394,KXBTCD-25MAY2122-T110499.99,DELTA,40,100,45,9,917,yes,31,-24
2025-05-21T18:04:04.638113,KXBTCD-25MAY2122-T110499.99,DELTA,40,100,45,9,918,no,50,-24
2025-05-21T18:04:04.657103,KXBTCD-25MAY2122-T110499.99,DELTA,40,100,45,9,919,yes,29,24
2025-05-21T18:04:04.657791,KXBTCD-25MAY2122-T110499.99,DELTA,40,100,45,9,920,no,52,24
2025-05-21T18:04:04.858351,KXBTCD-25MAY2122-T110499.99,DELTA,40,100,45,9,921,no,1,-8000
2025-05-21T18:04:04.898107,KXBTCD-25MAY2122-T110499.99,DELTA,40,100,45,9,922,no,2,8000
2025-05-21T18:04:05.178441,KXBTCD-25MAY2122-T110499.99,DELTA,40,100,45,9,923,no,6,-5400
2025-05-21T18:04:05.179389,KXBTCD-25MAY2122-T110499.99,DELTA,40,100,45,9,924,no,8,4050
2025-05-21T18:04:05.257815,KXBTCD-25MAY2122-T110499.99,DELTA,40,100,45,9,925,no,7,-20000
2025-05-21T18:04:05.279057,KXBTCD-25MAY2122-T110499.99,DELTA,29,24,45,9,926,yes,40,-100
2025-05-21T18:04:05.279843,KXBTCD-25MAY2122-T110499.99,DELTA,29,24,45,9,927,no,53,-100
2025-05-21T18:04:05.297370,KXBTCD-25MAY2122-T110499.99,DELTA,29,24,45,9,928,no,9,20000
2025-05-21T18:04:05.401038,KXBTCD-25MAY2122-T110499.99,DELTA,29,24,45,9,929,no,54,-1000
2025-05-21T18:04:05.457320,KXBTCD-25MAY2122-T110499.99,DELTA,29,24,45,9,930,no,31,1000
2025-05-21T18:04:05.537791,KXBTCD-25MAY2122-T110499.99,DELTA,29,24,45,9,931,no,35,9
2025-05-21T18:04:05.598688,KXBTCD-25MAY2122-T110499.99,DELTA,29,24,45,9,932,no,2,-8000
2025-05-21T18:04:05.599646,KXBTCD-25MAY2122-T110499.99,DELTA,29,24,48,24,933,no,55,-9
2025-05-21T18:04:05.600200,KXBTCD-25MAY2122-T110499.99,DELTA,29,24,48,24,934,no,35,9
2025-05-21T18:04:05.638910,KXBTCD-25MAY2122-T110499.99,DELTA,29,24,48,24,935,no,3,8000
2025-05-21T18:04:05.738148,KXBTCD-25MAY2122-T110499.99,DELTA,29,24,48,24,936,no,35,9
2025-05-21T18:04:05.739114,KXBTCD-25MAY2122-T110499.99,DELTA,29,24,48,24,937,yes,14,9
2025-05-21T18:04:05.798092,KXBTCD-25MAY2122-T110499.99,DELTA,29,24,48,24,938,no,31,-1000
2025-05-21T18:04:05.877209,KXBTCD-25MAY2122-T110499.99,DELTA,29,24,48,24,939,no,36,1000
2025-05-21T18:04:05.919591,KXBTCD-25MAY2122-T110499.99,DELTA,31,24,48,24,940,yes,31,24
2025-05-21T18:04:05.936934,KXBTCD-25MAY2122-T110499.99,DELTA,31,24,48,24,941,yes,29,-24
2025-05-21T18:04:05.937099,KXBTCD-25MAY2122-T110499.99,DELTA,31,24,48,24,942,no,51,24
2025-05-21T18:04:05.937492,KXBTCD-25MAY2122-T110499.99,DELTA,31,24,49,24,943,no,52,-24
2025-05-21T18:04:06.004196,KXBTCD-25MAY2122-T110499.99,DELTA,33,24,49,24,944,yes,33,24
2025-05-21T18:04:06.004673,KXBTCD-25MAY2122-T110499.99,DELTA,33,24,49,24,945,yes,31,-24
2025-05-21T18:04:06.004941,KXBTCD-25MAY2122-T110499.99,DELTA,33,24,49,24,946,no,49,24
2025-05-21T18:04:06.005133,KXBTCD-25MAY2122-T110499.99,DELTA,33,24,51,24,947,no,51,-24
2025-05-21T18:04:06.118012,KXBTCD-25MAY2122-T110499.99,DELTA,33,24,51,24,948,no,35,-9
2025-05-21T18:04:06.118553,KXBTCD-25MAY2122-T110499.99,DELTA,33,24,51,24,949,no,37,9
2025-05-21T18:04:06.199027,KXBTCD-25MAY2122-T110499.99,DELTA,33,24,51,24,950,no,36,-1000
2025-05-21T18:04:06.217571,KXBTCD-25MAY2122-T110499.99,DELTA,33,24,51,24,951,yes,10,-200
2025-05-21T18:04:06.218291,KXBTCD-25MAY2122-T110499.99,DELTA,33,24,51,24,952,yes,20,200
2025-05-21T18:04:06.257225,KXBTCD-25MAY2122-T110499.99,DELTA,33,24,51,24,953,no,31,1000
2025-05-21T18:04:06.277668,KXBTCD-25MAY2122-T110499.99,DELTA,33,24,51,24,954,yes,11,-2000
2025-05-21T18:04:06.297716,KXBTCD-25MAY2122-T110499.99,DELTA,33,24,51,24,955,yes,11,-1000
2025-05-21T18:04:06.337638,KXBTCD-25MAY2122-T110499.99,DELTA,33,24,51,24,956,yes,21,2000
2025-05-21T18:04:06.338368,KXBTCD-25MAY2122-T110499.99,DELTA,33,24,51,24,957,yes,21,1000
2025-05-21T18:04:06.437534,KXBTCD-25MAY2122-T110499.99,DELTA,38,100,51,24,958,yes,38,100
2025-05-21T18:04:06.438124,KXBTCD-25MAY2122-T110499.99,DELTA,38,100,46,100,959,no,54,100
2025-05-21T18:04:06.517260,KXBTCD-25MAY2122-T110499.99,DELTA,38,100,46,100,960,yes,21,-1000
2025-05-21T18:04:06.517963,KXBTCD-25MAY2122-T110499.99,DELTA,38,100,46,100,961,no,31,-1000
2025-05-21T18:04:06.577452,KXBTCD-25MAY2122-T110499.99,DELTA,39,1000,46,100,962,yes,39,1000
2025-05-21T18:04:06.578169,KXBTCD-25MAY2122-T110499.99,DELTA,39,1000,46,1100,963,no,54,1000
2025-05-21T18:04:06.596904,KXBTCD-25MAY2122-T110499.99,DELTA,39,1000,46,1100,964,no,37,-9
2025-05-21T18:04:06.617039,KXBTCD-25MAY2122-T110499.99,DELTA,39,1000,46,1100,965,yes,14,-9
2025-05-21T18:04:06.678024,KXBTCD-25MAY2122-T110499.99,DELTA,39,1000,46,1100,966,yes,38,-100
2025-05-21T18:04:06.678893,KXBTCD-25MAY2122-T110499.99,DELTA,39,1000,46,1000,967,no,54,-100
2025-05-21T18:04:06.758397,KXBTCD-25MAY2122-T110499.99,DELTA,39,1000,51,24,968,no,54,-1000
2025-05-21T18:04:06.759055,KXBTCD-25MAY2122-T110499.99,DELTA,33,24,51,24,969,yes,39,-1000
2025-05-21T18:04:06.818262,KXBTCD-25MAY2122-T110499.99,DELTA,33,24,51,24,970,no,31,1000
2025-05-21T18:04:06.819041,KXBTCD-25MAY2122-T110499.99,DELTA,33,24,51,24,971,yes,21,1000
2025-05-21T18:04:07.577824,KXBTCD-25MAY2122-T110499.99,DELTA,33,24,51,24,972,no,8,-4050
2025-05-21T18:04:07.578640,KXBTCD-25MAY2122-T110499.99,DELTA,33,24,51,24,973,no,10,3240
2025-05-21T18:04:07.657125,KXBTCD-25MAY2122-T110499.99,DELTA,33,24,51,24,974,no,9,-20000
2025-05-21T18:04:07.697564,KXBTCD-25MAY2122-T110499.99,DELTA,33,24,51,24,975,yes,22,9
2025-05-21T18:04:07.697759,KXBTCD-25MAY2122-T110499.99,DELTA,33,24,51,24,976,no,35,9
2025-05-21T18:04:07.737452,KXBTCD-25MAY2122-T110499.99,DELTA,33,24,51,24,977,no,11,20000
2025-05-21T18:04:07.777104,KXBTCD-25MAY2122-T110499.99,DELTA,33,24,51,24,978,no,31,-1000
2025-05-21T18:04:07.837176,KXBTCD-25MAY2122-T110499.99,DELTA,33,24,51,24,979,no,36,1000
2025-05-21T18:04:08.104165,KXBTCD-25MAY2122-T110499.99,DELTA,41,100,51,24,980,yes,41,100
2025-05-21T18:04:08.105143,KXBTCD-25MAY2122-T110499.99,DELTA,41,100,49,100,981,no,51,100
2025-05-21T18:04:08.137288,KXBTCD-25MAY2122-T110499.99,DELTA,41,100,49,100,982,no,36,-1000
2025-05-21T18:04:08.177956,KXBTCD-25MAY2122-T110499.99,DELTA,41,100,48,1000,983,no,52,1000
2025-05-21T18:04:08.198160,KXBTCD-25MAY2122-T110499.99,DELTA,41,100,48,1000,984,no,35,-9
2025-05-21T18:04:08.198821,KXBTCD-25MAY2122-T110499.99,DELTA,41,100,48,1000,985,yes,22,-9
2025-05-21T18:04:08.778575,KXBTCD-25MAY2122-T110499.99,DELTA,41,100,48,1000,986,no,10,-3240
2025-05-21T18:04:08.779374,KXBTCD-25MAY2122-T110499.99,DELTA,41,100,48,1000,987,no,12,2700
2025-05-21T18:04:08.838995,KXBTCD-25MAY2122-T110499.99,DELTA,41,100,48,1000,988,no,11,-20000
2025-05-21T18:04:08.878380,KXBTCD-25MAY2122-T110499.99,DELTA,41,100,48,1000,989,no,35,-9
2025-05-21T18:04:08.879428,KXBTCD-25MAY2122-T110499.99,DELTA,41,100,47,9,990,no,53,9
2025-05-21T18:04:08.900037,KXBTCD-25MAY2122-T110499.99,DELTA,41,100,47,9,991,no,35,-9
2025-05-21T18:04:09.898464,KXBTCD-25MAY2122-T110499.99,DELTA,41,100,47,9,992,no,12,-2700
2025-05-21T18:04:09.899501,KXBTCD-25MAY2122-T110499.99,DELTA,41,100,47,9,993,no,4,8100
2025-05-21T18:04:09.959197,KXBTCD-25MAY2122-T110499.99,DELTA,41,100,47,9,994,no,5,20000
2025-05-21T18:04:10.977875,KXBTCD-25MAY2122-T110499.99,DELTA,41,100,47,9,995,no,4,-8100
2025-05-21T18:04:10.978226,KXBTCD-25MAY2122-T110499.99,DELTA,41,100,47,9,996,no,6,5400
2025-05-21T18:04:11.037791,KXBTCD-25MAY2122-T110499.99,DELTA,41,100,47,9,997,no,5,-20000
2025-05-21T18:04:11.078155,KXBTCD-25MAY2122-T110499.99,DELTA,41,100,47,9,998,no,7,20000
2025-05-21T18:04:11.660513,KXBTCD-25MAY2122-T110499.99,DELTA,41,100,47,9,999,yes,20,-200
2025-05-21T18:04:11.661563,KXBTCD-25MAY2122-T110499.99,DELTA,41,100,47,9,1000,yes,10,200
2025-05-21T18:04:11.737834,KXBTCD-25MAY2122-T110499.99,DELTA,41,100,47,9,1001,yes,21,-2000
2025-05-21T18:04:11.738968,KXBTCD-25MAY2122-T110499.99,DELTA,41,100,47,9,1002,yes,21,-1000
2025-05-21T18:04:11.797675,KXBTCD-25MAY2122-T110499.99,DELTA,41,100,47,9,1003,yes,11,2000
2025-05-21T18:04:11.798832,KXBTCD-25MAY2122-T110499.99,DELTA,41,100,47,9,1004,yes,11,1000
2025-05-21T18:04:11.898230,KXBTCD-25MAY2122-T110499.99,DELTA,41,100,47,9,1005,no,51,-100
2025-05-21T18:04:11.978214,KXBTCD-25MAY2122-T110499.99,DELTA,41,100,47,9,1006,no,52,-1000
2025-05-21T18:04:12.058013,KXBTCD-25MAY2122-T110499.99,DELTA,41,100,47,9,1007,no,31,1000
2025-05-21T18:04:12.117662,KXBTCD-25MAY2122-T110499.99,DELTA,33,24,47,9,1008,yes,41,-100
2025-05-21T18:04:12.238260,KXBTCD-25MAY2122-T110499.99,DELTA,33,24,47,9,1009,no,35,9
2025-05-21T18:04:12.239019,KXBTCD-25MAY2122-T110499.99,DELTA,33,24,47,9,1010,yes,14,9
2025-05-21T18:04:12.919494,KXBTCD-25MAY2122-T110499.99,DELTA,40,100,47,9,1011,yes,40,100
2025-05-21T18:04:12.920636,KXBTCD-25MAY2122-T110499.99,DELTA,40,100,47,9,1012,no,52,100
2025-05-21T18:04:12.977990,KXBTCD-25MAY2122-T110499.99,DELTA,40,100,47,9,1013,no,31,-1000
2025-05-21T18:04:13.038376,KXBTCD-25MAY2122-T110499.99,DELTA,40,100,47,1009,1014,no,53,1000
2025-05-21T18:04:13.039260,KXBTCD-25MAY2122-T110499.99,DELTA,40,100,47,1000,1015,no,53,-9
2025-05-21T18:04:13.039768,KXBTCD-25MAY2122-T110499.99,DELTA,40,100,47,1000,1016,no,35,9
2025-05-21T18:04:13.040204,KXBTCD-25MAY2122-T110499.99,DELTA,40,100,47,1000,1017,yes,14,-9
2025-05-21T18:04:13.040606,KXBTCD-25MAY2122-T110499.99,DELTA,41,9,47,1000,1018,yes,41,9
2025-05-21T18:04:13.056896,KXBTCD-25MAY2122-T110499.99,DELTA,41,9,47,1000,1019,no,35,9
2025-05-21T18:04:13.378288,KXBTCD-25MAY2122-T110499.99,DELTA,41,9,47,1000,1020,no,52,-100
2025-05-21T18:04:13.438927,KXBTCD-25MAY2122-T110499.99,DELTA,41,9,51,24,1021,no,53,-1000
2025-05-21T18:04:13.518389,KXBTCD-25MAY2122-T110499.99,DELTA,41,9,51,24,1022,no,35,-9
2025-05-21T18:04:13.519303,KXBTCD-25MAY2122-T110499.99,DELTA,41,9,51,24,1023,no,36,1000
2025-05-21T18:04:13.577327,KXBTCD-25MAY2122-T110499.99,DELTA,41,9,51,24,1024,yes,10,-200
2025-05-21T18:04:13.578323,KXBTCD-25MAY2122-T110499.99,DELTA,41,9,51,24,1025,yes,20,200
2025-05-21T18:04:13.598697,KXBTCD-25MAY2122-T110499.99,DELTA,41,9,51,24,1026,no,36,-1000
2025-05-21T18:04:13.697380,KXBTCD-25MAY2122-T110499.99,DELTA,41,9,51,24,1027,no,31,1000
2025-05-21T18:04:13.837845,KXBTCD-25MAY2122-T110499.99,DELTA,40,100,51,24,1028,yes,41,-9
2025-05-21T18:04:13.838751,KXBTCD-25MAY2122-T110499.99,DELTA,40,100,51,24,1029,yes,11,-2000
2025-05-21T18:04:13.839253,KXBTCD-25MAY2122-T110499.99,DELTA,40,100,51,24,1030,yes,11,-1000
2025-05-21T18:04:13.878584,KXBTCD-25MAY2122-T110499.99,DELTA,40,100,51,24,1031,yes,21,2000
2025-05-21T18:04:13.879253,KXBTCD-25MAY2122-T110499.99,DELTA,40,100,51,24,1032,yes,21,1000
2025-05-21T18:04:13.999128,KXBTCD-25MAY2122-T110499.99,DELTA,41,9,51,24,1033,yes,41,9
2025-05-21T18:04:14.038782,KXBTCD-25MAY2122-T110499.99,DELTA,41,9,51,24,1034,no,35,9
2025-05-21T18:04:14.078343,KXBTCD-25MAY2122-T110499.99,DELTA,41,9,51,24,1035,yes,21,-1000
2025-05-21T18:04:14.098569,KXBTCD-25MAY2122-T110499.99,DELTA,41,9,51,24,1036,no,31,-1000
2025-05-21T18:04:14.121882,KXBTCD-25MAY2122-T110499.99,DELTA,41,9,51,24,1037,yes,40,1000
2025-05-21T18:04:14.137491,KXBTCD-25MAY2122-T110499.99,DELTA,41,9,51,24,1038,no,35,-9
2025-05-21T18:04:14.138149,KXBTCD-25MAY2122-T110499.99,DELTA,41,9,51,24,1039,no,36,1000
2025-05-21T18:04:14.198254,KXBTCD-25MAY2122-T110499.99,DELTA,41,9,51,24,1040,no,36,-1000
2025-05-21T18:04:14.217803,KXBTCD-25MAY2122-T110499.99,DELTA,41,9,51,24,1041,no,35,-9
2025-05-21T18:04:14.218687,KXBTCD-25MAY2122-T110499.99,DELTA,41,9,51,24,1042,no,36,9
2025-05-21T18:04:14.219453,KXBTCD-25MAY2122-T110499.99,DELTA,41,9,51,24,1043,no,36,9
2025-05-21T18:04:14.237312,KXBTCD-25MAY2122-T110499.99,DELTA,41,9,51,24,1044,no,31,1000
2025-05-21T18:04:14.237916,KXBTCD-25MAY2122-T110499.99,DELTA,41,9,51,24,1045,no,35,9
2025-05-21T18:04:14.238104,KXBTCD-25MAY2122-T110499.99,DELTA,41,9,51,24,1046,no,35,-9
2025-05-21T18:04:14.238248,KXBTCD-25MAY2122-T110499.99,DELTA,41,9,51,24,1047,no,36,9
2025-05-21T18:04:14.238379,KXBTCD-25MAY2122-T110499.99,DELTA,41,9,51,24,1048,yes,40,-1000
2025-05-21T18:04:14.277842,KXBTCD-25MAY2122-T110499.99,DELTA,41,9,49,100,1049,no,51,100
2025-05-21T18:04:14.297549,KXBTCD-25MAY2122-T110499.99,DELTA,41,9,49,100,1050,yes,21,1000
2025-05-21T18:04:14.297703,KXBTCD-25MAY2122-T110499.99,DELTA,41,9,49,100,1051,no,31,-1000
2025-05-21T18:04:14.316906,KXBTCD-25MAY2122-T110499.99,DELTA,41,9,49,100,1052,no,36,-9
2025-05-21T18:04:14.317044,KXBTCD-25MAY2122-T110499.99,DELTA,41,9,49,100,1053,no,35,-9
2025-05-21T18:04:14.336082,KXBTCD-25MAY2122-T110499.99,DELTA,41,9,49,100,1054,yes,40,-100
2025-05-21T18:04:14.336208,KXBTCD-25MAY2122-T110499.99,DELTA,41,9,48,1000,1055,no,52,1000
2025-05-21T18:04:14.438088,KXBTCD-25MAY2122-T110499.99,DELTA,41,9,48,1000,1056,no,36,-9
2025-05-21T18:04:14.438840,KXBTCD-25MAY2122-T110499.99,DELTA,41,9,48,1009,1057,no,52,9
2025-05-21T18:04:14.439304,KXBTCD-25MAY2122-T110499.99,DELTA,33,24,48,1009,1058,yes,41,-9
2025-05-21T18:04:14.439864,KXBTCD-25MAY2122-T110499.99,DELTA,33,24,48,1009,1059,no,35,9
2025-05-21T18:04:14.440310,KXBTCD-25MAY2122-T110499.99,DELTA,33,24,48,1009,1060,no,36,-9
2025-05-21T18:04:15.338653,KXBTCD-25MAY2122-T110499.99,DELTA,41,100,48,1009,1061,yes,41,100
2025-05-21T18:04:15.438033,KXBTCD-25MAY2122-T110499.99,DELTA,41,100,48,1009,1062,yes,21,-1000
2025-05-21T18:04:15.477874,KXBTCD-25MAY2122-T110499.99,DELTA,41,100,48,1000,1063,no,52,-9
2025-05-21T18:04:15.478597,KXBTCD-25MAY2122-T110499.99,DELTA,41,100,47,9,1064,no,53,9
2025-05-21T18:04:15.497722,KXBTCD-25MAY2122-T110499.99,DELTA,41,100,47,9,1065,no,35,-9
2025-05-21T18:04:15.538581,KXBTCD-25MAY2122-T110499.99,DELTA,41,100,47,9,1066,yes,21,1000
2025-05-21T18:04:16.539114,KXBTCD-25MAY2122-T110499.99,DELTA,41,100,47,9,1067,no,6,-5400
2025-05-21T18:04:16.540242,KXBTCD-25MAY2122-T110499.99,DELTA,41,100,47,9,1068,no,8,4050
2025-05-21T18:04:16.599566,KXBTCD-25MAY2122-T110499.99,DELTA,41,100,47,9,1069,no,7,-20000
2025-05-21T18:04:16.658428,KXBTCD-25MAY2122-T110499.99,DELTA,41,100,47,9,1070,no,9,20000
2025-05-21T18:04:18.159780,KXBTCD-25MAY2122-T110499.99,DELTA,41,100,47,9,1071,yes,20,-200
2025-05-21T18:04:18.160633,KXBTCD-25MAY2122-T110499.99,DELTA,41,100,47,9,1072,yes,10,200
2025-05-21T18:04:18.178634,KXBTCD-25MAY2122-T110499.99,DELTA,41,100,47,9,1073,no,51,-100
2025-05-21T18:04:18.238928,KXBTCD-25MAY2122-T110499.99,DELTA,41,100,47,9,1074,yes,21,-2000
2025-05-21T18:04:18.239385,KXBTCD-25MAY2122-T110499.99,DELTA,41,100,47,9,1075,no,52,-1000
2025-05-21T18:04:18.239570,KXBTCD-25MAY2122-T110499.99,DELTA,41,100,47,9,1076,yes,21,-1000
2025-05-21T18:04:18.278398,KXBTCD-25MAY2122-T110499.99,DELTA,41,100,47,9,1077,no,31,1000
2025-05-21T18:04:18.297989,KXBTCD-25MAY2122-T110499.99,DELTA,41,100,47,9,1078,yes,11,1000
2025-05-21T18:04:18.298665,KXBTCD-25MAY2122-T110499.99,DELTA,41,100,47,9,1079,yes,11,2000
2025-05-21T18:04:18.478230,KXBTCD-25MAY2122-T110499.99,DELTA,41,100,47,9,1080,yes,31,24
2025-05-21T18:04:18.479145,KXBTCD-25MAY2122-T110499.99,DELTA,41,100,47,9,1081,yes,33,-24
2025-05-21T18:04:18.479894,KXBTCD-25MAY2122-T110499.99,DELTA,41,100,47,9,1082,no,50,24
2025-05-21T18:04:18.498553,KXBTCD-25MAY2122-T110499.99,DELTA,41,100,47,9,1083,no,49,-24
2025-05-21T18:04:18.538186,KXBTCD-25MAY2122-T110499.99,DELTA,41,100,47,9,1084,yes,31,-24
2025-05-21T18:04:18.557523,KXBTCD-25MAY2122-T110499.99,DELTA,41,100,47,9,1085,yes,29,24
2025-05-21T18:04:18.559593,KXBTCD-25MAY2122-T110499.99,DELTA,41,100,47,9,1086,no,50,-24
2025-05-21T18:04:18.560197,KXBTCD-25MAY2122-T110499.99,DELTA,41,100,47,9,1087,no,52,24
2025-05-21T18:04:18.916712,KXBTCD-25MAY2122-T110499.99,DELTA,41,100,47,9,1088,no,8,-4050
2025-05-21T18:04:18.917564,KXBTCD-25MAY2122-T110499.99,DELTA,41,100,47,9,1089,no,10,3240
2025-05-21T18:04:18.978903,KXBTCD-25MAY2122-T110499.99,DELTA,41,100,47,9,1090,no,9,-20000
2025-05-21T18:04:19.017815,KXBTCD-25MAY2122-T110499.99,DELTA,29,24,47,9,1091,yes,41,-100
2025-05-21T18:04:19.038498,KXBTCD-25MAY2122-T110499.99,DELTA,29,24,48,24,1092,no,53,-9
2025-05-21T18:04:19.039223,KXBTCD-25MAY2122-T110499.99,DELTA,29,24,48,24,1093,no,35,9
2025-05-21T18:04:19.039831,KXBTCD-25MAY2122-T110499.99,DELTA,29,24,48,24,1094,no,35,9
2025-05-21T18:04:19.058631,KXBTCD-25MAY2122-T110499.99,DELTA,29,24,48,24,1095,no,11,20000
2025-05-21T18:04:19.317333,KXBTCD-25MAY2122-T110499.99,DELTA,29,24,45,100,1096,no,55,100
2025-05-21T18:04:19.377091,KXBTCD-25MAY2122-T110499.99,DELTA,29,24,45,100,1097,no,31,-1000
2025-05-21T18:04:19.437028,KXBTCD-25MAY2122-T110499.99,DELTA,29,24,45,100,1098,yes,14,9
2025-05-21T18:04:19.437721,KXBTCD-25MAY2122-T110499.99,DELTA,29,24,44,1000,1099,no,56,1000
2025-05-21T18:04:19.438187,KXBTCD-25MAY2122-T110499.99,DELTA,29,24,44,1009,1100,no,56,9
2025-05-21T18:04:19.958431,KXBTCD-25MAY2122-T110499.99,DELTA,37,100,44,1009,1101,yes,37,100
2025-05-21T18:04:19.999137,KXBTCD-25MAY2122-T110499.99,DELTA,37,100,44,1009,1102,no,10,-3240
2025-05-21T18:04:19.999863,KXBTCD-25MAY2122-T110499.99,DELTA,37,100,44,1009,1103,no,11,2945
2025-05-21T18:04:20.059363,KXBTCD-25MAY2122-T110499.99,DELTA,37,100,44,1009,1104,no,11,-20000
2025-05-21T18:04:20.098152,KXBTCD-25MAY2122-T110499.99,DELTA,37,100,44,1000,1105,no,56,-9
2025-05-21T18:04:20.117765,KXBTCD-25MAY2122-T110499.99,DELTA,37,100,44,1000,1106,no,35,-9
2025-05-21T18:04:20.157773,KXBTCD-25MAY2122-T110499.99,DELTA,37,100,44,1000,1107,no,35,-9
2025-05-21T18:04:20.158687,KXBTCD-25MAY2122-T110499.99,DELTA,37,100,43,9,1108,no,57,9
2025-05-21T18:04:20.179129,KXBTCD-25MAY2122-T110499.99,DELTA,37,100,43,9,1109,yes,14,-9
2025-05-21T18:04:20.519113,KXBTCD-25MAY2122-T110499.99,DELTA,37,100,43,9,1110,yes,26,24
2025-05-21T18:04:20.520042,KXBTCD-25MAY2122-T110499.99,DELTA,37,100,43,9,1111,yes,29,-24
2025-05-21T18:04:20.538396,KXBTCD-25MAY2122-T110499.99,DELTA,37,100,43,9,1112,no,55,24
2025-05-21T18:04:20.539138,KXBTCD-25MAY2122-T110499.99,DELTA,37,100,43,9,1113,no,52,-24
2025-05-21T18:04:21.098031,KXBTCD-25MAY2122-T110499.99,DELTA,26,24,43,9,1114,yes,37,-100
2025-05-21T18:04:21.099242,KXBTCD-25MAY2122-T110499.99,DELTA,26,24,43,9,1115,no,55,-100
2025-05-21T18:04:21.117449,KXBTCD-25MAY2122-T110499.99,DELTA,26,24,43,9,1116,no,11,-2945
2025-05-21T18:04:21.117739,KXBTCD-25MAY2122-T110499.99,DELTA,26,24,43,9,1117,no,4,8100
2025-05-21T18:04:21.158236,KXBTCD-25MAY2122-T110499.99,DELTA,26,24,43,9,1118,no,56,-1000
2025-05-21T18:04:21.178036,KXBTCD-25MAY2122-T110499.99,DELTA,26,24,43,9,1119,no,5,20000
2025-05-21T18:04:21.198885,KXBTCD-25MAY2122-T110499.99,DELTA,26,24,43,9,1120,no,31,1000
2025-05-21T18:04:21.217751,KXBTCD-25MAY2122-T110499.99,DELTA,26,24,43,9,1121,yes,14,9
2025-05-21T18:04:21.237232,KXBTCD-25MAY2122-T110499.99,DELTA,26,24,43,18,1122,no,57,9
2025-05-21T18:04:22.498524,KXBTCD-25MAY2122-T110499.99,DELTA,28,24,43,18,1123,yes,28,24
2025-05-21T18:04:22.499256,KXBTCD-25MAY2122-T110499.99,DELTA,28,24,43,18,1124,yes,26,-24
2025-05-21T18:04:22.499756,KXBTCD-25MAY2122-T110499.99,DELTA,28,24,43,18,1125,no,55,-24
