timestamp,market_ticker,type,yes_bid_price_cents,yes_bid_qty,yes_ask_price_cents,yes_ask_qty_on_no_side,sequence_num,delta_side,delta_price_cents,delta_quantity
2025-05-21T14:01:17.331386,KXBTCD-25MAY2118-T108499.99,SNAPSHOT,25,45,32,24,1,,,
2025-05-21T14:01:17.342004,KXBTCD-25MAY2118-T108499.99,DELTA,25,45,32,1024,2,no,68,1000
2025-05-21T14:01:17.342135,KXBTCD-25MAY2118-T108499.99,DELTA,25,45,29,200,3,no,71,200
2025-05-21T14:01:17.369749,KXBTCD-25MAY2118-T108499.99,DELTA,25,45,29,200,4,no,68,2000
2025-05-21T14:01:17.427792,KXBTCD-25MAY2118-T108499.99,DELTA,25,45,29,200,5,no,68,-1000
2025-05-21T14:01:17.494243,KXBTCD-25MAY2118-T108499.99,DELTA,25,45,28,1000,6,no,72,1000
2025-05-21T14:01:17.563255,KXBTCD-25MAY2118-T108499.99,DELTA,25,45,28,1000,7,no,67,-100
2025-05-21T14:01:17.643926,KXBTCD-25MAY2118-T108499.99,DELTA,25,45,28,1000,8,no,68,-2000
2025-05-21T14:01:17.702391,KXBTCD-25MAY2118-T108499.99,DELTA,25,45,28,1000,9,no,41,2000
2025-05-21T14:01:18.082813,KXBTCD-25MAY2118-T108499.99,DELTA,26,100,28,1000,10,yes,26,100
2025-05-21T14:01:18.142474,KXBTCD-25MAY2118-T108499.99,DELTA,26,100,28,1000,11,yes,25,-45
2025-05-21T14:01:18.142816,KXBTCD-25MAY2118-T108499.99,DELTA,27,45,28,1000,12,yes,27,45
2025-05-21T14:01:18.362790,KXBTCD-25MAY2118-T108499.99,DELTA,27,45,28,1000,13,yes,5,-6480
2025-05-21T14:01:18.363220,KXBTCD-25MAY2118-T108499.99,DELTA,27,45,28,1000,14,yes,4,8100
2025-05-21T14:01:18.443006,KXBTCD-25MAY2118-T108499.99,DELTA,27,45,28,1000,15,yes,6,-20000
2025-05-21T14:01:18.443894,KXBTCD-25MAY2118-T108499.99,DELTA,27,45,28,1000,16,yes,6,-2000
2025-05-21T14:01:18.462092,KXBTCD-25MAY2118-T108499.99,DELTA,27,45,28,1000,17,yes,6,-1000
2025-05-21T14:01:18.462633,KXBTCD-25MAY2118-T108499.99,DELTA,27,45,28,1000,18,yes,6,-1250
2025-05-21T14:01:18.521373,KXBTCD-25MAY2118-T108499.99,DELTA,27,45,28,1000,19,yes,5,1250
2025-05-21T14:01:18.521564,KXBTCD-25MAY2118-T108499.99,DELTA,27,45,28,1000,20,yes,5,2000
2025-05-21T14:01:18.521973,KXBTCD-25MAY2118-T108499.99,DELTA,27,45,28,1000,21,yes,5,1000
2025-05-21T14:01:18.522036,KXBTCD-25MAY2118-T108499.99,DELTA,27,45,28,1000,22,yes,5,20000
2025-05-21T14:01:18.681783,KXBTCD-25MAY2118-T108499.99,DELTA,27,45,28,1000,23,no,66,100
2025-05-21T14:01:18.762718,KXBTCD-25MAY2118-T108499.99,DELTA,27,45,28,1000,24,yes,24,-50
2025-05-21T14:01:18.820720,KXBTCD-25MAY2118-T108499.99,DELTA,27,45,28,1000,25,yes,24,350
2025-05-21T14:01:23.550812,KXBTCD-25MAY2118-T108499.99,DELTA,27,45,28,1000,26,yes,26,-100
2025-05-21T14:01:23.610878,KXBTCD-25MAY2118-T108499.99,DELTA,24,350,28,1000,27,yes,27,-45
2025-05-21T14:01:23.611184,KXBTCD-25MAY2118-T108499.99,DELTA,25,45,28,1000,28,yes,25,45
2025-05-21T14:01:23.671114,KXBTCD-25MAY2118-T108499.99,DELTA,25,45,28,1000,29,yes,6,9
2025-05-21T14:01:23.671284,KXBTCD-25MAY2118-T108499.99,DELTA,25,45,28,1000,30,yes,15,-9
2025-05-21T14:01:24.469254,KXBTCD-25MAY2118-T108499.99,DELTA,25,45,28,1000,31,no,41,-2000
2025-05-21T14:01:24.470454,KXBTCD-25MAY2118-T108499.99,DELTA,25,45,28,1000,32,no,71,2000
2025-05-21T14:01:24.532089,KXBTCD-25MAY2118-T108499.99,DELTA,26,100,28,1000,33,yes,26,100
2025-05-21T14:01:24.593533,KXBTCD-25MAY2118-T108499.99,DELTA,26,100,28,1000,34,yes,25,-45
2025-05-21T14:01:24.594297,KXBTCD-25MAY2118-T108499.99,DELTA,27,45,28,1000,35,yes,27,45
2025-05-21T14:01:25.032723,KXBTCD-25MAY2118-T108499.99,DELTA,27,45,28,1000,36,yes,24,-350
2025-05-21T14:01:25.113406,KXBTCD-25MAY2118-T108499.99,DELTA,27,45,28,1000,37,no,71,-200
2025-05-21T14:01:25.132649,KXBTCD-25MAY2118-T108499.99,DELTA,27,45,28,1000,38,no,67,-50
2025-05-21T14:01:25.133339,KXBTCD-25MAY2118-T108499.99,DELTA,27,45,28,1000,39,no,69,50
2025-05-21T14:01:25.197043,KXBTCD-25MAY2118-T108499.99,DELTA,27,45,28,1000,40,no,71,-2000
2025-05-21T14:01:25.197266,KXBTCD-25MAY2118-T108499.99,DELTA,27,45,31,50,41,no,72,-1000
2025-05-21T14:01:25.255254,KXBTCD-25MAY2118-T108499.99,DELTA,27,45,30,1000,42,no,70,1000
2025-05-21T14:01:25.255441,KXBTCD-25MAY2118-T108499.99,DELTA,27,45,30,1000,43,no,41,2000
2025-05-21T14:01:25.275078,KXBTCD-25MAY2118-T108499.99,DELTA,27,45,30,1000,44,yes,23,150
2025-05-21T14:01:25.338205,KXBTCD-25MAY2118-T108499.99,DELTA,26,100,30,1000,45,yes,27,-45
2025-05-21T14:01:25.338537,KXBTCD-25MAY2118-T108499.99,DELTA,26,100,27,55,46,no,73,55
2025-05-21T14:01:25.354317,KXBTCD-25MAY2118-T108499.99,DELTA,26,100,27,55,47,no,66,-100
2025-05-21T14:01:25.374045,KXBTCD-25MAY2118-T108499.99,DELTA,26,100,27,55,48,yes,6,-9
2025-05-21T14:01:25.392965,KXBTCD-25MAY2118-T108499.99,DELTA,26,100,27,55,49,no,69,-50
2025-05-21T14:01:25.393312,KXBTCD-25MAY2118-T108499.99,DELTA,26,100,27,55,50,yes,15,9
2025-05-21T14:01:25.495393,KXBTCD-25MAY2118-T108499.99,DELTA,26,100,27,55,51,no,70,-1000
2025-05-21T14:01:25.554182,KXBTCD-25MAY2118-T108499.99,DELTA,26,100,27,1055,52,no,73,1000
2025-05-21T14:01:25.724929,KXBTCD-25MAY2118-T108499.99,DELTA,26,100,27,1055,53,no,68,50
2025-05-21T14:01:25.776422,KXBTCD-25MAY2118-T108499.99,DELTA,26,100,27,1055,54,no,68,-50
2025-05-21T14:01:26.515875,KXBTCD-25MAY2118-T108499.99,DELTA,26,100,27,1055,55,no,67,100
2025-05-21T14:01:26.641747,KXBTCD-25MAY2118-T108499.99,DELTA,26,100,27,1055,56,yes,15,-9
2025-05-21T14:01:26.642775,KXBTCD-25MAY2118-T108499.99,DELTA,26,100,27,1055,57,yes,6,9
2025-05-21T14:01:26.796634,KXBTCD-25MAY2118-T108499.99,DELTA,26,100,27,1055,58,no,68,50
2025-05-21T14:01:26.839055,KXBTCD-25MAY2118-T108499.99,DELTA,26,100,27,1055,59,no,68,-50
2025-05-21T14:01:26.916183,KXBTCD-25MAY2118-T108499.99,DELTA,26,100,27,1000,60,no,73,-55
2025-05-21T14:01:26.974758,KXBTCD-25MAY2118-T108499.99,DELTA,26,100,27,1150,61,no,73,150
2025-05-21T14:01:26.996066,KXBTCD-25MAY2118-T108499.99,DELTA,26,100,27,150,62,no,73,-1000
2025-05-21T14:01:27.060960,KXBTCD-25MAY2118-T108499.99,DELTA,26,100,27,1150,63,no,73,1000
2025-05-21T14:01:27.877203,KXBTCD-25MAY2118-T108499.99,DELTA,26,100,27,1150,64,no,69,50
2025-05-21T14:01:27.917039,KXBTCD-25MAY2118-T108499.99,DELTA,26,100,27,1150,65,no,69,-50
2025-05-21T14:01:28.958013,KXBTCD-25MAY2118-T108499.99,DELTA,26,100,27,1150,66,no,69,50
2025-05-21T14:01:29.203762,KXBTCD-25MAY2118-T108499.99,DELTA,26,100,27,1150,67,yes,23,-150
2025-05-21T14:01:29.297694,KXBTCD-25MAY2118-T108499.99,DELTA,26,100,27,1150,68,yes,22,250
2025-05-21T14:01:29.377844,KXBTCD-25MAY2118-T108499.99,DELTA,26,100,27,1000,69,no,73,-150
2025-05-21T14:01:29.437652,KXBTCD-25MAY2118-T108499.99,DELTA,26,100,27,1350,70,no,73,350
2025-05-21T14:01:29.459817,KXBTCD-25MAY2118-T108499.99,DELTA,26,100,27,350,71,no,73,-1000
2025-05-21T14:01:29.517715,KXBTCD-25MAY2118-T108499.99,DELTA,26,100,27,350,72,no,70,1000
2025-05-21T14:01:29.577958,KXBTCD-25MAY2118-T108499.99,DELTA,26,100,27,350,73,no,70,-1000
2025-05-21T14:01:29.638556,KXBTCD-25MAY2118-T108499.99,DELTA,26,100,27,1350,74,no,73,1000
2025-05-21T14:01:30.500384,KXBTCD-25MAY2118-T108499.99,DELTA,26,100,27,1350,75,no,67,-100
2025-05-21T14:01:30.520069,KXBTCD-25MAY2118-T108499.99,DELTA,22,250,27,1350,76,yes,26,-100
2025-05-21T14:01:30.521221,KXBTCD-25MAY2118-T108499.99,DELTA,22,250,27,1350,77,yes,14,-24
2025-05-21T14:01:30.522091,KXBTCD-25MAY2118-T108499.99,DELTA,22,250,27,1350,78,yes,13,24
2025-05-21T14:01:30.522795,KXBTCD-25MAY2118-T108499.99,DELTA,22,250,27,1350,79,no,68,-24
2025-05-21T14:01:30.539046,KXBTCD-25MAY2118-T108499.99,DELTA,22,250,27,1350,80,no,70,24
2025-05-21T14:01:30.600044,KXBTCD-25MAY2118-T108499.99,DELTA,22,250,27,1350,81,no,41,-2000
2025-05-21T14:01:30.720864,KXBTCD-25MAY2118-T108499.99,DELTA,22,250,27,1000,82,no,73,-350
2025-05-21T14:01:30.721321,KXBTCD-25MAY2118-T108499.99,DELTA,22,250,27,998,83,no,73,-2
2025-05-21T14:01:30.740794,KXBTCD-25MAY2118-T108499.99,DELTA,22,250,27,2998,84,no,73,2000
2025-05-21T14:01:30.741687,KXBTCD-25MAY2118-T108499.99,DELTA,22,250,27,2000,85,no,73,-998
2025-05-21T14:01:30.800404,KXBTCD-25MAY2118-T108499.99,DELTA,22,250,26,1000,86,no,74,1000
2025-05-21T14:01:30.821128,KXBTCD-25MAY2118-T108499.99,DELTA,22,250,26,1000,87,no,73,-2000
2025-05-21T14:01:30.860491,KXBTCD-25MAY2118-T108499.99,DELTA,22,250,30,24,88,no,74,-1000
2025-05-21T14:01:30.920743,KXBTCD-25MAY2118-T108499.99,DELTA,22,250,26,200,89,no,74,200
2025-05-21T14:01:30.945632,KXBTCD-25MAY2118-T108499.99,DELTA,22,250,26,200,90,no,41,2000
2025-05-21T14:01:30.946697,KXBTCD-25MAY2118-T108499.99,DELTA,22,250,26,200,91,no,18,-8000
2025-05-21T14:01:30.947277,KXBTCD-25MAY2118-T108499.99,DELTA,22,250,26,200,92,no,70,1000
2025-05-21T14:01:31.021498,KXBTCD-25MAY2118-T108499.99,DELTA,22,250,26,200,93,no,23,8000
2025-05-21T14:01:31.117942,KXBTCD-25MAY2118-T108499.99,DELTA,22,250,26,200,94,no,70,-1000
2025-05-21T14:01:31.198856,KXBTCD-25MAY2118-T108499.99,DELTA,22,250,26,200,95,no,19,-1705
2025-05-21T14:01:31.199114,KXBTCD-25MAY2118-T108499.99,DELTA,22,250,26,200,96,no,24,1350
2025-05-21T14:01:31.272484,KXBTCD-25MAY2118-T108499.99,DELTA,22,250,25,1000,97,no,75,1000
2025-05-21T14:01:31.380445,KXBTCD-25MAY2118-T108499.99,DELTA,13,24,25,1000,98,yes,22,-250
2025-05-21T14:01:31.419762,KXBTCD-25MAY2118-T108499.99,DELTA,24,100,25,1000,99,yes,24,100
2025-05-21T14:01:31.459975,KXBTCD-25MAY2118-T108499.99,DELTA,24,100,25,1000,100,no,68,100
2025-05-21T14:01:31.560586,KXBTCD-25MAY2118-T108499.99,DELTA,24,100,25,1000,101,yes,22,200
2025-05-21T14:01:32.401581,KXBTCD-25MAY2118-T108499.99,DELTA,24,100,25,1000,102,yes,4,-8100
2025-05-21T14:01:32.401741,KXBTCD-25MAY2118-T108499.99,DELTA,24,100,25,1000,103,yes,3,10800
2025-05-21T14:01:32.480695,KXBTCD-25MAY2118-T108499.99,DELTA,24,100,25,1000,104,yes,5,-20000
2025-05-21T14:01:32.481009,KXBTCD-25MAY2118-T108499.99,DELTA,24,100,25,1000,105,yes,5,-2000
2025-05-21T14:01:32.501842,KXBTCD-25MAY2118-T108499.99,DELTA,24,100,25,1000,106,yes,5,-1000
2025-05-21T14:01:32.502062,KXBTCD-25MAY2118-T108499.99,DELTA,24,100,25,1000,107,yes,5,-1250
2025-05-21T14:01:32.560419,KXBTCD-25MAY2118-T108499.99,DELTA,24,100,25,1000,108,yes,4,2000
2025-05-21T14:01:32.560738,KXBTCD-25MAY2118-T108499.99,DELTA,24,100,25,1000,109,yes,4,1250
2025-05-21T14:01:32.560845,KXBTCD-25MAY2118-T108499.99,DELTA,24,100,25,1000,110,yes,4,20000
2025-05-21T14:01:32.560938,KXBTCD-25MAY2118-T108499.99,DELTA,24,100,25,1000,111,yes,4,1000
2025-05-21T14:01:33.482274,KXBTCD-25MAY2118-T108499.99,DELTA,24,100,25,1000,112,yes,22,-200
2025-05-21T14:01:33.542215,KXBTCD-25MAY2118-T108499.99,DELTA,24,100,25,1000,113,yes,21,350
2025-05-21T14:01:33.605135,KXBTCD-25MAY2118-T108499.99,DELTA,24,100,25,1000,114,yes,14,9
2025-05-21T14:01:33.605646,KXBTCD-25MAY2118-T108499.99,DELTA,24,100,25,1000,115,yes,6,-9
2025-05-21T14:01:35.323493,KXBTCD-25MAY2118-T108499.99,DELTA,24,100,25,1000,116,no,69,-50
2025-05-21T14:01:35.323708,KXBTCD-25MAY2118-T108499.99,DELTA,24,100,25,1000,117,no,70,50
2025-05-21T14:01:35.424540,KXBTCD-25MAY2118-T108499.99,DELTA,24,100,25,1000,118,no,41,-2000
2025-05-21T14:01:35.444570,KXBTCD-25MAY2118-T108499.99,DELTA,24,100,25,1000,119,yes,14,-9
2025-05-21T14:01:35.465940,KXBTCD-25MAY2118-T108499.99,DELTA,24,100,25,1000,120,yes,5,9
2025-05-21T14:01:35.501439,KXBTCD-25MAY2118-T108499.99,DELTA,24,100,25,1000,121,no,74,2000
2025-05-21T14:01:35.539673,KXBTCD-25MAY2118-T108499.99,DELTA,24,100,25,1000,122,yes,21,-350
2025-05-21T14:01:35.969547,KXBTCD-25MAY2118-T108499.99,DELTA,24,100,25,1000,123,yes,20,400
2025-05-21T14:01:35.969717,KXBTCD-25MAY2118-T108499.99,DELTA,24,100,25,1000,124,no,68,-100
2025-05-21T14:01:36.603907,KXBTCD-25MAY2118-T108499.99,DELTA,24,100,25,1000,125,no,74,-2000
2025-05-21T14:01:36.668197,KXBTCD-25MAY2118-T108499.99,DELTA,24,100,25,1000,126,no,41,2000
2025-05-21T14:01:36.706339,KXBTCD-25MAY2118-T108499.99,DELTA,24,100,25,1000,127,yes,5,-9
2025-05-21T14:01:36.846418,KXBTCD-25MAY2118-T108499.99,DELTA,24,100,25,1000,128,no,69,100
2025-05-21T14:01:38.326791,KXBTCD-25MAY2118-T108499.99,DELTA,24,100,25,1000,129,yes,3,-10800
2025-05-21T14:01:38.327929,KXBTCD-25MAY2118-T108499.99,DELTA,24,100,25,1000,130,yes,1,32400
2025-05-21T14:01:38.426000,KXBTCD-25MAY2118-T108499.99,DELTA,24,100,25,1000,131,yes,4,-20000
2025-05-21T14:01:38.444900,KXBTCD-25MAY2118-T108499.99,DELTA,24,100,25,1000,132,yes,4,-2000
2025-05-21T14:01:38.450374,KXBTCD-25MAY2118-T108499.99,DELTA,24,100,25,1000,133,yes,4,-1000
2025-05-21T14:01:38.464779,KXBTCD-25MAY2118-T108499.99,DELTA,24,100,25,1000,134,yes,4,-1250
2025-05-21T14:01:38.548320,KXBTCD-25MAY2118-T108499.99,DELTA,24,100,25,1000,135,yes,2,20000
2025-05-21T14:01:38.548628,KXBTCD-25MAY2118-T108499.99,DELTA,24,100,25,1000,136,yes,2,2000
2025-05-21T14:01:38.548959,KXBTCD-25MAY2118-T108499.99,DELTA,24,100,25,1000,137,yes,2,1000
2025-05-21T14:01:38.549089,KXBTCD-25MAY2118-T108499.99,DELTA,24,100,25,1000,138,yes,2,1250
2025-05-21T14:01:39.485892,KXBTCD-25MAY2118-T108499.99,DELTA,24,100,25,1000,139,yes,1,-32400
2025-05-21T14:01:39.486120,KXBTCD-25MAY2118-T108499.99,DELTA,24,100,25,1000,140,yes,2,16200
2025-05-21T14:01:39.582703,KXBTCD-25MAY2118-T108499.99,DELTA,24,100,25,1000,141,yes,2,-20000
2025-05-21T14:01:39.585897,KXBTCD-25MAY2118-T108499.99,DELTA,24,100,25,1000,142,yes,2,-2000
2025-05-21T14:01:39.586583,KXBTCD-25MAY2118-T108499.99,DELTA,24,100,25,1000,143,yes,2,-1000
2025-05-21T14:01:39.606550,KXBTCD-25MAY2118-T108499.99,DELTA,24,100,25,1000,144,yes,2,-1250
2025-05-21T14:01:39.667214,KXBTCD-25MAY2118-T108499.99,DELTA,24,100,25,1000,145,yes,3,1250
2025-05-21T14:01:39.668536,KXBTCD-25MAY2118-T108499.99,DELTA,24,100,25,1000,146,yes,3,1000
2025-05-21T14:01:39.670117,KXBTCD-25MAY2118-T108499.99,DELTA,24,100,25,1000,147,yes,3,20000
2025-05-21T14:01:39.670661,KXBTCD-25MAY2118-T108499.99,DELTA,24,100,25,1000,148,yes,3,2000
2025-05-21T14:01:40.626497,KXBTCD-25MAY2118-T108499.99,DELTA,24,100,25,1000,149,no,41,-2000
2025-05-21T14:01:40.669944,KXBTCD-25MAY2118-T108499.99,DELTA,24,100,25,1000,150,yes,2,-16200
2025-05-21T14:01:40.670189,KXBTCD-25MAY2118-T108499.99,DELTA,24,100,25,1000,151,yes,1,32400
2025-05-21T14:01:40.670315,KXBTCD-25MAY2118-T108499.99,DELTA,24,100,25,1000,152,no,74,2000
2025-05-21T14:01:40.751179,KXBTCD-25MAY2118-T108499.99,DELTA,24,100,25,1000,153,yes,3,-20000
2025-05-21T14:01:40.791013,KXBTCD-25MAY2118-T108499.99,DELTA,24,100,25,1000,154,yes,3,-2000
2025-05-21T14:01:40.791279,KXBTCD-25MAY2118-T108499.99,DELTA,24,100,25,1000,155,yes,3,-1000
2025-05-21T14:01:40.791410,KXBTCD-25MAY2118-T108499.99,DELTA,24,100,25,1000,156,yes,3,-1250
2025-05-21T14:01:40.791518,KXBTCD-25MAY2118-T108499.99,DELTA,24,100,25,1000,157,no,74,-200
2025-05-21T14:01:40.826446,KXBTCD-25MAY2118-T108499.99,DELTA,24,100,25,1000,158,yes,2,1250
2025-05-21T14:01:40.826636,KXBTCD-25MAY2118-T108499.99,DELTA,24,100,25,1000,159,yes,2,20000
2025-05-21T14:01:40.826760,KXBTCD-25MAY2118-T108499.99,DELTA,24,100,25,1000,160,yes,2,1000
2025-05-21T14:01:40.826874,KXBTCD-25MAY2118-T108499.99,DELTA,24,100,25,1300,161,no,75,300
2025-05-21T14:01:40.853531,KXBTCD-25MAY2118-T108499.99,DELTA,24,100,25,1300,162,yes,2,2000
2025-05-21T14:01:40.889520,KXBTCD-25MAY2118-T108499.99,DELTA,24,100,25,1300,163,no,74,-2000
2025-05-21T14:01:40.890435,KXBTCD-25MAY2118-T108499.99,DELTA,24,100,25,300,164,no,75,-1000
2025-05-21T14:01:40.954770,KXBTCD-25MAY2118-T108499.99,DELTA,24,100,25,300,165,no,41,2000
2025-05-21T14:01:40.955881,KXBTCD-25MAY2118-T108499.99,DELTA,24,100,25,1300,166,no,75,1000
2025-05-21T14:01:41.190395,KXBTCD-25MAY2118-T108499.99,DELTA,24,100,25,1300,167,yes,11,24
2025-05-21T14:01:41.208794,KXBTCD-25MAY2118-T108499.99,DELTA,24,100,25,1300,168,yes,13,-24
2025-05-21T14:01:41.209095,KXBTCD-25MAY2118-T108499.99,DELTA,24,100,25,1300,169,no,70,-24
2025-05-21T14:01:41.228488,KXBTCD-25MAY2118-T108499.99,DELTA,24,100,25,1300,170,no,71,24
2025-05-21T14:01:41.307693,KXBTCD-25MAY2118-T108499.99,DELTA,24,100,25,1300,171,no,70,-50
2025-05-21T14:01:41.308044,KXBTCD-25MAY2118-T108499.99,DELTA,24,100,25,1300,172,no,71,50
2025-05-21T14:01:41.427790,KXBTCD-25MAY2118-T108499.99,DELTA,24,100,25,1300,173,no,69,-100
2025-05-21T14:01:41.428055,KXBTCD-25MAY2118-T108499.99,DELTA,20,400,25,1300,174,yes,24,-100
2025-05-21T14:01:41.535104,KXBTCD-25MAY2118-T108499.99,DELTA,20,400,25,300,175,no,75,-1000
2025-05-21T14:01:41.611084,KXBTCD-25MAY2118-T108499.99,DELTA,20,400,24,1000,176,no,76,1000
2025-05-21T14:01:42.628805,KXBTCD-25MAY2118-T108499.99,DELTA,20,400,24,1000,177,no,69,100
2025-05-21T14:01:42.629681,KXBTCD-25MAY2118-T108499.99,DELTA,23,100,24,1000,178,yes,23,100
2025-05-21T14:01:43.107561,KXBTCD-25MAY2118-T108499.99,DELTA,23,100,24,1000,179,no,69,-100
2025-05-21T14:01:43.989361,KXBTCD-25MAY2118-T108499.99,DELTA,23,100,24,1000,180,no,70,100
2025-05-21T14:01:54.431488,KXBTCD-25MAY2118-T108499.99,DELTA,23,100,24,1000,181,no,71,-50
2025-05-21T14:01:54.431988,KXBTCD-25MAY2118-T108499.99,DELTA,23,100,24,1000,182,no,70,50
2025-05-21T14:01:54.533853,KXBTCD-25MAY2118-T108499.99,DELTA,23,100,24,1000,183,no,41,-2000
2025-05-21T14:01:54.653762,KXBTCD-25MAY2118-T108499.99,DELTA,23,100,24,1000,184,no,71,2000
2025-05-21T14:01:54.654428,KXBTCD-25MAY2118-T108499.99,DELTA,23,100,24,1000,185,no,75,-300
2025-05-21T14:01:54.734346,KXBTCD-25MAY2118-T108499.99,DELTA,23,100,24,1000,186,yes,20,-400
2025-05-21T14:01:54.754730,KXBTCD-25MAY2118-T108499.99,DELTA,23,100,29,2024,187,no,76,-1000
2025-05-21T14:01:54.812232,KXBTCD-25MAY2118-T108499.99,DELTA,23,100,29,3024,188,no,71,1000
2025-05-21T14:01:54.832940,KXBTCD-25MAY2118-T108499.99,DELTA,23,100,29,3024,189,yes,22,50
2025-05-21T14:01:54.833594,KXBTCD-25MAY2118-T108499.99,DELTA,23,100,26,250,190,no,74,250
2025-05-21T14:01:54.914172,KXBTCD-25MAY2118-T108499.99,DELTA,23,100,26,250,191,yes,22,-50
2025-05-21T14:01:54.975203,KXBTCD-25MAY2118-T108499.99,DELTA,23,100,26,250,192,no,71,-1000
2025-05-21T14:01:54.975817,KXBTCD-25MAY2118-T108499.99,DELTA,23,100,26,250,193,yes,21,400
2025-05-21T14:01:55.034933,KXBTCD-25MAY2118-T108499.99,DELTA,23,100,25,1000,194,no,75,1000
2025-05-21T14:01:55.177983,KXBTCD-25MAY2118-T108499.99,DELTA,23,100,25,1000,195,yes,2,-1250
2025-05-21T14:01:55.213029,KXBTCD-25MAY2118-T108499.99,DELTA,23,100,25,1000,196,yes,2,1250
2025-05-21T14:01:55.291906,KXBTCD-25MAY2118-T108499.99,DELTA,23,100,25,1000,197,no,74,-250
2025-05-21T14:01:55.334762,KXBTCD-25MAY2118-T108499.99,DELTA,23,100,25,1000,198,no,70,-50
2025-05-21T14:01:55.334984,KXBTCD-25MAY2118-T108499.99,DELTA,23,100,25,1000,199,no,69,50
2025-05-21T14:01:55.373147,KXBTCD-25MAY2118-T108499.99,DELTA,23,100,29,2024,200,no,75,-1000
2025-05-21T14:01:55.373719,KXBTCD-25MAY2118-T108499.99,DELTA,23,100,26,100,201,no,74,100
2025-05-21T14:01:55.431608,KXBTCD-25MAY2118-T108499.99,DELTA,23,100,26,100,202,no,71,-2000
2025-05-21T14:01:55.432199,KXBTCD-25MAY2118-T108499.99,DELTA,23,100,26,100,203,no,71,1000
2025-05-21T14:01:55.493195,KXBTCD-25MAY2118-T108499.99,DELTA,23,100,26,100,204,no,41,2000
2025-05-21T14:01:55.493440,KXBTCD-25MAY2118-T108499.99,DELTA,23,100,26,100,205,no,71,-1000
2025-05-21T14:01:55.571686,KXBTCD-25MAY2118-T108499.99,DELTA,23,100,25,1000,206,no,75,1000
2025-05-21T14:01:56.390610,KXBTCD-25MAY2118-T108499.99,DELTA,23,100,25,1000,207,no,70,-100
2025-05-21T14:01:56.412017,KXBTCD-25MAY2118-T108499.99,DELTA,21,400,25,1000,208,yes,23,-100
2025-05-21T14:01:57.468706,KXBTCD-25MAY2118-T108499.99,DELTA,24,100,25,1000,209,yes,24,100
2025-05-21T14:01:57.469194,KXBTCD-25MAY2118-T108499.99,DELTA,24,100,25,1000,210,no,68,100
2025-05-21T14:01:58.958086,KXBTCD-25MAY2118-T108499.99,DELTA,24,100,25,1000,211,yes,13,24
2025-05-21T14:01:58.958351,KXBTCD-25MAY2118-T108499.99,DELTA,24,100,25,1000,212,yes,11,-24
2025-05-21T14:01:58.973222,KXBTCD-25MAY2118-T108499.99,DELTA,24,100,25,1000,213,no,71,-24
2025-05-21T14:01:58.973388,KXBTCD-25MAY2118-T108499.99,DELTA,24,100,25,1000,214,no,70,24
2025-05-21T14:01:59.093241,KXBTCD-25MAY2118-T108499.99,DELTA,24,100,25,1000,215,yes,2,-1250
2025-05-21T14:01:59.253628,KXBTCD-25MAY2118-T108499.99,DELTA,24,100,25,1000,216,yes,21,-400
2025-05-21T14:01:59.272042,KXBTCD-25MAY2118-T108499.99,DELTA,24,100,25,1000,217,no,74,-100
2025-05-21T14:01:59.353051,KXBTCD-25MAY2118-T108499.99,DELTA,24,100,30,24,218,no,75,-1000
2025-05-21T14:01:59.453402,KXBTCD-25MAY2118-T108499.99,DELTA,24,100,30,24,219,yes,23,300
2025-05-21T14:01:59.456605,KXBTCD-25MAY2118-T108499.99,DELTA,24,100,28,300,220,no,72,300
2025-05-21T14:01:59.472361,KXBTCD-25MAY2118-T108499.99,DELTA,24,100,28,300,221,no,70,1000
2025-05-21T14:01:59.552115,KXBTCD-25MAY2118-T108499.99,DELTA,24,100,28,300,222,no,70,-1000
2025-05-21T14:01:59.613392,KXBTCD-25MAY2118-T108499.99,DELTA,24,100,27,1000,223,no,73,1000
2025-05-21T14:01:59.734278,KXBTCD-25MAY2118-T108499.99,DELTA,24,100,27,1000,224,no,69,-50
2025-05-21T14:01:59.734905,KXBTCD-25MAY2118-T108499.99,DELTA,24,100,27,1000,225,no,68,50
2025-05-21T14:01:59.812781,KXBTCD-25MAY2118-T108499.99,DELTA,24,100,27,1000,226,no,41,-2000
2025-05-21T14:01:59.833564,KXBTCD-25MAY2118-T108499.99,DELTA,23,300,27,1000,227,yes,24,-100
2025-05-21T14:01:59.854671,KXBTCD-25MAY2118-T108499.99,DELTA,23,300,27,1000,228,yes,5,9
2025-05-21T14:01:59.872721,KXBTCD-25MAY2118-T108499.99,DELTA,23,300,27,1000,229,no,69,2000
2025-05-21T14:02:00.292355,KXBTCD-25MAY2118-T108499.99,DELTA,23,300,27,1000,230,yes,14,24
2025-05-21T14:02:00.292487,KXBTCD-25MAY2118-T108499.99,DELTA,23,300,27,1000,231,yes,13,-24
2025-05-21T14:02:00.292571,KXBTCD-25MAY2118-T108499.99,DELTA,23,300,27,1000,232,no,68,24
2025-05-21T14:02:00.329910,KXBTCD-25MAY2118-T108499.99,DELTA,23,300,27,1000,233,no,70,-24
2025-05-21T14:02:01.292492,KXBTCD-25MAY2118-T108499.99,DELTA,25,100,27,1000,234,yes,25,100
2025-05-21T14:02:02.013085,KXBTCD-25MAY2118-T108499.99,DELTA,25,100,27,1000,235,no,69,-2000
2025-05-21T14:02:02.053078,KXBTCD-25MAY2118-T108499.99,DELTA,25,100,27,1000,236,no,72,2000
2025-05-21T14:02:02.181634,KXBTCD-25MAY2118-T108499.99,DELTA,25,100,27,1000,237,no,72,1250
2025-05-21T14:02:04.233256,KXBTCD-25MAY2118-T108499.99,DELTA,25,100,27,1000,238,no,72,-1250
2025-05-21T14:02:05.333377,KXBTCD-25MAY2118-T108499.99,DELTA,25,100,27,1000,239,no,68,-100
2025-05-21T14:02:06.641151,KXBTCD-25MAY2118-T108499.99,DELTA,25,100,27,1000,240,no,66,100
2025-05-21T14:02:06.772745,KXBTCD-25MAY2118-T108499.99,DELTA,25,100,27,1000,241,no,66,-100
2025-05-21T14:02:07.561253,KXBTCD-25MAY2118-T108499.99,DELTA,25,100,27,1000,242,no,72,1250
2025-05-21T14:02:07.562350,KXBTCD-25MAY2118-T108499.99,DELTA,25,100,27,1000,243,no,68,-50
2025-05-21T14:02:07.562923,KXBTCD-25MAY2118-T108499.99,DELTA,25,100,27,1000,244,no,69,50
2025-05-21T14:02:07.612402,KXBTCD-25MAY2118-T108499.99,DELTA,25,100,27,1000,245,yes,2,1250
2025-05-21T14:02:07.613318,KXBTCD-25MAY2118-T108499.99,DELTA,25,100,27,1000,246,no,72,-2000
2025-05-21T14:02:07.633452,KXBTCD-25MAY2118-T108499.99,DELTA,25,100,27,1000,247,yes,23,-300
2025-05-21T14:02:07.653318,KXBTCD-25MAY2118-T108499.99,DELTA,25,100,27,3000,248,no,73,2000
2025-05-21T14:02:07.674941,KXBTCD-25MAY2118-T108499.99,DELTA,25,100,27,3000,249,no,72,-300
2025-05-21T14:02:07.713763,KXBTCD-25MAY2118-T108499.99,DELTA,25,100,27,3000,250,no,67,100
2025-05-21T14:02:07.794760,KXBTCD-25MAY2118-T108499.99,DELTA,25,100,27,3000,251,yes,22,200
2025-05-21T14:02:07.795003,KXBTCD-25MAY2118-T108499.99,DELTA,25,100,26,100,252,no,74,100
2025-05-21T14:02:07.811985,KXBTCD-25MAY2118-T108499.99,DELTA,25,100,26,100,253,no,73,-2000
2025-05-21T14:02:07.812139,KXBTCD-25MAY2118-T108499.99,DELTA,25,100,26,100,254,no,73,-1000
2025-05-21T14:02:07.832603,KXBTCD-25MAY2118-T108499.99,DELTA,25,100,26,100,255,no,72,-1250
2025-05-21T14:02:07.877654,KXBTCD-25MAY2118-T108499.99,DELTA,25,100,26,100,256,no,41,2000
2025-05-21T14:02:07.894628,KXBTCD-25MAY2118-T108499.99,DELTA,25,100,26,1100,257,no,74,1000
2025-05-21T14:02:09.013648,KXBTCD-25MAY2118-T108499.99,DELTA,25,100,26,1100,258,yes,22,-200
2025-05-21T14:02:09.014596,KXBTCD-25MAY2118-T108499.99,DELTA,25,100,26,1000,259,no,74,-100
2025-05-21T14:02:09.096035,KXBTCD-25MAY2118-T108499.99,DELTA,25,100,26,1000,260,yes,21,350
2025-05-21T14:02:09.096979,KXBTCD-25MAY2118-T108499.99,DELTA,25,100,31,50,261,no,74,-1000
2025-05-21T14:02:09.097747,KXBTCD-25MAY2118-T108499.99,DELTA,25,100,26,250,262,no,74,250
2025-05-21T14:02:09.133925,KXBTCD-25MAY2118-T108499.99,DELTA,25,100,26,250,263,yes,5,-9
2025-05-21T14:02:09.134600,KXBTCD-25MAY2118-T108499.99,DELTA,25,100,26,250,264,yes,15,9
2025-05-21T14:02:09.135136,KXBTCD-25MAY2118-T108499.99,DELTA,25,100,26,250,265,no,70,1000
2025-05-21T14:02:09.174428,KXBTCD-25MAY2118-T108499.99,DELTA,25,100,26,250,266,no,70,-1000
2025-05-21T14:02:09.234871,KXBTCD-25MAY2118-T108499.99,DELTA,25,100,26,1250,267,no,74,1000
2025-05-21T14:02:09.433370,KXBTCD-25MAY2118-T108499.99,DELTA,25,100,26,1250,268,no,67,-100
2025-05-21T14:02:11.013353,KXBTCD-25MAY2118-T108499.99,DELTA,25,100,26,1250,269,no,68,100
2025-05-21T14:02:11.133697,KXBTCD-25MAY2118-T108499.99,DELTA,25,100,26,1250,270,yes,15,-9
2025-05-21T14:02:11.133907,KXBTCD-25MAY2118-T108499.99,DELTA,25,100,26,1250,271,yes,5,9
2025-05-21T14:02:12.734383,KXBTCD-25MAY2118-T108499.99,DELTA,25,100,26,1250,272,yes,1,-32400
2025-05-21T14:02:12.734532,KXBTCD-25MAY2118-T108499.99,DELTA,25,100,26,1250,273,yes,2,16200
2025-05-21T14:02:12.752414,KXBTCD-25MAY2118-T108499.99,DELTA,25,100,26,1250,274,yes,13,24
2025-05-21T14:02:12.752585,KXBTCD-25MAY2118-T108499.99,DELTA,25,100,26,1250,275,yes,14,-24
2025-05-21T14:02:12.772742,KXBTCD-25MAY2118-T108499.99,DELTA,25,100,26,1250,276,no,68,-24
2025-05-21T14:02:12.772869,KXBTCD-25MAY2118-T108499.99,DELTA,25,100,26,1250,277,no,70,24
2025-05-21T14:02:12.814055,KXBTCD-25MAY2118-T108499.99,DELTA,25,100,26,1250,278,yes,2,-20000
2025-05-21T14:02:12.814190,KXBTCD-25MAY2118-T108499.99,DELTA,25,100,26,1250,279,yes,2,-2000
2025-05-21T14:02:12.833081,KXBTCD-25MAY2118-T108499.99,DELTA,25,100,26,1250,280,yes,2,-1000
2025-05-21T14:02:12.833213,KXBTCD-25MAY2118-T108499.99,DELTA,25,100,26,1250,281,yes,2,-1250
2025-05-21T14:02:12.916838,KXBTCD-25MAY2118-T108499.99,DELTA,25,100,26,1250,282,yes,3,20000
2025-05-21T14:02:12.917013,KXBTCD-25MAY2118-T108499.99,DELTA,25,100,26,1250,283,yes,3,1000
2025-05-21T14:02:12.917082,KXBTCD-25MAY2118-T108499.99,DELTA,25,100,26,1250,284,yes,3,1250
2025-05-21T14:02:12.917137,KXBTCD-25MAY2118-T108499.99,DELTA,25,100,26,1250,285,yes,3,2000
2025-05-21T14:02:13.832715,KXBTCD-25MAY2118-T108499.99,DELTA,25,100,26,1250,286,yes,2,-16200
2025-05-21T14:02:13.833219,KXBTCD-25MAY2118-T108499.99,DELTA,25,100,26,1250,287,yes,1,32400
2025-05-21T14:02:13.914365,KXBTCD-25MAY2118-T108499.99,DELTA,25,100,26,1250,288,yes,3,-20000
2025-05-21T14:02:13.933311,KXBTCD-25MAY2118-T108499.99,DELTA,25,100,26,1250,289,yes,3,-2000
2025-05-21T14:02:13.933669,KXBTCD-25MAY2118-T108499.99,DELTA,25,100,26,1250,290,yes,3,-1000
2025-05-21T14:02:13.955201,KXBTCD-25MAY2118-T108499.99,DELTA,25,100,26,1250,291,yes,3,-1250
2025-05-21T14:02:14.015337,KXBTCD-25MAY2118-T108499.99,DELTA,25,100,26,1250,292,yes,2,1250
2025-05-21T14:02:14.016143,KXBTCD-25MAY2118-T108499.99,DELTA,25,100,26,1250,293,yes,2,20000
2025-05-21T14:02:14.016502,KXBTCD-25MAY2118-T108499.99,DELTA,25,100,26,1250,294,yes,2,2000
2025-05-21T14:02:14.016758,KXBTCD-25MAY2118-T108499.99,DELTA,25,100,26,1250,295,yes,2,1000
2025-05-21T14:02:14.654300,KXBTCD-25MAY2118-T108499.99,DELTA,25,100,26,1250,296,no,69,-50
2025-05-21T14:02:14.654800,KXBTCD-25MAY2118-T108499.99,DELTA,25,100,26,1250,297,no,70,50
2025-05-21T14:02:14.975782,KXBTCD-25MAY2118-T108499.99,DELTA,25,100,26,1250,298,yes,1,-32400
2025-05-21T14:02:14.976376,KXBTCD-25MAY2118-T108499.99,DELTA,25,100,26,1250,299,yes,2,16200
2025-05-21T14:02:15.054814,KXBTCD-25MAY2118-T108499.99,DELTA,25,100,26,1250,300,yes,2,-20000
2025-05-21T14:02:15.074746,KXBTCD-25MAY2118-T108499.99,DELTA,25,100,26,1250,301,yes,2,-2000
2025-05-21T14:02:15.075368,KXBTCD-25MAY2118-T108499.99,DELTA,25,100,26,1250,302,yes,2,-1000
2025-05-21T14:02:15.095680,KXBTCD-25MAY2118-T108499.99,DELTA,25,100,26,1250,303,yes,2,-1250
2025-05-21T14:02:15.153019,KXBTCD-25MAY2118-T108499.99,DELTA,25,100,26,1250,304,yes,3,1000
2025-05-21T14:02:15.153489,KXBTCD-25MAY2118-T108499.99,DELTA,25,100,26,1250,305,yes,3,2000
2025-05-21T14:02:15.153798,KXBTCD-25MAY2118-T108499.99,DELTA,25,100,26,1250,306,yes,3,1250
2025-05-21T14:02:15.175383,KXBTCD-25MAY2118-T108499.99,DELTA,25,100,26,1250,307,yes,3,20000
2025-05-21T14:02:16.075048,KXBTCD-25MAY2118-T108499.99,DELTA,25,100,26,1250,308,yes,2,-16200
2025-05-21T14:02:16.075750,KXBTCD-25MAY2118-T108499.99,DELTA,25,100,26,1250,309,yes,1,32400
2025-05-21T14:02:16.173884,KXBTCD-25MAY2118-T108499.99,DELTA,25,100,26,1250,310,yes,3,-20000
2025-05-21T14:02:16.174395,KXBTCD-25MAY2118-T108499.99,DELTA,25,100,26,1250,311,yes,3,-2000
2025-05-21T14:02:16.194812,KXBTCD-25MAY2118-T108499.99,DELTA,25,100,26,1250,312,yes,3,-1000
2025-05-21T14:02:16.195338,KXBTCD-25MAY2118-T108499.99,DELTA,25,100,26,1250,313,yes,3,-1250
2025-05-21T14:02:16.254176,KXBTCD-25MAY2118-T108499.99,DELTA,25,100,26,1250,314,yes,2,1000
2025-05-21T14:02:16.254946,KXBTCD-25MAY2118-T108499.99,DELTA,25,100,26,1250,315,yes,2,20000
2025-05-21T14:02:16.255389,KXBTCD-25MAY2118-T108499.99,DELTA,25,100,26,1250,316,yes,2,2000
2025-05-21T14:02:16.274627,KXBTCD-25MAY2118-T108499.99,DELTA,25,100,26,1250,317,yes,2,1250
2025-05-21T14:02:19.502049,KXBTCD-25MAY2118-T108499.99,DELTA,25,100,26,1250,318,yes,1,-32400
2025-05-21T14:02:19.502186,KXBTCD-25MAY2118-T108499.99,DELTA,25,100,26,1250,319,yes,2,16200
2025-05-21T14:02:19.573911,KXBTCD-25MAY2118-T108499.99,DELTA,25,100,26,1250,320,yes,2,-20000
2025-05-21T14:02:19.594435,KXBTCD-25MAY2118-T108499.99,DELTA,25,100,26,1250,321,yes,2,-2000
2025-05-21T14:02:19.594551,KXBTCD-25MAY2118-T108499.99,DELTA,25,100,26,1250,322,yes,2,-1000
2025-05-21T14:02:19.619741,KXBTCD-25MAY2118-T108499.99,DELTA,25,100,26,1250,323,yes,2,-1250
2025-05-21T14:02:19.653761,KXBTCD-25MAY2118-T108499.99,DELTA,25,100,26,1250,324,yes,3,2000
2025-05-21T14:02:19.653880,KXBTCD-25MAY2118-T108499.99,DELTA,25,100,26,1250,325,yes,3,1000
2025-05-21T14:02:19.653947,KXBTCD-25MAY2118-T108499.99,DELTA,25,100,26,1250,326,yes,3,20000
2025-05-21T14:02:19.672683,KXBTCD-25MAY2118-T108499.99,DELTA,25,100,26,1250,327,yes,3,1250
2025-05-21T14:02:20.314005,KXBTCD-25MAY2118-T108499.99,DELTA,25,100,26,1000,328,no,74,-250
2025-05-21T14:02:20.417004,KXBTCD-25MAY2118-T108499.99,DELTA,25,100,30,74,329,no,74,-1000
2025-05-21T14:02:20.454062,KXBTCD-25MAY2118-T108499.99,DELTA,25,100,29,1000,330,no,71,1000
2025-05-21T14:02:20.470632,KXBTCD-25MAY2118-T108499.99,DELTA,25,100,27,350,331,no,73,350
2025-05-21T14:02:20.515023,KXBTCD-25MAY2118-T108499.99,DELTA,25,100,27,350,332,yes,21,-350
2025-05-21T14:02:20.532645,KXBTCD-25MAY2118-T108499.99,DELTA,25,100,27,350,333,no,41,-2000
2025-05-21T14:02:20.532744,KXBTCD-25MAY2118-T108499.99,DELTA,25,100,27,1600,334,no,73,1250
2025-05-21T14:02:20.532814,KXBTCD-25MAY2118-T108499.99,DELTA,25,100,27,1600,335,no,71,-1000
2025-05-21T14:02:20.594618,KXBTCD-25MAY2118-T108499.99,DELTA,25,100,26,1000,336,no,74,1000
2025-05-21T14:02:20.594702,KXBTCD-25MAY2118-T108499.99,DELTA,25,100,26,1000,337,yes,22,300
2025-05-21T14:02:20.594759,KXBTCD-25MAY2118-T108499.99,DELTA,25,100,26,1000,338,no,73,2000
2025-05-21T14:02:20.814879,KXBTCD-25MAY2118-T108499.99,DELTA,25,100,26,1000,339,no,73,-2000
2025-05-21T14:02:20.836431,KXBTCD-25MAY2118-T108499.99,DELTA,25,100,26,1000,340,no,73,-1250
2025-05-21T14:02:20.894157,KXBTCD-25MAY2118-T108499.99,DELTA,25,100,26,1000,341,no,41,2000
2025-05-21T14:02:21.894411,KXBTCD-25MAY2118-T108499.99,DELTA,25,100,26,1000,342,yes,2,-16200
2025-05-21T14:02:21.894530,KXBTCD-25MAY2118-T108499.99,DELTA,25,100,26,1000,343,yes,1,32400
2025-05-21T14:02:21.978897,KXBTCD-25MAY2118-T108499.99,DELTA,25,100,26,1000,344,yes,3,-20000
2025-05-21T14:02:21.979032,KXBTCD-25MAY2118-T108499.99,DELTA,25,100,26,1000,345,yes,3,-2000
2025-05-21T14:02:21.994130,KXBTCD-25MAY2118-T108499.99,DELTA,25,100,26,1000,346,yes,3,-1000
2025-05-21T14:02:21.994250,KXBTCD-25MAY2118-T108499.99,DELTA,25,100,26,1000,347,yes,3,-1250
2025-05-21T14:02:22.055267,KXBTCD-25MAY2118-T108499.99,DELTA,25,100,26,1000,348,yes,2,1000
2025-05-21T14:02:22.075322,KXBTCD-25MAY2118-T108499.99,DELTA,25,100,26,1000,349,yes,2,2000
2025-05-21T14:02:22.075464,KXBTCD-25MAY2118-T108499.99,DELTA,25,100,26,1000,350,yes,2,20000
2025-05-21T14:02:22.994398,KXBTCD-25MAY2118-T108499.99,DELTA,25,100,26,1000,351,yes,1,-32400
2025-05-21T14:02:22.994539,KXBTCD-25MAY2118-T108499.99,DELTA,25,100,26,1000,352,yes,2,16200
2025-05-21T14:02:23.066678,KXBTCD-25MAY2118-T108499.99,DELTA,25,100,26,1000,353,yes,3,1250
2025-05-21T14:02:23.066885,KXBTCD-25MAY2118-T108499.99,DELTA,25,100,26,1000,354,yes,2,-20000
2025-05-21T14:02:23.067121,KXBTCD-25MAY2118-T108499.99,DELTA,25,100,26,1000,355,yes,2,-2000
2025-05-21T14:02:23.085190,KXBTCD-25MAY2118-T108499.99,DELTA,25,100,26,1000,356,yes,2,-1000
2025-05-21T14:02:23.118805,KXBTCD-25MAY2118-T108499.99,DELTA,25,100,26,1000,357,yes,3,1000
2025-05-21T14:02:23.144971,KXBTCD-25MAY2118-T108499.99,DELTA,25,100,26,1000,358,yes,3,20000
2025-05-21T14:02:23.145087,KXBTCD-25MAY2118-T108499.99,DELTA,25,100,26,1000,359,yes,3,2000
2025-05-21T14:02:23.728859,KXBTCD-25MAY2118-T108499.99,DELTA,25,100,26,1000,360,no,70,-50
2025-05-21T14:02:23.728993,KXBTCD-25MAY2118-T108499.99,DELTA,25,100,26,1000,361,no,69,50
2025-05-21T14:02:24.074462,KXBTCD-25MAY2118-T108499.99,DELTA,25,100,26,1000,362,yes,2,-16200
2025-05-21T14:02:24.074581,KXBTCD-25MAY2118-T108499.99,DELTA,25,100,26,1000,363,yes,1,32400
2025-05-21T14:02:24.153789,KXBTCD-25MAY2118-T108499.99,DELTA,25,100,26,1000,364,yes,3,-20000
2025-05-21T14:02:24.153896,KXBTCD-25MAY2118-T108499.99,DELTA,25,100,26,1000,365,yes,3,-2000
2025-05-21T14:02:24.174550,KXBTCD-25MAY2118-T108499.99,DELTA,25,100,26,1000,366,yes,3,-1000
2025-05-21T14:02:24.293885,KXBTCD-25MAY2118-T108499.99,DELTA,25,100,26,1000,367,yes,3,-1250
2025-05-21T14:02:24.294035,KXBTCD-25MAY2118-T108499.99,DELTA,25,100,26,1000,368,yes,2,2000
2025-05-21T14:02:24.294340,KXBTCD-25MAY2118-T108499.99,DELTA,25,100,26,1000,369,yes,2,20000
2025-05-21T14:02:24.294453,KXBTCD-25MAY2118-T108499.99,DELTA,25,100,26,1000,370,yes,2,1000
2025-05-21T14:02:25.173552,KXBTCD-25MAY2118-T108499.99,DELTA,25,100,26,1000,371,yes,1,-32400
2025-05-21T14:02:25.173701,KXBTCD-25MAY2118-T108499.99,DELTA,25,100,26,1000,372,yes,2,16200
2025-05-21T14:02:25.255270,KXBTCD-25MAY2118-T108499.99,DELTA,25,100,26,1000,373,yes,3,1250
2025-05-21T14:02:25.255471,KXBTCD-25MAY2118-T108499.99,DELTA,25,100,26,1000,374,yes,2,-20000
2025-05-21T14:02:25.255713,KXBTCD-25MAY2118-T108499.99,DELTA,25,100,26,1000,375,yes,2,-2000
2025-05-21T14:02:25.274146,KXBTCD-25MAY2118-T108499.99,DELTA,25,100,26,1000,376,yes,2,-1000
2025-05-21T14:02:25.314368,KXBTCD-25MAY2118-T108499.99,DELTA,25,100,26,1000,377,yes,3,20000
2025-05-21T14:02:25.314621,KXBTCD-25MAY2118-T108499.99,DELTA,25,100,26,1000,378,yes,3,2000
2025-05-21T14:02:25.314691,KXBTCD-25MAY2118-T108499.99,DELTA,25,100,26,1000,379,yes,3,1000
2025-05-21T14:02:26.233398,KXBTCD-25MAY2118-T108499.99,DELTA,25,100,26,1000,380,yes,2,-16200
2025-05-21T14:02:26.233492,KXBTCD-25MAY2118-T108499.99,DELTA,25,100,26,1000,381,yes,1,32400
2025-05-21T14:02:26.314775,KXBTCD-25MAY2118-T108499.99,DELTA,25,100,26,1000,382,yes,3,-20000
2025-05-21T14:02:26.335818,KXBTCD-25MAY2118-T108499.99,DELTA,25,100,26,1000,383,yes,3,-2000
2025-05-21T14:02:26.335963,KXBTCD-25MAY2118-T108499.99,DELTA,25,100,26,1000,384,yes,3,-1000
2025-05-21T14:02:26.353085,KXBTCD-25MAY2118-T108499.99,DELTA,25,100,26,1000,385,yes,3,-1250
2025-05-21T14:02:26.393027,KXBTCD-25MAY2118-T108499.99,DELTA,25,100,26,1000,386,yes,2,20000
2025-05-21T14:02:26.413893,KXBTCD-25MAY2118-T108499.99,DELTA,25,100,26,1000,387,yes,2,2000
2025-05-21T14:02:26.414035,KXBTCD-25MAY2118-T108499.99,DELTA,25,100,26,1000,388,yes,2,1000
2025-05-21T14:02:28.874621,KXBTCD-25MAY2118-T108499.99,DELTA,25,100,26,1000,389,no,41,-2000
2025-05-21T14:02:28.874742,KXBTCD-25MAY2118-T108499.99,DELTA,25,100,26,1000,390,no,73,1250
2025-05-21T14:02:28.874815,KXBTCD-25MAY2118-T108499.99,DELTA,25,100,26,1000,391,yes,2,1250
2025-05-21T14:02:28.934335,KXBTCD-25MAY2118-T108499.99,DELTA,25,100,26,1000,392,no,73,2000
2025-05-21T14:02:29.693144,KXBTCD-25MAY2118-T108499.99,DELTA,25,100,26,1000,393,yes,1,-32400
2025-05-21T14:02:29.693338,KXBTCD-25MAY2118-T108499.99,DELTA,25,100,26,1000,394,yes,2,16200
2025-05-21T14:02:29.774478,KXBTCD-25MAY2118-T108499.99,DELTA,25,100,26,1000,395,yes,2,-20000
2025-05-21T14:02:29.774685,KXBTCD-25MAY2118-T108499.99,DELTA,25,100,26,1000,396,yes,2,-2000
2025-05-21T14:02:29.793754,KXBTCD-25MAY2118-T108499.99,DELTA,25,100,26,1000,397,yes,2,-1000
2025-05-21T14:02:29.793875,KXBTCD-25MAY2118-T108499.99,DELTA,25,100,26,1000,398,yes,2,-1250
2025-05-21T14:02:29.834367,KXBTCD-25MAY2118-T108499.99,DELTA,25,100,26,1000,399,yes,3,1000
2025-05-21T14:02:29.834540,KXBTCD-25MAY2118-T108499.99,DELTA,25,100,26,1000,400,yes,3,2000
2025-05-21T14:02:29.834619,KXBTCD-25MAY2118-T108499.99,DELTA,25,100,26,1000,401,yes,3,20000
2025-05-21T14:02:29.834725,KXBTCD-25MAY2118-T108499.99,DELTA,25,100,26,1000,402,yes,3,1250
2025-05-21T14:02:32.575434,KXBTCD-25MAY2118-T108499.99,DELTA,25,100,26,1000,403,yes,2,-16200
2025-05-21T14:02:32.575546,KXBTCD-25MAY2118-T108499.99,DELTA,25,100,26,1000,404,yes,1,32400
2025-05-21T14:02:32.655180,KXBTCD-25MAY2118-T108499.99,DELTA,25,100,26,1000,405,yes,3,-20000
2025-05-21T14:02:32.674612,KXBTCD-25MAY2118-T108499.99,DELTA,25,100,26,1000,406,yes,3,-2000
2025-05-21T14:02:32.674719,KXBTCD-25MAY2118-T108499.99,DELTA,25,100,26,1000,407,yes,3,-1000
2025-05-21T14:02:32.693705,KXBTCD-25MAY2118-T108499.99,DELTA,25,100,26,1000,408,yes,3,-1250
2025-05-21T14:02:32.755151,KXBTCD-25MAY2118-T108499.99,DELTA,25,100,26,1000,409,yes,2,20000
2025-05-21T14:02:32.755362,KXBTCD-25MAY2118-T108499.99,DELTA,25,100,26,1000,410,yes,2,2000
2025-05-21T14:02:32.755646,KXBTCD-25MAY2118-T108499.99,DELTA,25,100,26,1000,411,yes,2,1000
2025-05-21T14:02:32.755826,KXBTCD-25MAY2118-T108499.99,DELTA,25,100,26,1000,412,yes,2,1250
2025-05-21T14:02:33.774698,KXBTCD-25MAY2118-T108499.99,DELTA,25,100,26,1000,413,yes,1,-32400
2025-05-21T14:02:33.774903,KXBTCD-25MAY2118-T108499.99,DELTA,25,100,26,1000,414,yes,2,16200
2025-05-21T14:02:33.855364,KXBTCD-25MAY2118-T108499.99,DELTA,25,100,26,1000,415,yes,2,-20000
2025-05-21T14:02:33.855534,KXBTCD-25MAY2118-T108499.99,DELTA,25,100,26,1000,416,yes,2,-2000
2025-05-21T14:02:33.875075,KXBTCD-25MAY2118-T108499.99,DELTA,25,100,26,1000,417,yes,2,-1000
2025-05-21T14:02:33.875193,KXBTCD-25MAY2118-T108499.99,DELTA,25,100,26,1000,418,yes,2,-1250
2025-05-21T14:02:33.954665,KXBTCD-25MAY2118-T108499.99,DELTA,25,100,26,1000,419,yes,3,1000
2025-05-21T14:02:33.954818,KXBTCD-25MAY2118-T108499.99,DELTA,25,100,26,1000,420,yes,3,1250
2025-05-21T14:02:33.954894,KXBTCD-25MAY2118-T108499.99,DELTA,25,100,26,1000,421,yes,3,2000
2025-05-21T14:02:33.954956,KXBTCD-25MAY2118-T108499.99,DELTA,25,100,26,1000,422,yes,3,20000
2025-05-21T14:02:34.833829,KXBTCD-25MAY2118-T108499.99,DELTA,25,100,26,1000,423,yes,2,-16200
2025-05-21T14:02:34.833939,KXBTCD-25MAY2118-T108499.99,DELTA,25,100,26,1000,424,yes,1,32400
2025-05-21T14:02:34.933915,KXBTCD-25MAY2118-T108499.99,DELTA,25,100,26,1000,425,yes,3,-20000
2025-05-21T14:02:34.934027,KXBTCD-25MAY2118-T108499.99,DELTA,25,100,26,1000,426,yes,3,-2000
2025-05-21T14:02:34.953807,KXBTCD-25MAY2118-T108499.99,DELTA,25,100,26,1000,427,yes,3,-1000
2025-05-21T14:02:34.953936,KXBTCD-25MAY2118-T108499.99,DELTA,25,100,26,1000,428,yes,3,-1250
2025-05-21T14:02:35.015113,KXBTCD-25MAY2118-T108499.99,DELTA,25,100,26,1000,429,yes,2,1000
2025-05-21T14:02:35.015260,KXBTCD-25MAY2118-T108499.99,DELTA,25,100,26,1000,430,yes,2,1250
2025-05-21T14:02:35.015337,KXBTCD-25MAY2118-T108499.99,DELTA,25,100,26,1000,431,yes,2,2000
2025-05-21T14:02:35.015400,KXBTCD-25MAY2118-T108499.99,DELTA,25,100,26,1000,432,yes,2,20000
2025-05-21T14:02:35.874234,KXBTCD-25MAY2118-T108499.99,DELTA,25,100,26,1000,433,yes,1,-32400
2025-05-21T14:02:35.874351,KXBTCD-25MAY2118-T108499.99,DELTA,25,100,26,1000,434,yes,2,16200
2025-05-21T14:02:35.955031,KXBTCD-25MAY2118-T108499.99,DELTA,25,100,26,1000,435,yes,2,-20000
2025-05-21T14:02:35.955178,KXBTCD-25MAY2118-T108499.99,DELTA,25,100,26,1000,436,yes,2,-2000
2025-05-21T14:02:35.975634,KXBTCD-25MAY2118-T108499.99,DELTA,25,100,26,1000,437,yes,2,-1000
2025-05-21T14:02:35.975820,KXBTCD-25MAY2118-T108499.99,DELTA,25,100,26,1000,438,yes,2,-1250
2025-05-21T14:02:36.034609,KXBTCD-25MAY2118-T108499.99,DELTA,25,100,26,1000,439,yes,3,2000
2025-05-21T14:02:36.034849,KXBTCD-25MAY2118-T108499.99,DELTA,25,100,26,1000,440,yes,3,1000
2025-05-21T14:02:36.035092,KXBTCD-25MAY2118-T108499.99,DELTA,25,100,26,1000,441,yes,3,20000
2025-05-21T14:02:36.035179,KXBTCD-25MAY2118-T108499.99,DELTA,25,100,26,1000,442,yes,3,1250
2025-05-21T14:02:36.993922,KXBTCD-25MAY2118-T108499.99,DELTA,25,100,26,1000,443,yes,2,-16200
2025-05-21T14:02:36.994070,KXBTCD-25MAY2118-T108499.99,DELTA,25,100,26,1000,444,yes,1,32400
2025-05-21T14:02:37.073807,KXBTCD-25MAY2118-T108499.99,DELTA,25,100,26,1000,445,yes,3,-20000
2025-05-21T14:02:37.096190,KXBTCD-25MAY2118-T108499.99,DELTA,25,100,26,1000,446,yes,3,-2000
2025-05-21T14:02:37.096314,KXBTCD-25MAY2118-T108499.99,DELTA,25,100,26,1000,447,yes,3,-1000
2025-05-21T14:02:37.118843,KXBTCD-25MAY2118-T108499.99,DELTA,25,100,26,1000,448,yes,3,-1250
2025-05-21T14:02:37.174448,KXBTCD-25MAY2118-T108499.99,DELTA,25,100,26,1000,449,yes,2,1000
2025-05-21T14:02:37.174626,KXBTCD-25MAY2118-T108499.99,DELTA,25,100,26,1000,450,yes,2,2000
2025-05-21T14:02:37.174709,KXBTCD-25MAY2118-T108499.99,DELTA,25,100,26,1000,451,yes,2,20000
2025-05-21T14:02:37.174902,KXBTCD-25MAY2118-T108499.99,DELTA,25,100,26,1000,452,yes,2,1250
2025-05-21T14:02:38.575147,KXBTCD-25MAY2118-T108499.99,DELTA,25,100,26,1000,453,yes,2,-1250
2025-05-21T14:02:38.575256,KXBTCD-25MAY2118-T108499.99,DELTA,25,100,26,1000,454,no,73,-2000
2025-05-21T14:02:38.594537,KXBTCD-25MAY2118-T108499.99,DELTA,25,100,26,1000,455,no,73,-1250
2025-05-21T14:02:38.641568,KXBTCD-25MAY2118-T108499.99,DELTA,25,100,26,1000,456,no,41,2000
2025-05-21T14:02:40.675003,KXBTCD-25MAY2118-T108499.99,DELTA,25,100,26,1000,457,yes,1,-32400
2025-05-21T14:02:40.675134,KXBTCD-25MAY2118-T108499.99,DELTA,25,100,26,1000,458,yes,2,16200
2025-05-21T14:02:40.753965,KXBTCD-25MAY2118-T108499.99,DELTA,25,100,26,1000,459,yes,2,-20000
2025-05-21T14:02:40.773831,KXBTCD-25MAY2118-T108499.99,DELTA,25,100,26,1000,460,yes,2,-2000
2025-05-21T14:02:40.774360,KXBTCD-25MAY2118-T108499.99,DELTA,25,100,26,1000,461,yes,3,1250
2025-05-21T14:02:40.774439,KXBTCD-25MAY2118-T108499.99,DELTA,25,100,26,1000,462,yes,2,-1000
2025-05-21T14:02:40.854335,KXBTCD-25MAY2118-T108499.99,DELTA,25,100,26,1000,463,yes,3,20000
2025-05-21T14:02:40.854534,KXBTCD-25MAY2118-T108499.99,DELTA,25,100,26,1000,464,yes,3,2000
2025-05-21T14:02:40.854853,KXBTCD-25MAY2118-T108499.99,DELTA,25,100,26,1000,465,yes,3,1000
2025-05-21T14:02:43.494858,KXBTCD-25MAY2118-T108499.99,DELTA,25,100,26,1000,466,yes,2,-16200
2025-05-21T14:02:43.495090,KXBTCD-25MAY2118-T108499.99,DELTA,25,100,26,1000,467,yes,4,8100
2025-05-21T14:02:43.574348,KXBTCD-25MAY2118-T108499.99,DELTA,25,100,26,1000,468,yes,3,-20000
2025-05-21T14:02:43.574502,KXBTCD-25MAY2118-T108499.99,DELTA,25,100,26,1000,469,yes,3,-2000
2025-05-21T14:02:43.593691,KXBTCD-25MAY2118-T108499.99,DELTA,25,100,26,1000,470,yes,3,-1000
2025-05-21T14:02:43.593863,KXBTCD-25MAY2118-T108499.99,DELTA,25,100,26,1000,471,yes,3,-1250
2025-05-21T14:02:43.654990,KXBTCD-25MAY2118-T108499.99,DELTA,25,100,26,1000,472,yes,5,1000
2025-05-21T14:02:43.655124,KXBTCD-25MAY2118-T108499.99,DELTA,25,100,26,1000,473,yes,5,1250
2025-05-21T14:02:43.655431,KXBTCD-25MAY2118-T108499.99,DELTA,25,100,26,1000,474,yes,5,2000
2025-05-21T14:02:43.655522,KXBTCD-25MAY2118-T108499.99,DELTA,25,100,26,1000,475,yes,5,20000
2025-05-21T14:02:48.114904,KXBTCD-25MAY2118-T108499.99,DELTA,25,100,26,1000,476,no,41,-2000
2025-05-21T14:02:48.115066,KXBTCD-25MAY2118-T108499.99,DELTA,25,100,26,1000,477,no,73,1250
2025-05-21T14:02:48.174604,KXBTCD-25MAY2118-T108499.99,DELTA,25,100,26,1000,478,no,73,2000
2025-05-21T14:02:48.234410,KXBTCD-25MAY2118-T108499.99,DELTA,25,100,26,1000,479,yes,6,9
2025-05-21T14:02:48.235045,KXBTCD-25MAY2118-T108499.99,DELTA,25,100,26,1000,480,yes,5,-9
2025-05-21T14:02:50.672668,KXBTCD-25MAY2118-T108499.99,DELTA,25,100,26,1000,481,no,68,-100
2025-05-21T14:02:50.672863,KXBTCD-25MAY2118-T108499.99,DELTA,22,300,26,1000,482,yes,25,-100
2025-05-21T14:02:51.799248,KXBTCD-25MAY2118-T108499.99,DELTA,23,100,26,1000,483,yes,23,100
2025-05-21T14:02:51.821931,KXBTCD-25MAY2118-T108499.99,DELTA,23,100,26,1000,484,no,68,100
2025-05-21T14:02:52.016315,KXBTCD-25MAY2118-T108499.99,DELTA,23,100,26,1000,485,yes,22,-300
2025-05-21T14:02:52.075100,KXBTCD-25MAY2118-T108499.99,DELTA,23,100,26,1000,486,yes,21,400
2025-05-21T14:02:52.398431,KXBTCD-25MAY2118-T108499.99,DELTA,23,100,26,1000,487,no,68,-100
2025-05-21T14:02:53.233585,KXBTCD-25MAY2118-T108499.99,DELTA,23,100,26,1000,488,no,68,100
2025-05-21T14:02:53.349700,KXBTCD-25MAY2118-T108499.99,DELTA,23,100,26,1000,489,yes,6,-9
2025-05-21T14:02:53.505582,KXBTCD-25MAY2118-T108499.99,DELTA,23,100,26,1000,490,no,68,-100
2025-05-21T14:02:54.795402,KXBTCD-25MAY2118-T108499.99,DELTA,23,100,26,1000,491,no,69,100
2025-05-21T14:02:55.696784,KXBTCD-25MAY2118-T108499.99,DELTA,23,100,26,1000,492,no,69,-50
2025-05-21T14:02:55.696908,KXBTCD-25MAY2118-T108499.99,DELTA,23,100,26,1000,493,no,70,50
2025-05-21T14:02:55.714691,KXBTCD-25MAY2118-T108499.99,DELTA,23,100,26,1000,494,no,73,-350
2025-05-21T14:02:55.816726,KXBTCD-25MAY2118-T108499.99,DELTA,23,100,26,1000,495,no,73,-2000
2025-05-21T14:02:56.015223,KXBTCD-25MAY2118-T108499.99,DELTA,23,100,27,1250,496,no,74,-1000
2025-05-21T14:02:56.016690,KXBTCD-25MAY2118-T108499.99,DELTA,23,100,30,74,497,no,73,-1250
2025-05-21T14:02:56.294006,KXBTCD-25MAY2118-T108499.99,DELTA,23,100,30,74,498,no,41,2000
2025-05-21T14:02:56.294609,KXBTCD-25MAY2118-T108499.99,DELTA,23,100,29,1000,499,no,71,1000
2025-05-21T14:02:56.506634,KXBTCD-25MAY2118-T108499.99,DELTA,23,100,29,1000,500,yes,21,-400
2025-05-21T14:02:57.114876,KXBTCD-25MAY2118-T108499.99,DELTA,23,100,29,1000,501,yes,14,9
2025-05-21T14:02:57.214563,KXBTCD-25MAY2118-T108499.99,DELTA,23,100,29,1000,502,yes,13,-24
2025-05-21T14:02:57.215701,KXBTCD-25MAY2118-T108499.99,DELTA,23,100,29,1000,503,yes,11,24
2025-05-21T14:02:57.297198,KXBTCD-25MAY2118-T108499.99,DELTA,23,100,29,1024,504,no,71,24
2025-05-21T14:02:57.297325,KXBTCD-25MAY2118-T108499.99,DELTA,23,100,29,1024,505,no,70,-24
2025-05-21T14:02:57.818929,KXBTCD-25MAY2118-T108499.99,DELTA,23,100,29,1024,506,yes,12,9
2025-05-21T14:02:57.819043,KXBTCD-25MAY2118-T108499.99,DELTA,23,100,29,1024,507,yes,14,-9
2025-05-21T14:02:57.820135,KXBTCD-25MAY2118-T108499.99,DELTA,23,100,29,1024,508,yes,11,-24
2025-05-21T14:02:57.820231,KXBTCD-25MAY2118-T108499.99,DELTA,23,100,29,1024,509,yes,13,24
2025-05-21T14:02:58.235084,KXBTCD-25MAY2118-T108499.99,DELTA,23,100,29,1024,510,no,70,24
2025-05-21T14:02:58.235284,KXBTCD-25MAY2118-T108499.99,DELTA,23,100,29,1000,511,no,71,-24
2025-05-21T14:02:58.298972,KXBTCD-25MAY2118-T108499.99,DELTA,23,100,29,1000,512,no,70,-50
2025-05-21T14:02:58.299057,KXBTCD-25MAY2118-T108499.99,DELTA,23,100,29,1000,513,no,68,50
2025-05-21T14:02:58.301161,KXBTCD-25MAY2118-T108499.99,DELTA,13,24,29,1000,514,yes,23,-100
2025-05-21T14:02:58.302137,KXBTCD-25MAY2118-T108499.99,DELTA,20,250,29,1000,515,yes,20,250
2025-05-21T14:02:58.314686,KXBTCD-25MAY2118-T108499.99,DELTA,20,250,24,50,516,no,76,50
2025-05-21T14:02:58.355792,KXBTCD-25MAY2118-T108499.99,DELTA,20,250,24,50,517,yes,14,9
2025-05-21T14:02:58.355890,KXBTCD-25MAY2118-T108499.99,DELTA,20,250,24,50,518,yes,12,-9
2025-05-21T14:02:58.454806,KXBTCD-25MAY2118-T108499.99,DELTA,14,9,24,50,519,yes,20,-250
2025-05-21T14:02:58.454894,KXBTCD-25MAY2118-T108499.99,DELTA,14,9,29,1000,520,no,76,-50
2025-05-21T14:02:58.595206,KXBTCD-25MAY2118-T108499.99,DELTA,14,9,29,1000,521,no,69,-100
2025-05-21T14:02:58.597746,KXBTCD-25MAY2118-T108499.99,DELTA,14,9,30,24,522,no,71,-1000
2025-05-21T14:02:58.600027,KXBTCD-25MAY2118-T108499.99,DELTA,14,9,30,24,523,yes,5,-1000
2025-05-21T14:02:58.734799,KXBTCD-25MAY2118-T108499.99,DELTA,25,150,30,24,524,yes,25,150
2025-05-21T14:02:58.734902,KXBTCD-25MAY2118-T108499.99,DELTA,25,150,29,150,525,no,71,150
2025-05-21T14:02:58.774432,KXBTCD-25MAY2118-T108499.99,DELTA,25,150,29,150,526,yes,5,1000
2025-05-21T14:02:58.794931,KXBTCD-25MAY2118-T108499.99,DELTA,25,150,29,150,527,no,70,1000
2025-05-21T14:02:58.954552,KXBTCD-25MAY2118-T108499.99,DELTA,25,150,29,150,528,no,41,-2000
2025-05-21T14:02:58.954665,KXBTCD-25MAY2118-T108499.99,DELTA,25,150,29,150,529,no,70,-1000
2025-05-21T14:02:59.075428,KXBTCD-25MAY2118-T108499.99,DELTA,25,150,29,2150,530,no,71,2000
2025-05-21T14:02:59.075625,KXBTCD-25MAY2118-T108499.99,DELTA,25,150,28,1000,531,no,72,1000
2025-05-21T14:02:59.094583,KXBTCD-25MAY2118-T108499.99,DELTA,25,250,28,1000,532,yes,25,100
2025-05-21T14:02:59.633737,KXBTCD-25MAY2118-T108499.99,DELTA,25,250,28,1000,533,yes,4,-8100
2025-05-21T14:02:59.633875,KXBTCD-25MAY2118-T108499.99,DELTA,25,250,28,1000,534,yes,3,10800
2025-05-21T14:02:59.774347,KXBTCD-25MAY2118-T108499.99,DELTA,25,250,28,1000,535,yes,5,-20000
2025-05-21T14:02:59.774479,KXBTCD-25MAY2118-T108499.99,DELTA,25,250,28,1000,536,yes,5,-2000
2025-05-21T14:02:59.774557,KXBTCD-25MAY2118-T108499.99,DELTA,25,250,28,1000,537,no,67,100
2025-05-21T14:02:59.795043,KXBTCD-25MAY2118-T108499.99,DELTA,25,250,28,1000,538,yes,5,-1000
2025-05-21T14:02:59.795173,KXBTCD-25MAY2118-T108499.99,DELTA,25,250,28,1000,539,yes,5,-1250
2025-05-21T14:02:59.914770,KXBTCD-25MAY2118-T108499.99,DELTA,25,250,28,1000,540,yes,4,1250
2025-05-21T14:02:59.914947,KXBTCD-25MAY2118-T108499.99,DELTA,25,250,28,1000,541,yes,4,2000
2025-05-21T14:02:59.915205,KXBTCD-25MAY2118-T108499.99,DELTA,25,250,28,1000,542,yes,4,1000
2025-05-21T14:02:59.915271,KXBTCD-25MAY2118-T108499.99,DELTA,25,250,28,1000,543,yes,4,20000
2025-05-21T14:03:00.041035,KXBTCD-25MAY2118-T108499.99,DELTA,25,250,28,1000,544,yes,5,9
2025-05-21T14:03:00.041163,KXBTCD-25MAY2118-T108499.99,DELTA,25,250,28,1000,545,yes,14,-9
2025-05-21T14:03:04.136362,KXBTCD-25MAY2118-T108499.99,DELTA,25,250,28,1000,546,no,71,-2000
2025-05-21T14:03:04.234720,KXBTCD-25MAY2118-T108499.99,DELTA,25,100,28,1000,547,yes,25,-150
2025-05-21T14:03:04.254232,KXBTCD-25MAY2118-T108499.99,DELTA,25,100,28,1000,548,no,71,2000
2025-05-21T14:03:04.275254,KXBTCD-25MAY2118-T108499.99,DELTA,25,100,28,1000,549,no,68,-50
2025-05-21T14:03:04.275435,KXBTCD-25MAY2118-T108499.99,DELTA,25,100,28,1000,550,no,69,50
2025-05-21T14:03:04.294051,KXBTCD-25MAY2118-T108499.99,DELTA,25,100,28,1000,551,yes,24,300
2025-05-21T14:03:04.414269,KXBTCD-25MAY2118-T108499.99,DELTA,25,100,28,1000,552,yes,24,-300
2025-05-21T14:03:04.533731,KXBTCD-25MAY2118-T108499.99,DELTA,25,100,28,1000,553,yes,24,250
2025-05-21T14:03:04.634758,KXBTCD-25MAY2118-T108499.99,DELTA,25,100,28,1000,554,no,71,-150
2025-05-21T14:03:04.675622,KXBTCD-25MAY2118-T108499.99,DELTA,25,100,28,1000,555,no,71,350
2025-05-21T14:03:04.776547,KXBTCD-25MAY2118-T108499.99,DELTA,25,100,28,1000,556,no,71,-2000
2025-05-21T14:03:04.776696,KXBTCD-25MAY2118-T108499.99,DELTA,25,100,29,350,557,no,72,-1000
2025-05-21T14:03:04.815049,KXBTCD-25MAY2118-T108499.99,DELTA,25,100,29,1600,558,no,71,1250
2025-05-21T14:03:04.894277,KXBTCD-25MAY2118-T108499.99,DELTA,25,100,28,1000,559,no,72,1000
2025-05-21T14:03:04.914242,KXBTCD-25MAY2118-T108499.99,DELTA,25,100,28,1000,560,no,71,2000
2025-05-21T14:03:05.394092,KXBTCD-25MAY2118-T108499.99,DELTA,25,100,28,1000,561,no,67,-100
2025-05-21T14:03:05.958056,KXBTCD-25MAY2118-T108499.99,DELTA,25,100,28,1000,562,no,71,-2000
2025-05-21T14:03:05.958724,KXBTCD-25MAY2118-T108499.99,DELTA,25,100,28,1000,563,no,71,-1250
2025-05-21T14:03:06.099366,KXBTCD-25MAY2118-T108499.99,DELTA,25,100,28,3000,564,no,72,2000
2025-05-21T14:03:06.100142,KXBTCD-25MAY2118-T108499.99,DELTA,25,100,28,4250,565,no,72,1250
2025-05-21T14:03:06.195890,KXBTCD-25MAY2118-T108499.99,DELTA,25,100,28,4250,566,no,67,100
2025-05-21T14:03:06.395391,KXBTCD-25MAY2118-T108499.99,DELTA,25,100,28,4250,567,no,67,-100
2025-05-21T14:03:07.263834,KXBTCD-25MAY2118-T108499.99,DELTA,25,100,28,4250,568,no,67,100
2025-05-21T14:03:08.134440,KXBTCD-25MAY2118-T108499.99,DELTA,25,100,28,4250,569,no,69,-50
2025-05-21T14:03:08.134794,KXBTCD-25MAY2118-T108499.99,DELTA,25,100,28,4250,570,no,68,50
2025-05-21T14:03:08.154222,KXBTCD-25MAY2118-T108499.99,DELTA,25,100,28,3000,571,no,72,-1250
2025-05-21T14:03:08.256294,KXBTCD-25MAY2118-T108499.99,DELTA,25,100,28,1000,572,no,72,-2000
2025-05-21T14:03:08.256516,KXBTCD-25MAY2118-T108499.99,DELTA,25,100,28,1000,573,no,71,1250
2025-05-21T14:03:08.418005,KXBTCD-25MAY2118-T108499.99,DELTA,25,100,28,1000,574,no,71,2000
2025-05-21T14:03:08.694334,KXBTCD-25MAY2118-T108499.99,DELTA,25,100,28,1000,575,no,71,-2000
2025-05-21T14:03:08.815725,KXBTCD-25MAY2118-T108499.99,DELTA,25,100,28,3000,576,no,72,2000
2025-05-21T14:03:08.934515,KXBTCD-25MAY2118-T108499.99,DELTA,25,100,28,3000,577,no,71,-1250
2025-05-21T14:03:08.934809,KXBTCD-25MAY2118-T108499.99,DELTA,25,100,28,3000,578,no,71,-350
2025-05-21T14:03:08.953368,KXBTCD-25MAY2118-T108499.99,DELTA,25,100,28,1000,579,no,72,-2000
2025-05-21T14:03:09.074361,KXBTCD-25MAY2118-T108499.99,DELTA,25,100,28,1000,580,yes,24,-250
2025-05-21T14:03:09.114991,KXBTCD-25MAY2118-T108499.99,DELTA,25,100,28,1000,581,no,41,2000
2025-05-21T14:03:09.115572,KXBTCD-25MAY2118-T108499.99,DELTA,25,100,30,24,582,no,72,-1000
2025-05-21T14:03:09.235240,KXBTCD-25MAY2118-T108499.99,DELTA,26,250,30,24,583,yes,26,250
2025-05-21T14:03:09.255219,KXBTCD-25MAY2118-T108499.99,DELTA,26,250,30,24,584,no,69,300
2025-05-21T14:03:09.334792,KXBTCD-25MAY2118-T108499.99,DELTA,26,250,30,24,585,no,69,1000
2025-05-21T14:03:09.357115,KXBTCD-25MAY2118-T108499.99,DELTA,26,250,30,24,586,no,68,-50
2025-05-21T14:03:09.357294,KXBTCD-25MAY2118-T108499.99,DELTA,26,250,30,24,587,no,67,50
2025-05-21T14:03:09.445593,KXBTCD-25MAY2118-T108499.99,DELTA,26,250,30,1274,588,no,70,1250
2025-05-21T14:03:09.515912,KXBTCD-25MAY2118-T108499.99,DELTA,25,100,30,1274,589,yes,26,-250
2025-05-21T14:03:09.591416,KXBTCD-25MAY2118-T108499.99,DELTA,13,24,30,1274,590,yes,25,-100
2025-05-21T14:03:09.591629,KXBTCD-25MAY2118-T108499.99,DELTA,25,300,30,1274,591,yes,25,300
2025-05-21T14:03:09.666299,KXBTCD-25MAY2118-T108499.99,DELTA,25,300,30,1274,592,no,41,-2000
2025-05-21T14:03:09.691488,KXBTCD-25MAY2118-T108499.99,DELTA,25,300,30,1274,593,no,69,-1000
2025-05-21T14:03:09.799818,KXBTCD-25MAY2118-T108499.99,DELTA,25,300,30,2274,594,no,70,1000
2025-05-21T14:03:09.800247,KXBTCD-25MAY2118-T108499.99,DELTA,25,300,30,4274,595,no,70,2000
2025-05-21T14:03:10.227399,KXBTCD-25MAY2118-T108499.99,DELTA,25,300,30,4274,596,yes,3,-10800
2025-05-21T14:03:10.228352,KXBTCD-25MAY2118-T108499.99,DELTA,25,300,30,4274,597,yes,1,32400
2025-05-21T14:03:10.368815,KXBTCD-25MAY2118-T108499.99,DELTA,25,300,30,4274,598,yes,4,-20000
2025-05-21T14:03:10.369060,KXBTCD-25MAY2118-T108499.99,DELTA,25,300,30,4274,599,yes,4,-2000
2025-05-21T14:03:10.381340,KXBTCD-25MAY2118-T108499.99,DELTA,25,300,30,4274,600,yes,4,-1000
2025-05-21T14:03:10.381491,KXBTCD-25MAY2118-T108499.99,DELTA,25,300,30,4274,601,yes,4,-1250
2025-05-21T14:03:10.537759,KXBTCD-25MAY2118-T108499.99,DELTA,25,300,30,4274,602,yes,15,24
2025-05-21T14:03:10.537936,KXBTCD-25MAY2118-T108499.99,DELTA,25,300,30,4274,603,yes,13,-24
2025-05-21T14:03:10.554202,KXBTCD-25MAY2118-T108499.99,DELTA,25,300,30,4250,604,no,70,-24
2025-05-21T14:03:10.554714,KXBTCD-25MAY2118-T108499.99,DELTA,25,300,30,4250,605,no,68,24
2025-05-21T14:03:10.574791,KXBTCD-25MAY2118-T108499.99,DELTA,25,300,30,4250,606,yes,2,1000
2025-05-21T14:03:10.574888,KXBTCD-25MAY2118-T108499.99,DELTA,25,300,30,4250,607,yes,2,2000
2025-05-21T14:03:10.574960,KXBTCD-25MAY2118-T108499.99,DELTA,25,300,30,4250,608,yes,2,20000
2025-05-21T14:03:10.634806,KXBTCD-25MAY2118-T108499.99,DELTA,25,400,30,4250,609,yes,25,100
2025-05-21T14:03:10.654979,KXBTCD-25MAY2118-T108499.99,DELTA,25,400,30,3000,610,no,70,-1250
2025-05-21T14:03:10.719846,KXBTCD-25MAY2118-T108499.99,DELTA,25,100,30,3000,611,yes,25,-300
2025-05-21T14:03:10.816438,KXBTCD-25MAY2118-T108499.99,DELTA,25,100,30,3000,612,no,69,-300
2025-05-21T14:03:10.835037,KXBTCD-25MAY2118-T108499.99,DELTA,25,100,30,3000,613,no,69,1250
2025-05-21T14:03:10.977464,KXBTCD-25MAY2118-T108499.99,DELTA,26,300,30,3000,614,yes,26,300
2025-05-21T14:03:10.996326,KXBTCD-25MAY2118-T108499.99,DELTA,26,300,30,3000,615,no,69,250
2025-05-21T14:03:11.040122,KXBTCD-25MAY2118-T108499.99,DELTA,26,300,30,1000,616,no,70,-2000
2025-05-21T14:03:11.040671,KXBTCD-25MAY2118-T108499.99,DELTA,26,300,31,1500,617,no,70,-1000
2025-05-21T14:03:11.066309,KXBTCD-25MAY2118-T108499.99,DELTA,26,300,31,250,618,no,69,-1250
2025-05-21T14:03:11.077956,KXBTCD-25MAY2118-T108499.99,DELTA,26,300,31,250,619,yes,1,-32400
2025-05-21T14:03:11.078556,KXBTCD-25MAY2118-T108499.99,DELTA,26,300,31,250,620,no,24,-1350
2025-05-21T14:03:11.113895,KXBTCD-25MAY2118-T108499.99,DELTA,26,300,31,250,621,yes,25,-100
2025-05-21T14:03:11.294081,KXBTCD-25MAY2118-T108499.99,DELTA,26,300,30,1250,622,no,70,1250
2025-05-21T14:03:11.294633,KXBTCD-25MAY2118-T108499.99,DELTA,26,300,30,3250,623,no,70,2000
2025-05-21T14:03:11.294864,KXBTCD-25MAY2118-T108499.99,DELTA,26,300,30,4250,624,no,70,1000
2025-05-21T14:03:11.295122,KXBTCD-25MAY2118-T108499.99,DELTA,26,300,30,4250,625,yes,2,-20000
2025-05-21T14:03:11.316594,KXBTCD-25MAY2118-T108499.99,DELTA,26,300,30,4250,626,yes,2,-2000
2025-05-21T14:03:11.316767,KXBTCD-25MAY2118-T108499.99,DELTA,26,300,30,4250,627,yes,2,-1000
2025-05-21T14:03:12.155299,KXBTCD-25MAY2118-T108499.99,DELTA,26,400,30,4250,628,yes,26,100
2025-05-21T14:03:12.355840,KXBTCD-25MAY2118-T108499.99,DELTA,26,100,30,4250,629,yes,26,-300
2025-05-21T14:03:12.414711,KXBTCD-25MAY2118-T108499.99,DELTA,26,100,30,4250,630,yes,25,300
2025-05-21T14:03:12.495551,KXBTCD-25MAY2118-T108499.99,DELTA,26,100,30,4250,631,no,69,-250
2025-05-21T14:03:12.595191,KXBTCD-25MAY2118-T108499.99,DELTA,26,100,30,4250,632,no,67,-50
2025-05-21T14:03:12.595895,KXBTCD-25MAY2118-T108499.99,DELTA,26,100,30,4250,633,no,69,50
2025-05-21T14:03:12.677087,KXBTCD-25MAY2118-T108499.99,DELTA,26,100,30,2250,634,no,70,-2000
2025-05-21T14:03:12.677752,KXBTCD-25MAY2118-T108499.99,DELTA,26,100,30,1250,635,no,70,-1000
2025-05-21T14:03:12.678250,KXBTCD-25MAY2118-T108499.99,DELTA,26,100,29,50,636,no,71,50
2025-05-21T14:03:12.694764,KXBTCD-25MAY2118-T108499.99,DELTA,26,100,29,50,637,no,70,-1250
2025-05-21T14:03:12.836260,KXBTCD-25MAY2118-T108499.99,DELTA,26,100,29,50,638,no,41,2000
2025-05-21T14:03:12.857043,KXBTCD-25MAY2118-T108499.99,DELTA,26,100,28,1000,639,no,72,1000
2025-05-21T14:03:13.534967,KXBTCD-25MAY2118-T108499.99,DELTA,25,300,28,1000,640,yes,26,-100
2025-05-21T14:03:13.535942,KXBTCD-25MAY2118-T108499.99,DELTA,25,300,28,1000,641,no,67,-100
2025-05-21T14:03:14.795763,KXBTCD-25MAY2118-T108499.99,DELTA,25,400,28,1000,642,yes,25,100
2025-05-21T14:03:14.796495,KXBTCD-25MAY2118-T108499.99,DELTA,25,400,28,1000,643,no,67,100
2025-05-21T14:03:14.835446,KXBTCD-25MAY2118-T108499.99,DELTA,25,400,28,1000,644,no,71,-50
2025-05-21T14:03:14.921717,KXBTCD-25MAY2118-T108499.99,DELTA,25,400,28,1000,645,no,71,200
2025-05-21T14:03:15.024062,KXBTCD-25MAY2118-T108499.99,DELTA,25,400,29,200,646,no,72,-1000
2025-05-21T14:03:15.047452,KXBTCD-25MAY2118-T108499.99,DELTA,25,100,29,200,647,yes,25,-300
2025-05-21T14:03:15.135376,KXBTCD-25MAY2118-T108499.99,DELTA,25,100,29,200,648,yes,24,350
2025-05-21T14:03:15.136157,KXBTCD-25MAY2118-T108499.99,DELTA,25,100,29,200,649,no,41,-2000
2025-05-21T14:03:15.136741,KXBTCD-25MAY2118-T108499.99,DELTA,25,100,28,1000,650,no,72,1000
2025-05-21T14:03:15.256534,KXBTCD-25MAY2118-T108499.99,DELTA,25,100,28,3000,651,no,72,2000
2025-05-21T14:03:15.734365,KXBTCD-25MAY2118-T108499.99,DELTA,25,100,28,3000,652,no,67,-100
2025-05-21T14:03:16.175381,KXBTCD-25MAY2118-T108499.99,DELTA,25,100,28,3000,653,no,69,-50
2025-05-21T14:03:16.176084,KXBTCD-25MAY2118-T108499.99,DELTA,25,100,28,3000,654,no,70,50
2025-05-21T14:03:16.833903,KXBTCD-25MAY2118-T108499.99,DELTA,25,100,28,3000,655,no,68,100
2025-05-21T14:03:17.595544,KXBTCD-25MAY2118-T108499.99,DELTA,25,100,28,3000,656,yes,1,32400
2025-05-21T14:03:17.654744,KXBTCD-25MAY2118-T108499.99,DELTA,25,100,28,3000,657,no,24,1350
2025-05-21T14:03:17.736172,KXBTCD-25MAY2118-T108499.99,DELTA,25,100,28,3000,658,yes,2,1000
2025-05-21T14:03:17.736898,KXBTCD-25MAY2118-T108499.99,DELTA,25,100,28,3000,659,yes,2,2000
2025-05-21T14:03:17.755182,KXBTCD-25MAY2118-T108499.99,DELTA,25,100,28,3000,660,yes,2,20000
2025-05-21T14:03:20.935680,KXBTCD-25MAY2118-T108499.99,DELTA,25,100,28,3000,661,yes,1,-32400
2025-05-21T14:03:20.935893,KXBTCD-25MAY2118-T108499.99,DELTA,25,100,28,3000,662,yes,2,16200
2025-05-21T14:03:21.055290,KXBTCD-25MAY2118-T108499.99,DELTA,25,100,28,3000,663,yes,13,24
2025-05-21T14:03:21.055474,KXBTCD-25MAY2118-T108499.99,DELTA,25,100,28,3000,664,yes,15,-24
2025-05-21T14:03:21.055601,KXBTCD-25MAY2118-T108499.99,DELTA,25,100,28,3000,665,no,68,-24
2025-05-21T14:03:21.055865,KXBTCD-25MAY2118-T108499.99,DELTA,25,100,28,3000,666,no,70,24
2025-05-21T14:03:21.055982,KXBTCD-25MAY2118-T108499.99,DELTA,25,100,28,3000,667,yes,3,1250
2025-05-21T14:03:21.097237,KXBTCD-25MAY2118-T108499.99,DELTA,25,100,28,3000,668,yes,2,-20000
2025-05-21T14:03:21.115582,KXBTCD-25MAY2118-T108499.99,DELTA,25,100,28,3000,669,yes,2,-2000
2025-05-21T14:03:21.115845,KXBTCD-25MAY2118-T108499.99,DELTA,25,100,28,3000,670,yes,2,-1000
2025-05-21T14:03:21.156199,KXBTCD-25MAY2118-T108499.99,DELTA,25,100,28,3000,671,yes,24,-350
2025-05-21T14:03:21.254504,KXBTCD-25MAY2118-T108499.99,DELTA,25,100,28,3000,672,no,71,-200
2025-05-21T14:03:21.276580,KXBTCD-25MAY2118-T108499.99,DELTA,25,100,28,3000,673,yes,3,20000
2025-05-21T14:03:21.277417,KXBTCD-25MAY2118-T108499.99,DELTA,25,100,28,3000,674,yes,3,2000
2025-05-21T14:03:21.278080,KXBTCD-25MAY2118-T108499.99,DELTA,25,100,28,3000,675,yes,3,1000
2025-05-21T14:03:21.394361,KXBTCD-25MAY2118-T108499.99,DELTA,25,100,28,3000,676,yes,22,300
2025-05-21T14:03:21.394596,KXBTCD-25MAY2118-T108499.99,DELTA,25,100,28,1000,677,no,72,-2000
2025-05-21T14:03:21.414995,KXBTCD-25MAY2118-T108499.99,DELTA,25,100,27,300,678,no,73,300
2025-05-21T14:03:21.415177,KXBTCD-25MAY2118-T108499.99,DELTA,25,100,27,300,679,no,72,-1000
2025-05-21T14:03:21.555368,KXBTCD-25MAY2118-T108499.99,DELTA,25,100,27,1550,680,no,73,1250
2025-05-21T14:03:21.555949,KXBTCD-25MAY2118-T108499.99,DELTA,25,100,27,1550,681,no,41,2000
2025-05-21T14:03:21.593230,KXBTCD-25MAY2118-T108499.99,DELTA,25,100,27,1550,682,no,71,1000
2025-05-21T14:03:21.677079,KXBTCD-25MAY2118-T108499.99,DELTA,22,300,27,1550,683,yes,25,-100
2025-05-21T14:03:21.694931,KXBTCD-25MAY2118-T108499.99,DELTA,22,300,27,1550,684,no,41,-2000
2025-05-21T14:03:21.714441,KXBTCD-25MAY2118-T108499.99,DELTA,22,300,27,1550,685,no,71,-1000
2025-05-21T14:03:21.840829,KXBTCD-25MAY2118-T108499.99,DELTA,22,300,26,1000,686,no,74,1000
2025-05-21T14:03:21.841595,KXBTCD-25MAY2118-T108499.99,DELTA,22,300,26,1000,687,no,73,2000
2025-05-21T14:03:22.019394,KXBTCD-25MAY2118-T108499.99,DELTA,22,300,26,1000,688,no,70,-50
2025-05-21T14:03:22.019529,KXBTCD-25MAY2118-T108499.99,DELTA,22,300,26,1000,689,no,71,50
2025-05-21T14:03:22.115178,KXBTCD-25MAY2118-T108499.99,DELTA,22,300,26,1000,690,no,68,-100
2025-05-21T14:03:22.266375,KXBTCD-25MAY2118-T108499.99,DELTA,22,300,26,1000,691,yes,2,-16200
2025-05-21T14:03:22.267551,KXBTCD-25MAY2118-T108499.99,DELTA,22,300,26,1000,692,yes,1,32400
2025-05-21T14:03:22.334919,KXBTCD-25MAY2118-T108499.99,DELTA,22,300,26,1000,693,no,73,-300
2025-05-21T14:03:22.357454,KXBTCD-25MAY2118-T108499.99,DELTA,22,300,26,1000,694,no,73,-1250
2025-05-21T14:03:22.375213,KXBTCD-25MAY2118-T108499.99,DELTA,22,300,26,1000,695,no,72,350
2025-05-21T14:03:22.397423,KXBTCD-25MAY2118-T108499.99,DELTA,22,300,26,1000,696,yes,3,-20000
2025-05-21T14:03:22.417337,KXBTCD-25MAY2118-T108499.99,DELTA,22,300,26,1000,697,yes,3,-2000
2025-05-21T14:03:22.417919,KXBTCD-25MAY2118-T108499.99,DELTA,22,300,26,1000,698,yes,3,-1000
2025-05-21T14:03:22.435133,KXBTCD-25MAY2118-T108499.99,DELTA,22,300,26,1000,699,yes,3,-1250
2025-05-21T14:03:22.475094,KXBTCD-25MAY2118-T108499.99,DELTA,22,300,26,1000,700,no,73,-2000
2025-05-21T14:03:22.475805,KXBTCD-25MAY2118-T108499.99,DELTA,22,300,28,350,701,no,74,-1000
2025-05-21T14:03:22.534336,KXBTCD-25MAY2118-T108499.99,DELTA,22,300,28,1600,702,no,72,1250
2025-05-21T14:03:22.556474,KXBTCD-25MAY2118-T108499.99,DELTA,22,300,28,1600,703,yes,2,2000
2025-05-21T14:03:22.576689,KXBTCD-25MAY2118-T108499.99,DELTA,22,300,28,1600,704,yes,2,1250
2025-05-21T14:03:22.577446,KXBTCD-25MAY2118-T108499.99,DELTA,22,300,28,1600,705,yes,2,1000
2025-05-21T14:03:22.578044,KXBTCD-25MAY2118-T108499.99,DELTA,22,300,28,1600,706,yes,2,20000
2025-05-21T14:03:22.596252,KXBTCD-25MAY2118-T108499.99,DELTA,22,300,27,2000,707,no,73,2000
2025-05-21T14:03:22.596890,KXBTCD-25MAY2118-T108499.99,DELTA,22,300,27,3000,708,no,73,1000
2025-05-21T14:03:23.536507,KXBTCD-25MAY2118-T108499.99,DELTA,22,300,27,3000,709,yes,1,-32400
2025-05-21T14:03:23.537612,KXBTCD-25MAY2118-T108499.99,DELTA,22,300,27,3000,710,yes,2,16200
2025-05-21T14:03:23.614701,KXBTCD-25MAY2118-T108499.99,DELTA,23,100,27,3000,711,yes,23,100
2025-05-21T14:03:23.635544,KXBTCD-25MAY2118-T108499.99,DELTA,23,100,27,3000,712,no,68,100
2025-05-21T14:03:23.654652,KXBTCD-25MAY2118-T108499.99,DELTA,23,100,27,3000,713,yes,2,-20000
2025-05-21T14:03:23.675259,KXBTCD-25MAY2118-T108499.99,DELTA,23,100,27,3000,714,yes,2,-2000
2025-05-21T14:03:23.675572,KXBTCD-25MAY2118-T108499.99,DELTA,23,100,27,3000,715,yes,2,-1000
2025-05-21T14:03:23.694733,KXBTCD-25MAY2118-T108499.99,DELTA,23,100,27,3000,716,yes,2,-1250
2025-05-21T14:03:23.816600,KXBTCD-25MAY2118-T108499.99,DELTA,23,100,27,3000,717,no,68,-100
2025-05-21T14:03:23.817357,KXBTCD-25MAY2118-T108499.99,DELTA,23,100,27,3000,718,yes,3,20000
2025-05-21T14:03:23.834010,KXBTCD-25MAY2118-T108499.99,DELTA,23,100,27,3000,719,yes,3,1250
2025-05-21T14:03:23.834603,KXBTCD-25MAY2118-T108499.99,DELTA,23,100,27,3000,720,yes,3,1000
2025-05-21T14:03:23.835114,KXBTCD-25MAY2118-T108499.99,DELTA,23,100,27,3000,721,yes,3,2000
2025-05-21T14:03:23.898035,KXBTCD-25MAY2118-T108499.99,DELTA,23,100,27,3000,722,no,72,-1250
2025-05-21T14:03:24.053430,KXBTCD-25MAY2118-T108499.99,DELTA,23,100,27,4250,723,no,73,1250
2025-05-21T14:03:24.715041,KXBTCD-25MAY2118-T108499.99,DELTA,23,100,27,4250,724,no,69,100
2025-05-21T14:03:24.815780,KXBTCD-25MAY2118-T108499.99,DELTA,23,100,27,4250,725,yes,2,-16200
2025-05-21T14:03:24.816455,KXBTCD-25MAY2118-T108499.99,DELTA,23,100,27,4250,726,yes,1,32400
2025-05-21T14:03:24.969763,KXBTCD-25MAY2118-T108499.99,DELTA,23,100,27,4250,727,yes,3,-20000
2025-05-21T14:03:24.991212,KXBTCD-25MAY2118-T108499.99,DELTA,23,100,27,4250,728,yes,3,-2000
2025-05-21T14:03:24.991846,KXBTCD-25MAY2118-T108499.99,DELTA,23,100,27,4250,729,yes,3,-1000
2025-05-21T14:03:25.003858,KXBTCD-25MAY2118-T108499.99,DELTA,23,100,27,4250,730,yes,3,-1250
2025-05-21T14:03:25.135933,KXBTCD-25MAY2118-T108499.99,DELTA,23,100,27,4250,731,yes,2,2000
2025-05-21T14:03:25.136132,KXBTCD-25MAY2118-T108499.99,DELTA,23,100,27,4250,732,yes,2,1000
2025-05-21T14:03:25.136224,KXBTCD-25MAY2118-T108499.99,DELTA,23,100,27,4250,733,yes,2,20000
2025-05-21T14:03:25.136304,KXBTCD-25MAY2118-T108499.99,DELTA,23,100,27,4250,734,yes,2,1250
2025-05-21T14:03:25.515247,KXBTCD-25MAY2118-T108499.99,DELTA,23,100,27,4250,735,yes,12,24
2025-05-21T14:03:25.515445,KXBTCD-25MAY2118-T108499.99,DELTA,23,100,27,4250,736,yes,13,-24
2025-05-21T14:03:25.515785,KXBTCD-25MAY2118-T108499.99,DELTA,23,100,27,4250,737,no,71,24
2025-05-21T14:03:25.534154,KXBTCD-25MAY2118-T108499.99,DELTA,23,100,27,4250,738,no,70,-24
2025-05-21T14:03:25.974451,KXBTCD-25MAY2118-T108499.99,DELTA,23,100,27,4250,739,no,72,-350
2025-05-21T14:03:26.005595,KXBTCD-25MAY2118-T108499.99,DELTA,23,100,27,4250,740,yes,1,-32400
2025-05-21T14:03:26.005720,KXBTCD-25MAY2118-T108499.99,DELTA,23,100,27,4250,741,yes,2,16200
2025-05-21T14:03:26.116041,KXBTCD-25MAY2118-T108499.99,DELTA,23,100,27,2250,742,no,73,-2000
2025-05-21T14:03:26.135282,KXBTCD-25MAY2118-T108499.99,DELTA,23,100,27,1250,743,no,73,-1000
2025-05-21T14:03:26.135382,KXBTCD-25MAY2118-T108499.99,DELTA,23,100,27,1250,744,yes,2,-20000
2025-05-21T14:03:26.135449,KXBTCD-25MAY2118-T108499.99,DELTA,23,100,27,1250,745,yes,2,-2000
2025-05-21T14:03:26.135497,KXBTCD-25MAY2118-T108499.99,DELTA,23,100,29,74,746,no,73,-1250
2025-05-21T14:03:26.155705,KXBTCD-25MAY2118-T108499.99,DELTA,23,100,29,74,747,yes,2,-1000
2025-05-21T14:03:26.155942,KXBTCD-25MAY2118-T108499.99,DELTA,23,100,29,74,748,yes,2,-1250
2025-05-21T14:03:26.156019,KXBTCD-25MAY2118-T108499.99,DELTA,23,100,26,150,749,no,74,150
2025-05-21T14:03:26.254660,KXBTCD-25MAY2118-T108499.99,DELTA,23,100,26,150,750,no,72,1000
2025-05-21T14:03:26.255099,KXBTCD-25MAY2118-T108499.99,DELTA,23,100,26,150,751,no,41,2000
2025-05-21T14:03:26.275788,KXBTCD-25MAY2118-T108499.99,DELTA,23,100,26,150,752,yes,22,-300
2025-05-21T14:03:26.276160,KXBTCD-25MAY2118-T108499.99,DELTA,23,100,26,150,753,yes,3,2000
2025-05-21T14:03:26.276442,KXBTCD-25MAY2118-T108499.99,DELTA,23,100,26,150,754,yes,3,20000
2025-05-21T14:03:26.294625,KXBTCD-25MAY2118-T108499.99,DELTA,23,100,26,150,755,yes,3,1000
2025-05-21T14:03:26.294778,KXBTCD-25MAY2118-T108499.99,DELTA,23,100,26,150,756,yes,3,1250
2025-05-21T14:03:26.374236,KXBTCD-25MAY2118-T108499.99,DELTA,23,100,26,150,757,no,41,-2000
2025-05-21T14:03:26.394285,KXBTCD-25MAY2118-T108499.99,DELTA,23,100,26,150,758,no,72,-1000
2025-05-21T14:03:26.395246,KXBTCD-25MAY2118-T108499.99,DELTA,23,100,26,150,759,yes,13,9
2025-05-21T14:03:26.395316,KXBTCD-25MAY2118-T108499.99,DELTA,23,100,26,150,760,yes,5,-9
2025-05-21T14:03:26.433352,KXBTCD-25MAY2118-T108499.99,DELTA,23,100,26,150,761,yes,22,50
2025-05-21T14:03:26.514650,KXBTCD-25MAY2118-T108499.99,DELTA,23,100,25,1000,762,no,75,1000
2025-05-21T14:03:26.514758,KXBTCD-25MAY2118-T108499.99,DELTA,23,100,25,1000,763,no,74,2000
2025-05-21T14:03:26.553241,KXBTCD-25MAY2118-T108499.99,DELTA,23,100,25,1000,764,no,69,-100
2025-05-21T14:03:27.456005,KXBTCD-25MAY2118-T108499.99,DELTA,23,100,25,1000,765,no,70,100
2025-05-21T14:03:27.594092,KXBTCD-25MAY2118-T108499.99,DELTA,23,100,25,1000,766,yes,22,-50
2025-05-21T14:03:27.654921,KXBTCD-25MAY2118-T108499.99,DELTA,23,100,25,1000,767,yes,22,150
2025-05-21T14:03:27.753885,KXBTCD-25MAY2118-T108499.99,DELTA,23,100,25,1000,768,yes,22,-150
2025-05-21T14:03:27.814824,KXBTCD-25MAY2118-T108499.99,DELTA,23,100,25,1000,769,yes,21,350
2025-05-21T14:03:29.574467,KXBTCD-25MAY2118-T108499.99,DELTA,23,100,25,1000,770,yes,2,-16200
2025-05-21T14:03:29.574912,KXBTCD-25MAY2118-T108499.99,DELTA,23,100,25,1000,771,yes,1,32400
2025-05-21T14:03:29.695252,KXBTCD-25MAY2118-T108499.99,DELTA,23,100,25,1000,772,yes,5,9
2025-05-21T14:03:29.695997,KXBTCD-25MAY2118-T108499.99,DELTA,23,100,25,1000,773,yes,13,-9
2025-05-21T14:03:29.697128,KXBTCD-25MAY2118-T108499.99,DELTA,23,100,25,1000,774,yes,3,-20000
2025-05-21T14:03:29.714848,KXBTCD-25MAY2118-T108499.99,DELTA,23,100,25,1000,775,yes,3,-2000
2025-05-21T14:03:29.715502,KXBTCD-25MAY2118-T108499.99,DELTA,23,100,25,1000,776,yes,3,-1000
2025-05-21T14:03:29.734720,KXBTCD-25MAY2118-T108499.99,DELTA,23,100,25,1000,777,yes,3,-1250
2025-05-21T14:03:29.836246,KXBTCD-25MAY2118-T108499.99,DELTA,23,100,25,1000,778,yes,2,20000
2025-05-21T14:03:29.875288,KXBTCD-25MAY2118-T108499.99,DELTA,23,100,25,1000,779,yes,2,1250
2025-05-21T14:03:29.875977,KXBTCD-25MAY2118-T108499.99,DELTA,23,100,25,1000,780,yes,2,1000
2025-05-21T14:03:29.876549,KXBTCD-25MAY2118-T108499.99,DELTA,23,100,25,1000,781,yes,2,2000
2025-05-21T14:03:31.535182,KXBTCD-25MAY2118-T108499.99,DELTA,23,100,25,1000,782,no,71,-50
2025-05-21T14:03:31.536354,KXBTCD-25MAY2118-T108499.99,DELTA,23,100,25,1000,783,no,72,50
2025-05-21T14:03:31.835571,KXBTCD-25MAY2118-T108499.99,DELTA,23,100,25,1000,784,no,74,-2000
2025-05-21T14:03:31.975315,KXBTCD-25MAY2118-T108499.99,DELTA,23,100,25,3000,785,no,75,2000
2025-05-21T14:03:32.075403,KXBTCD-25MAY2118-T108499.99,DELTA,23,100,25,1000,786,no,75,-2000
2025-05-21T14:03:32.195351,KXBTCD-25MAY2118-T108499.99,DELTA,23,100,25,1000,787,no,74,2000
2025-05-21T14:03:32.435980,KXBTCD-25MAY2118-T108499.99,DELTA,23,100,25,1000,788,no,74,-150
2025-05-21T14:03:32.515630,KXBTCD-25MAY2118-T108499.99,DELTA,23,100,25,1000,789,yes,10,24
2025-05-21T14:03:32.515762,KXBTCD-25MAY2118-T108499.99,DELTA,23,100,25,1000,790,yes,12,-24
2025-05-21T14:03:32.515849,KXBTCD-25MAY2118-T108499.99,DELTA,23,100,25,1000,791,no,74,300
2025-05-21T14:03:32.515929,KXBTCD-25MAY2118-T108499.99,DELTA,23,100,25,1000,792,no,73,24
2025-05-21T14:03:32.533382,KXBTCD-25MAY2118-T108499.99,DELTA,23,100,25,1000,793,no,71,-24
2025-05-21T14:03:32.573435,KXBTCD-25MAY2118-T108499.99,DELTA,23,100,25,1000,794,no,74,-2000
2025-05-21T14:03:32.573577,KXBTCD-25MAY2118-T108499.99,DELTA,23,100,26,300,795,no,75,-1000
2025-05-21T14:03:32.694598,KXBTCD-25MAY2118-T108499.99,DELTA,23,100,26,2300,796,no,74,2000
2025-05-21T14:03:32.695106,KXBTCD-25MAY2118-T108499.99,DELTA,23,100,26,3550,797,no,74,1250
2025-05-21T14:03:32.695396,KXBTCD-25MAY2118-T108499.99,DELTA,23,100,25,1000,798,no,75,1000
2025-05-21T14:03:39.013435,KXBTCD-25MAY2118-T108499.99,DELTA,21,350,25,1000,799,yes,23,-100
2025-05-21T14:03:39.253936,KXBTCD-25MAY2118-T108499.99,DELTA,21,350,25,1000,800,no,74,-2000
2025-05-21T14:03:39.275084,KXBTCD-25MAY2118-T108499.99,DELTA,21,350,25,1000,801,no,74,-1250
2025-05-21T14:03:39.317303,KXBTCD-25MAY2118-T108499.99,DELTA,10,24,25,1000,802,yes,21,-350
2025-05-21T14:03:39.393426,KXBTCD-25MAY2118-T108499.99,DELTA,10,24,25,3000,803,no,75,2000
2025-05-21T14:03:39.393739,KXBTCD-25MAY2118-T108499.99,DELTA,10,24,25,4250,804,no,75,1250
2025-05-21T14:03:39.393803,KXBTCD-25MAY2118-T108499.99,DELTA,20,350,25,4250,805,yes,20,350
2025-05-21T14:03:39.513349,KXBTCD-25MAY2118-T108499.99,DELTA,20,350,25,4250,806,no,74,-300
2025-05-21T14:03:39.654922,KXBTCD-25MAY2118-T108499.99,DELTA,20,350,25,4250,807,no,70,-100
2025-05-21T14:03:39.655022,KXBTCD-25MAY2118-T108499.99,DELTA,20,350,25,2250,808,no,75,-2000
2025-05-21T14:03:39.655078,KXBTCD-25MAY2118-T108499.99,DELTA,20,350,24,50,809,no,76,50
2025-05-21T14:03:39.674671,KXBTCD-25MAY2118-T108499.99,DELTA,21,100,24,50,810,yes,21,100
2025-05-21T14:03:39.674778,KXBTCD-25MAY2118-T108499.99,DELTA,21,100,24,50,811,no,75,-1000
2025-05-21T14:03:39.674848,KXBTCD-25MAY2118-T108499.99,DELTA,21,100,24,50,812,no,75,-1250
2025-05-21T14:03:39.796239,KXBTCD-25MAY2118-T108499.99,DELTA,21,100,23,1000,813,no,77,1000
2025-05-21T14:03:39.814920,KXBTCD-25MAY2118-T108499.99,DELTA,21,100,23,1000,814,no,41,2000
2025-05-21T14:03:41.274156,KXBTCD-25MAY2118-T108499.99,DELTA,21,100,23,1000,815,no,71,100
2025-05-21T14:03:41.935001,KXBTCD-25MAY2118-T108499.99,DELTA,21,100,23,1000,816,no,76,-50
2025-05-21T14:03:42.097733,KXBTCD-25MAY2118-T108499.99,DELTA,21,100,27,24,817,no,77,-1000
2025-05-21T14:03:42.134802,KXBTCD-25MAY2118-T108499.99,DELTA,21,100,24,150,818,no,76,150
2025-05-21T14:03:42.214946,KXBTCD-25MAY2118-T108499.99,DELTA,21,100,24,150,819,no,56,9
2025-05-21T14:03:42.238073,KXBTCD-25MAY2118-T108499.99,DELTA,21,100,24,150,820,no,73,1000
2025-05-21T14:03:42.376302,KXBTCD-25MAY2118-T108499.99,DELTA,21,100,24,150,821,no,73,-1000
2025-05-21T14:03:42.494928,KXBTCD-25MAY2118-T108499.99,DELTA,21,100,23,1000,822,no,77,1000
2025-05-21T14:03:44.554748,KXBTCD-25MAY2118-T108499.99,DELTA,21,100,23,1000,823,yes,1,-32400
2025-05-21T14:03:44.614340,KXBTCD-25MAY2118-T108499.99,DELTA,21,100,23,1000,824,yes,4,-3000
2025-05-21T14:03:44.615196,KXBTCD-25MAY2118-T108499.99,DELTA,21,100,23,1000,825,no,41,-2000
2025-05-21T14:03:44.653996,KXBTCD-25MAY2118-T108499.99,DELTA,21,100,23,1000,826,no,56,-9
2025-05-21T14:03:44.694462,KXBTCD-25MAY2118-T108499.99,DELTA,21,100,23,1000,827,yes,2,-20000
2025-05-21T14:03:44.715576,KXBTCD-25MAY2118-T108499.99,DELTA,21,100,23,1000,828,yes,2,-2000
2025-05-21T14:03:44.715700,KXBTCD-25MAY2118-T108499.99,DELTA,21,100,23,1000,829,yes,2,-1000
2025-05-21T14:03:44.733645,KXBTCD-25MAY2118-T108499.99,DELTA,21,100,23,1000,830,yes,2,-1250
2025-05-21T14:03:44.756065,KXBTCD-25MAY2118-T108499.99,DELTA,21,100,23,1000,831,no,76,2000
2025-05-21T14:03:44.756147,KXBTCD-25MAY2118-T108499.99,DELTA,21,100,23,1000,832,yes,2,3000
2025-05-21T14:03:45.415106,KXBTCD-25MAY2118-T108499.99,DELTA,21,100,23,1000,833,yes,20,-350
2025-05-21T14:03:45.454682,KXBTCD-25MAY2118-T108499.99,DELTA,21,100,23,1000,834,yes,19,400
2025-05-21T14:03:45.534528,KXBTCD-25MAY2118-T108499.99,DELTA,21,100,23,1000,835,yes,5,-9
2025-05-21T14:03:45.534653,KXBTCD-25MAY2118-T108499.99,DELTA,21,100,23,1000,836,yes,11,9
2025-05-21T14:03:48.533953,KXBTCD-25MAY2118-T108499.99,DELTA,21,100,23,1000,837,no,76,-150
2025-05-21T14:03:48.614459,KXBTCD-25MAY2118-T108499.99,DELTA,21,100,23,1000,838,no,76,350
2025-05-21T14:03:48.654661,KXBTCD-25MAY2118-T108499.99,DELTA,21,100,23,1000,839,yes,11,-9
2025-05-21T14:03:48.674898,KXBTCD-25MAY2118-T108499.99,DELTA,21,100,23,1000,840,no,76,-2000
2025-05-21T14:03:48.694786,KXBTCD-25MAY2118-T108499.99,DELTA,21,100,24,350,841,no,77,-1000
2025-05-21T14:03:48.786955,KXBTCD-25MAY2118-T108499.99,DELTA,21,100,24,1600,842,no,76,1250
2025-05-21T14:03:48.815149,KXBTCD-25MAY2118-T108499.99,DELTA,21,100,24,3600,843,no,76,2000
2025-05-21T14:03:48.834360,KXBTCD-25MAY2118-T108499.99,DELTA,21,100,23,1000,844,no,77,1000
2025-05-21T14:03:48.874219,KXBTCD-25MAY2118-T108499.99,DELTA,21,100,23,1000,845,no,71,-100
2025-05-21T14:03:49.514002,KXBTCD-25MAY2118-T108499.99,DELTA,21,100,23,1000,846,no,71,100
2025-05-21T14:03:50.375007,KXBTCD-25MAY2118-T108499.99,DELTA,21,100,23,1000,847,no,71,-100
2025-05-21T14:03:50.994736,KXBTCD-25MAY2118-T108499.99,DELTA,21,100,23,1000,848,no,72,100
2025-05-21T14:03:52.010796,KXBTCD-25MAY2118-T108499.99,DELTA,21,100,23,1000,849,yes,10,-24
2025-05-21T14:03:52.011028,KXBTCD-25MAY2118-T108499.99,DELTA,21,100,23,1000,850,yes,8,24
2025-05-21T14:03:52.011352,KXBTCD-25MAY2118-T108499.99,DELTA,21,100,23,1000,851,no,74,24
2025-05-21T14:03:52.011470,KXBTCD-25MAY2118-T108499.99,DELTA,21,100,23,1000,852,no,73,-24
2025-05-21T14:03:52.194816,KXBTCD-25MAY2118-T108499.99,DELTA,21,100,23,1000,853,no,76,-1250
2025-05-21T14:03:52.396550,KXBTCD-25MAY2118-T108499.99,DELTA,21,100,23,1000,854,no,76,-2000
2025-05-21T14:03:52.396655,KXBTCD-25MAY2118-T108499.99,DELTA,21,100,23,2250,855,no,77,1250
2025-05-21T14:03:52.622537,KXBTCD-25MAY2118-T108499.99,DELTA,21,100,23,2250,856,no,72,-50
2025-05-21T14:03:52.622663,KXBTCD-25MAY2118-T108499.99,DELTA,21,100,23,2250,857,no,74,50
2025-05-21T14:03:52.622732,KXBTCD-25MAY2118-T108499.99,DELTA,21,100,23,4250,858,no,77,2000
2025-05-21T14:03:52.796085,KXBTCD-25MAY2118-T108499.99,DELTA,21,100,23,4250,859,no,72,-100
2025-05-21T14:03:52.814990,KXBTCD-25MAY2118-T108499.99,DELTA,19,400,23,4250,860,yes,21,-100
2025-05-21T14:03:52.815185,KXBTCD-25MAY2118-T108499.99,DELTA,8,24,23,4250,861,yes,19,-400
2025-05-21T14:03:52.994818,KXBTCD-25MAY2118-T108499.99,DELTA,8,24,23,4250,862,no,76,-350
2025-05-21T14:03:53.214560,KXBTCD-25MAY2118-T108499.99,DELTA,8,24,23,2250,863,no,77,-2000
2025-05-21T14:03:53.295775,KXBTCD-25MAY2118-T108499.99,DELTA,8,24,23,1250,864,no,77,-1000
2025-05-21T14:03:53.697348,KXBTCD-25MAY2118-T108499.99,DELTA,8,24,26,74,865,no,77,-1250
2025-05-21T14:03:53.893966,KXBTCD-25MAY2118-T108499.99,DELTA,8,24,26,74,866,yes,4,9
2025-05-21T14:03:53.894136,KXBTCD-25MAY2118-T108499.99,DELTA,8,24,26,74,867,no,41,2000
2025-05-21T14:03:54.366263,KXBTCD-25MAY2118-T108499.99,DELTA,8,24,26,74,868,no,56,9
2025-05-21T14:03:54.366384,KXBTCD-25MAY2118-T108499.99,DELTA,8,24,25,1000,869,no,75,1000
2025-05-21T14:03:54.715765,KXBTCD-25MAY2118-T108499.99,DELTA,18,250,25,1000,870,yes,18,250
2025-05-21T14:03:54.795612,KXBTCD-25MAY2118-T108499.99,DELTA,18,250,22,100,871,no,78,100
2025-05-21T14:03:54.915569,KXBTCD-25MAY2118-T108499.99,DELTA,18,250,22,100,872,no,56,-9
2025-05-21T14:03:55.013663,KXBTCD-25MAY2118-T108499.99,DELTA,19,100,22,100,873,yes,19,100
2025-05-21T14:03:55.013855,KXBTCD-25MAY2118-T108499.99,DELTA,19,100,22,100,874,no,75,-1000
2025-05-21T14:03:55.116604,KXBTCD-25MAY2118-T108499.99,DELTA,19,100,22,100,875,no,73,100
2025-05-21T14:03:55.196941,KXBTCD-25MAY2118-T108499.99,DELTA,19,100,21,1000,876,no,79,1000
2025-05-21T14:03:56.214974,KXBTCD-25MAY2118-T108499.99,DELTA,19,100,21,1000,877,yes,18,-250
2025-05-21T14:03:56.235289,KXBTCD-25MAY2118-T108499.99,DELTA,19,100,21,1000,878,no,78,-100
2025-05-21T14:03:56.274446,KXBTCD-25MAY2118-T108499.99,DELTA,19,100,21,1000,879,no,74,-50
2025-05-21T14:03:56.274570,KXBTCD-25MAY2118-T108499.99,DELTA,19,100,21,1000,880,no,75,50
2025-05-21T14:03:56.315751,KXBTCD-25MAY2118-T108499.99,DELTA,19,100,21,1000,881,yes,17,350
2025-05-21T14:03:56.334265,KXBTCD-25MAY2118-T108499.99,DELTA,19,100,25,50,882,no,79,-1000
2025-05-21T14:03:56.334359,KXBTCD-25MAY2118-T108499.99,DELTA,19,100,22,350,883,no,78,350
2025-05-21T14:03:56.354887,KXBTCD-25MAY2118-T108499.99,DELTA,19,100,22,350,884,yes,4,-9
2025-05-21T14:03:56.355141,KXBTCD-25MAY2118-T108499.99,DELTA,19,100,22,350,885,yes,9,9
2025-05-21T14:03:56.395761,KXBTCD-25MAY2118-T108499.99,DELTA,19,100,22,350,886,no,76,1000
2025-05-21T14:03:56.435175,KXBTCD-25MAY2118-T108499.99,DELTA,19,100,22,1600,887,no,78,1250
2025-05-21T14:03:56.495330,KXBTCD-25MAY2118-T108499.99,DELTA,19,100,22,1600,888,no,76,-1000
2025-05-21T14:03:56.556628,KXBTCD-25MAY2118-T108499.99,DELTA,19,100,21,1000,889,no,79,1000
2025-05-21T14:03:59.736034,KXBTCD-25MAY2118-T108499.99,DELTA,19,100,21,1000,890,no,41,-2000
2025-05-21T14:03:59.755196,KXBTCD-25MAY2118-T108499.99,DELTA,19,100,21,1000,891,yes,7,24
2025-05-21T14:03:59.755305,KXBTCD-25MAY2118-T108499.99,DELTA,19,100,21,1000,892,yes,8,-24
2025-05-21T14:03:59.755370,KXBTCD-25MAY2118-T108499.99,DELTA,19,100,21,1000,893,no,76,24
2025-05-21T14:03:59.755423,KXBTCD-25MAY2118-T108499.99,DELTA,19,100,21,1000,894,no,74,-24
2025-05-21T14:03:59.814783,KXBTCD-25MAY2118-T108499.99,DELTA,19,100,21,1000,895,yes,2,-3000
2025-05-21T14:03:59.834496,KXBTCD-25MAY2118-T108499.99,DELTA,19,100,21,1000,896,no,78,2000
2025-05-21T14:03:59.834581,KXBTCD-25MAY2118-T108499.99,DELTA,19,100,21,1000,897,no,23,-8000
2025-05-21T14:03:59.854116,KXBTCD-25MAY2118-T108499.99,DELTA,19,100,21,1000,898,yes,4,9
2025-05-21T14:03:59.854238,KXBTCD-25MAY2118-T108499.99,DELTA,19,100,21,1000,899,yes,9,-9
2025-05-21T14:03:59.876315,KXBTCD-25MAY2118-T108499.99,DELTA,19,100,21,1000,900,no,40,-200
2025-05-21T14:03:59.876393,KXBTCD-25MAY2118-T108499.99,DELTA,19,100,21,1000,901,no,50,200
2025-05-21T14:03:59.895703,KXBTCD-25MAY2118-T108499.99,DELTA,19,100,21,1000,902,yes,1,3000
2025-05-21T14:03:59.895807,KXBTCD-25MAY2118-T108499.99,DELTA,19,100,21,1000,903,no,36,8000
2025-05-21T14:03:59.895884,KXBTCD-25MAY2118-T108499.99,DELTA,19,100,21,1000,904,no,78,-1250
2025-05-21T14:03:59.974474,KXBTCD-25MAY2118-T108499.99,DELTA,19,100,21,1000,905,yes,17,-350
2025-05-21T14:03:59.995176,KXBTCD-25MAY2118-T108499.99,DELTA,19,100,21,2250,906,no,79,1250
2025-05-21T14:04:00.101901,KXBTCD-25MAY2118-T108499.99,DELTA,19,100,21,2250,907,yes,1,-3000
2025-05-21T14:04:00.176671,KXBTCD-25MAY2118-T108499.99,DELTA,19,100,21,2250,908,no,78,-2000
2025-05-21T14:04:00.198305,KXBTCD-25MAY2118-T108499.99,DELTA,19,100,21,2250,909,yes,16,350
2025-05-21T14:04:00.255783,KXBTCD-25MAY2118-T108499.99,DELTA,19,100,21,2250,910,no,73,-100
2025-05-21T14:04:00.275876,KXBTCD-25MAY2118-T108499.99,DELTA,19,100,21,4250,911,no,79,2000
2025-05-21T14:04:00.315689,KXBTCD-25MAY2118-T108499.99,DELTA,19,100,21,4250,912,no,78,-350
2025-05-21T14:04:00.415623,KXBTCD-25MAY2118-T108499.99,DELTA,19,100,21,4250,913,no,75,-50
2025-05-21T14:04:00.415718,KXBTCD-25MAY2118-T108499.99,DELTA,19,100,21,4250,914,no,77,50
2025-05-21T14:04:00.434591,KXBTCD-25MAY2118-T108499.99,DELTA,19,100,21,2250,915,no,79,-2000
2025-05-21T14:04:00.461174,KXBTCD-25MAY2118-T108499.99,DELTA,19,100,21,1250,916,no,79,-1000
2025-05-21T14:04:00.461315,KXBTCD-25MAY2118-T108499.99,DELTA,19,100,23,50,917,no,79,-1250
2025-05-21T14:04:00.496265,KXBTCD-25MAY2118-T108499.99,DELTA,19,100,23,50,918,yes,16,-350
2025-05-21T14:04:00.496399,KXBTCD-25MAY2118-T108499.99,DELTA,7,24,23,50,919,yes,19,-100
2025-05-21T14:04:00.541513,KXBTCD-25MAY2118-T108499.99,DELTA,7,24,23,50,920,no,51,2000
2025-05-21T14:04:00.541624,KXBTCD-25MAY2118-T108499.99,DELTA,7,24,22,1000,921,no,78,1000
2025-05-21T14:04:00.615572,KXBTCD-25MAY2118-T108499.99,DELTA,7,24,22,1000,922,no,24,-1350
2025-05-21T14:04:00.615922,KXBTCD-25MAY2118-T108499.99,DELTA,7,24,22,1000,923,no,6,5400
2025-05-21T14:04:00.636018,KXBTCD-25MAY2118-T108499.99,DELTA,7,24,22,1000,924,yes,4,-9
2025-05-21T14:04:00.636426,KXBTCD-25MAY2118-T108499.99,DELTA,7,24,22,1000,925,no,56,9
2025-05-21T14:04:00.675688,KXBTCD-25MAY2118-T108499.99,DELTA,15,350,22,1000,926,yes,15,350
2025-05-21T14:04:00.675829,KXBTCD-25MAY2118-T108499.99,DELTA,15,350,19,50,927,no,81,50
2025-05-21T14:04:00.694009,KXBTCD-25MAY2118-T108499.99,DELTA,15,350,19,50,928,no,5,-20000
2025-05-21T14:04:00.794301,KXBTCD-25MAY2118-T108499.99,DELTA,15,350,19,50,929,yes,7,-24
2025-05-21T14:04:00.814964,KXBTCD-25MAY2118-T108499.99,DELTA,15,350,19,50,930,no,76,-24
2025-05-21T14:04:00.815074,KXBTCD-25MAY2118-T108499.99,DELTA,15,350,19,50,931,yes,5,24
2025-05-21T14:04:00.815145,KXBTCD-25MAY2118-T108499.99,DELTA,15,350,19,50,932,no,78,24
2025-05-21T14:04:00.815205,KXBTCD-25MAY2118-T108499.99,DELTA,15,350,19,50,933,no,7,20000
2025-05-21T14:04:00.835139,KXBTCD-25MAY2118-T108499.99,DELTA,15,350,22,1024,934,no,81,-50
2025-05-21T14:04:00.957103,KXBTCD-25MAY2118-T108499.99,DELTA,15,350,22,24,935,no,78,-1000
2025-05-21T14:04:00.957202,KXBTCD-25MAY2118-T108499.99,DELTA,15,350,19,150,936,no,81,150
2025-05-21T14:04:01.056345,KXBTCD-25MAY2118-T108499.99,DELTA,15,350,19,150,937,no,78,1000
2025-05-21T14:04:01.158675,KXBTCD-25MAY2118-T108499.99,DELTA,15,350,19,150,938,no,78,-1000
2025-05-21T14:04:01.235769,KXBTCD-25MAY2118-T108499.99,DELTA,15,350,18,1000,939,no,82,1000
2025-05-21T14:04:01.296040,KXBTCD-25MAY2118-T108499.99,DELTA,5,24,18,1000,940,yes,15,-350
2025-05-21T14:04:01.314173,KXBTCD-25MAY2118-T108499.99,DELTA,5,24,18,1000,941,no,81,-150
2025-05-21T14:04:01.373586,KXBTCD-25MAY2118-T108499.99,DELTA,14,500,18,1000,942,yes,14,500
2025-05-21T14:04:01.373701,KXBTCD-25MAY2118-T108499.99,DELTA,14,500,18,1000,943,no,81,350
2025-05-21T14:04:01.394165,KXBTCD-25MAY2118-T108499.99,DELTA,14,500,19,350,944,no,82,-1000
2025-05-21T14:04:01.416189,KXBTCD-25MAY2118-T108499.99,DELTA,14,500,19,350,945,no,56,-9
2025-05-21T14:04:01.454222,KXBTCD-25MAY2118-T108499.99,DELTA,14,500,19,350,946,no,78,1000
2025-05-21T14:04:01.454366,KXBTCD-25MAY2118-T108499.99,DELTA,14,500,19,1600,947,no,81,1250
2025-05-21T14:04:01.498115,KXBTCD-25MAY2118-T108499.99,DELTA,14,500,19,1600,948,no,78,-1000
2025-05-21T14:04:01.554536,KXBTCD-25MAY2118-T108499.99,DELTA,14,500,18,1000,949,no,82,1000
2025-05-21T14:04:01.594266,KXBTCD-25MAY2118-T108499.99,DELTA,17,100,18,1000,950,yes,17,100
2025-05-21T14:04:01.594381,KXBTCD-25MAY2118-T108499.99,DELTA,17,100,18,1000,951,no,75,100
2025-05-21T14:04:01.975356,KXBTCD-25MAY2118-T108499.99,DELTA,17,100,18,1000,952,no,6,-5400
2025-05-21T14:04:01.975510,KXBTCD-25MAY2118-T108499.99,DELTA,17,100,18,1000,953,no,8,4050
2025-05-21T14:04:02.055013,KXBTCD-25MAY2118-T108499.99,DELTA,17,100,18,1000,954,no,77,-50
2025-05-21T14:04:02.055097,KXBTCD-25MAY2118-T108499.99,DELTA,17,100,18,1000,955,no,78,50
2025-05-21T14:04:02.055170,KXBTCD-25MAY2118-T108499.99,DELTA,17,100,18,1000,956,no,7,-20000
2025-05-21T14:04:02.120918,KXBTCD-25MAY2118-T108499.99,DELTA,17,100,18,1000,957,no,9,20000
2025-05-21T14:04:02.580441,KXBTCD-25MAY2118-T108499.99,DELTA,14,500,18,1000,958,yes,17,-100
2025-05-21T14:04:04.295101,KXBTCD-25MAY2118-T108499.99,DELTA,14,500,18,1000,959,no,51,-2000
2025-05-21T14:04:04.295289,KXBTCD-25MAY2118-T108499.99,DELTA,14,500,18,1000,960,no,81,-1250
2025-05-21T14:04:04.354954,KXBTCD-25MAY2118-T108499.99,DELTA,14,500,18,2250,961,no,82,1250
2025-05-21T14:04:04.355151,KXBTCD-25MAY2118-T108499.99,DELTA,14,500,18,2250,962,no,81,2000
2025-05-21T14:04:04.695195,KXBTCD-25MAY2118-T108499.99,DELTA,14,500,18,2250,963,no,81,-2000
2025-05-21T14:04:04.695582,KXBTCD-25MAY2118-T108499.99,DELTA,14,500,18,1000,964,no,82,-1250
2025-05-21T14:04:04.735593,KXBTCD-25MAY2118-T108499.99,DELTA,14,500,18,1000,965,no,81,1250
2025-05-21T14:04:04.735777,KXBTCD-25MAY2118-T108499.99,DELTA,14,500,18,1000,966,no,51,2000
2025-05-21T14:04:04.855248,KXBTCD-25MAY2118-T108499.99,DELTA,17,100,18,1000,967,yes,17,100
2025-05-21T14:04:05.335999,KXBTCD-25MAY2118-T108499.99,DELTA,17,100,18,1000,968,no,51,-2000
2025-05-21T14:04:05.336106,KXBTCD-25MAY2118-T108499.99,DELTA,17,100,18,1000,969,no,81,-1250
2025-05-21T14:04:05.435091,KXBTCD-25MAY2118-T108499.99,DELTA,17,100,18,1000,970,no,81,2000
2025-05-21T14:04:05.435197,KXBTCD-25MAY2118-T108499.99,DELTA,17,100,18,2250,971,no,82,1250
2025-05-21T14:04:06.449570,KXBTCD-25MAY2118-T108499.99,DELTA,14,500,18,2250,972,yes,17,-100
2025-05-21T14:04:07.610392,KXBTCD-25MAY2118-T108499.99,DELTA,17,100,18,2250,973,yes,17,100
2025-05-21T14:04:08.434861,KXBTCD-25MAY2118-T108499.99,DELTA,14,500,18,2250,974,yes,17,-100
2025-05-21T14:04:09.514171,KXBTCD-25MAY2118-T108499.99,DELTA,14,500,18,2250,975,no,8,-4050
2025-05-21T14:04:09.514528,KXBTCD-25MAY2118-T108499.99,DELTA,14,500,18,2250,976,no,10,3240
2025-05-21T14:04:09.614881,KXBTCD-25MAY2118-T108499.99,DELTA,14,500,18,2150,977,no,82,-100
2025-05-21T14:04:09.615052,KXBTCD-25MAY2118-T108499.99,DELTA,14,500,18,2150,978,no,9,-20000
2025-05-21T14:04:09.634590,KXBTCD-25MAY2118-T108499.99,DELTA,14,500,18,2150,979,no,81,-2000
2025-05-21T14:04:09.694926,KXBTCD-25MAY2118-T108499.99,DELTA,14,500,18,4150,980,no,82,2000
2025-05-21T14:04:09.714278,KXBTCD-25MAY2118-T108499.99,DELTA,14,500,18,4150,981,no,11,20000
2025-05-21T14:04:10.474089,KXBTCD-25MAY2118-T108499.99,DELTA,15,100,18,4150,982,yes,15,100
2025-05-21T14:04:10.614780,KXBTCD-25MAY2118-T108499.99,DELTA,15,100,18,4150,983,no,75,-100
2025-05-21T14:04:10.695144,KXBTCD-25MAY2118-T108499.99,DELTA,15,100,18,4150,984,no,10,-3240
2025-05-21T14:04:10.695306,KXBTCD-25MAY2118-T108499.99,DELTA,15,100,18,4150,985,no,12,2700
2025-05-21T14:04:10.801309,KXBTCD-25MAY2118-T108499.99,DELTA,15,100,18,4150,986,no,11,-20000
2025-05-21T14:04:10.838221,KXBTCD-25MAY2118-T108499.99,DELTA,15,100,18,4150,987,no,5,20000
2025-05-21T14:04:11.614234,KXBTCD-25MAY2118-T108499.99,DELTA,15,100,18,4150,988,no,77,100
2025-05-21T14:04:11.874969,KXBTCD-25MAY2118-T108499.99,DELTA,15,100,18,4150,989,no,12,-2700
2025-05-21T14:04:11.875139,KXBTCD-25MAY2118-T108499.99,DELTA,15,100,18,4150,990,no,6,5400
2025-05-21T14:04:11.954164,KXBTCD-25MAY2118-T108499.99,DELTA,15,100,18,4150,991,no,5,-20000
2025-05-21T14:04:11.994593,KXBTCD-25MAY2118-T108499.99,DELTA,15,100,18,4150,992,no,7,20000
2025-05-21T14:04:13.014433,KXBTCD-25MAY2118-T108499.99,DELTA,15,100,18,4150,993,no,6,-5400
2025-05-21T14:04:13.014548,KXBTCD-25MAY2118-T108499.99,DELTA,15,100,18,4150,994,no,8,4050
2025-05-21T14:04:13.094746,KXBTCD-25MAY2118-T108499.99,DELTA,15,100,18,4150,995,no,7,-20000
2025-05-21T14:04:13.155147,KXBTCD-25MAY2118-T108499.99,DELTA,15,100,18,4150,996,no,9,20000
2025-05-21T14:04:13.735752,KXBTCD-25MAY2118-T108499.99,DELTA,15,100,18,4150,997,no,55,-3000
2025-05-21T14:04:13.794281,KXBTCD-25MAY2118-T108499.99,DELTA,15,100,18,4150,998,no,72,3000
2025-05-21T14:04:14.293284,KXBTCD-25MAY2118-T108499.99,DELTA,15,100,18,4150,999,no,8,-4050
2025-05-21T14:04:14.293440,KXBTCD-25MAY2118-T108499.99,DELTA,15,100,18,4150,1000,no,10,3240
2025-05-21T14:04:14.374484,KXBTCD-25MAY2118-T108499.99,DELTA,15,100,18,4150,1001,no,9,-20000
2025-05-21T14:04:14.434276,KXBTCD-25MAY2118-T108499.99,DELTA,15,100,18,4150,1002,no,11,20000
2025-05-21T14:04:14.974925,KXBTCD-25MAY2118-T108499.99,DELTA,15,100,18,4150,1003,no,77,-100
2025-05-21T14:04:15.675799,KXBTCD-25MAY2118-T108499.99,DELTA,15,100,18,4150,1004,no,78,100
2025-05-21T14:04:16.255869,KXBTCD-25MAY2118-T108499.99,DELTA,15,100,18,2150,1005,no,82,-2000
2025-05-21T14:04:16.256599,KXBTCD-25MAY2118-T108499.99,DELTA,15,100,18,2150,1006,no,72,-3000
2025-05-21T14:04:16.315402,KXBTCD-25MAY2118-T108499.99,DELTA,15,100,18,2150,1007,no,71,3000
2025-05-21T14:04:16.316071,KXBTCD-25MAY2118-T108499.99,DELTA,15,100,18,2150,1008,no,81,2000
2025-05-21T14:04:17.776672,KXBTCD-25MAY2118-T108499.99,DELTA,15,100,18,2150,1009,no,10,-3240
2025-05-21T14:04:17.776884,KXBTCD-25MAY2118-T108499.99,DELTA,15,100,18,2150,1010,no,12,2700
2025-05-21T14:04:17.855964,KXBTCD-25MAY2118-T108499.99,DELTA,15,100,18,2150,1011,no,11,-20000
2025-05-21T14:04:17.895095,KXBTCD-25MAY2118-T108499.99,DELTA,15,100,18,2150,1012,no,5,20000
2025-05-21T14:04:18.734891,KXBTCD-25MAY2118-T108499.99,DELTA,15,100,18,2150,1013,yes,14,-500
2025-05-21T14:04:18.754973,KXBTCD-25MAY2118-T108499.99,DELTA,15,100,18,2150,1014,no,81,-2000
2025-05-21T14:04:18.856244,KXBTCD-25MAY2118-T108499.99,DELTA,15,100,18,2150,1015,yes,13,500
2025-05-21T14:04:18.856417,KXBTCD-25MAY2118-T108499.99,DELTA,15,100,18,4150,1016,no,82,2000
2025-05-21T14:04:18.856711,KXBTCD-25MAY2118-T108499.99,DELTA,15,100,18,4150,1017,yes,6,9
2025-05-21T14:04:18.935745,KXBTCD-25MAY2118-T108499.99,DELTA,15,100,18,4150,1018,no,81,-350
2025-05-21T14:04:19.015819,KXBTCD-25MAY2118-T108499.99,DELTA,15,100,18,2150,1019,no,82,-2000
2025-05-21T14:04:19.016293,KXBTCD-25MAY2118-T108499.99,DELTA,15,100,17,100,1020,no,83,100
2025-05-21T14:04:19.035014,KXBTCD-25MAY2118-T108499.99,DELTA,15,100,17,100,1021,no,82,-900
2025-05-21T14:04:19.035179,KXBTCD-25MAY2118-T108499.99,DELTA,15,100,17,100,1022,no,82,-1250
2025-05-21T14:04:19.094880,KXBTCD-25MAY2118-T108499.99,DELTA,15,100,17,100,1023,no,79,1000
2025-05-21T14:04:19.095022,KXBTCD-25MAY2118-T108499.99,DELTA,15,100,17,100,1024,no,79,2000
2025-05-21T14:04:19.155307,KXBTCD-25MAY2118-T108499.99,DELTA,15,100,17,100,1025,no,79,-1000
2025-05-21T14:04:19.196296,KXBTCD-25MAY2118-T108499.99,DELTA,15,100,16,1000,1026,no,84,1000
2025-05-21T14:04:20.955073,KXBTCD-25MAY2118-T108499.99,DELTA,15,100,16,1000,1027,no,83,-100
2025-05-21T14:04:20.996380,KXBTCD-25MAY2118-T108499.99,DELTA,15,100,16,1000,1028,no,12,-2700
2025-05-21T14:04:20.997234,KXBTCD-25MAY2118-T108499.99,DELTA,15,100,16,1000,1029,no,6,5400
2025-05-21T14:04:20.997862,KXBTCD-25MAY2118-T108499.99,DELTA,15,100,16,1000,1030,no,82,400
2025-05-21T14:04:21.036477,KXBTCD-25MAY2118-T108499.99,DELTA,15,100,18,400,1031,no,84,-1000
2025-05-21T14:04:21.055063,KXBTCD-25MAY2118-T108499.99,DELTA,15,100,18,400,1032,yes,6,-9
2025-05-21T14:04:21.076220,KXBTCD-25MAY2118-T108499.99,DELTA,15,100,17,1250,1033,no,83,1250
2025-05-21T14:04:21.077028,KXBTCD-25MAY2118-T108499.99,DELTA,15,100,17,2250,1034,no,83,1000
2025-05-21T14:04:21.077641,KXBTCD-25MAY2118-T108499.99,DELTA,15,100,17,2250,1035,no,5,-20000
2025-05-21T14:04:21.095670,KXBTCD-25MAY2118-T108499.99,DELTA,15,100,17,2250,1036,no,79,-2000
2025-05-21T14:04:21.135928,KXBTCD-25MAY2118-T108499.99,DELTA,15,100,17,2250,1037,no,82,2000
2025-05-21T14:04:21.136774,KXBTCD-25MAY2118-T108499.99,DELTA,15,100,17,2250,1038,no,7,20000
2025-05-21T14:04:21.414841,KXBTCD-25MAY2118-T108499.99,DELTA,15,100,17,2250,1039,no,82,-2000
2025-05-21T14:04:21.415258,KXBTCD-25MAY2118-T108499.99,DELTA,15,100,17,1000,1040,no,83,-1250
2025-05-21T14:04:21.495617,KXBTCD-25MAY2118-T108499.99,DELTA,15,100,17,1000,1041,no,82,1250
2025-05-21T14:04:21.496508,KXBTCD-25MAY2118-T108499.99,DELTA,15,100,17,1000,1042,no,79,2000
2025-05-21T14:04:21.955220,KXBTCD-25MAY2118-T108499.99,DELTA,15,100,17,1000,1043,no,78,-50
2025-05-21T14:04:21.955402,KXBTCD-25MAY2118-T108499.99,DELTA,15,100,17,1000,1044,no,77,50
2025-05-21T14:04:22.035790,KXBTCD-25MAY2118-T108499.99,DELTA,15,100,17,1000,1045,no,79,-2000
2025-05-21T14:04:22.055964,KXBTCD-25MAY2118-T108499.99,DELTA,15,100,17,1000,1046,no,78,-100
2025-05-21T14:04:22.056355,KXBTCD-25MAY2118-T108499.99,DELTA,13,500,17,1000,1047,yes,15,-100
2025-05-21T14:04:22.075661,KXBTCD-25MAY2118-T108499.99,DELTA,13,500,17,1000,1048,no,51,2000
2025-05-21T14:04:22.154873,KXBTCD-25MAY2118-T108499.99,DELTA,13,500,17,1000,1049,no,6,-5400
2025-05-21T14:04:22.155231,KXBTCD-25MAY2118-T108499.99,DELTA,13,500,17,1000,1050,no,8,4050
2025-05-21T14:04:22.217748,KXBTCD-25MAY2118-T108499.99,DELTA,13,500,17,1000,1051,no,82,-400
2025-05-21T14:04:22.255029,KXBTCD-25MAY2118-T108499.99,DELTA,13,500,17,1000,1052,no,7,-20000
2025-05-21T14:04:22.315713,KXBTCD-25MAY2118-T108499.99,DELTA,13,500,17,1000,1053,no,81,350
2025-05-21T14:04:22.335509,KXBTCD-25MAY2118-T108499.99,DELTA,13,500,17,1000,1054,no,9,20000
2025-05-21T14:04:22.335634,KXBTCD-25MAY2118-T108499.99,DELTA,13,500,18,1250,1055,no,83,-1000
2025-05-21T14:04:22.355320,KXBTCD-25MAY2118-T108499.99,DELTA,13,500,19,350,1056,no,82,-1250
2025-05-21T14:04:22.395389,KXBTCD-25MAY2118-T108499.99,DELTA,13,500,18,1250,1057,no,82,1250
2025-05-21T14:04:22.395531,KXBTCD-25MAY2118-T108499.99,DELTA,13,500,18,1250,1058,no,51,-2000
2025-05-21T14:04:22.395633,KXBTCD-25MAY2118-T108499.99,DELTA,13,500,18,2250,1059,no,82,1000
2025-05-21T14:04:22.456521,KXBTCD-25MAY2118-T108499.99,DELTA,13,500,18,2250,1060,no,81,2000
2025-05-21T14:04:22.574525,KXBTCD-25MAY2118-T108499.99,DELTA,13,500,18,2250,1061,no,81,-2000
2025-05-21T14:04:22.574697,KXBTCD-25MAY2118-T108499.99,DELTA,13,500,18,1000,1062,no,82,-1250
2025-05-21T14:04:22.595990,KXBTCD-25MAY2118-T108499.99,DELTA,13,500,18,1000,1063,no,71,-3000
2025-05-21T14:04:22.616258,KXBTCD-25MAY2118-T108499.99,DELTA,13,500,18,1000,1064,no,77,-50
2025-05-21T14:04:22.616405,KXBTCD-25MAY2118-T108499.99,DELTA,13,500,18,1000,1065,no,76,50
2025-05-21T14:04:22.735269,KXBTCD-25MAY2118-T108499.99,DELTA,5,24,18,1000,1066,yes,13,-500
2025-05-21T14:04:22.736037,KXBTCD-25MAY2118-T108499.99,DELTA,5,24,18,1000,1067,no,81,-350
2025-05-21T14:04:22.755845,KXBTCD-25MAY2118-T108499.99,DELTA,5,24,18,1000,1068,no,51,2000
2025-05-21T14:04:22.756639,KXBTCD-25MAY2118-T108499.99,DELTA,5,24,18,1000,1069,no,70,3000
2025-05-21T14:04:22.757173,KXBTCD-25MAY2118-T108499.99,DELTA,5,24,18,1000,1070,no,81,1250
2025-05-21T14:04:22.815480,KXBTCD-25MAY2118-T108499.99,DELTA,5,24,19,1250,1071,no,82,-1000
2025-05-21T14:04:22.834191,KXBTCD-25MAY2118-T108499.99,DELTA,5,24,22,24,1072,no,81,-1250
2025-05-21T14:04:22.855228,KXBTCD-25MAY2118-T108499.99,DELTA,5,24,22,24,1073,no,70,-3000
2025-05-21T14:04:22.855343,KXBTCD-25MAY2118-T108499.99,DELTA,15,400,22,24,1074,yes,15,400
2025-05-21T14:04:22.875239,KXBTCD-25MAY2118-T108499.99,DELTA,15,400,20,400,1075,no,80,400
2025-05-21T14:04:22.934283,KXBTCD-25MAY2118-T108499.99,DELTA,15,400,20,400,1076,no,77,1000
2025-05-21T14:04:22.934787,KXBTCD-25MAY2118-T108499.99,DELTA,15,400,20,400,1077,no,69,3000
2025-05-21T14:04:22.994397,KXBTCD-25MAY2118-T108499.99,DELTA,15,400,20,1650,1078,no,80,1250
2025-05-21T14:04:23.036365,KXBTCD-25MAY2118-T108499.99,DELTA,15,400,20,1650,1079,no,77,-1000
2025-05-21T14:04:23.121431,KXBTCD-25MAY2118-T108499.99,DELTA,15,400,19,1000,1080,no,81,1000
2025-05-21T14:04:23.122388,KXBTCD-25MAY2118-T108499.99,DELTA,15,400,19,1000,1081,no,77,100
2025-05-21T14:04:23.135845,KXBTCD-25MAY2118-T108499.99,DELTA,15,500,19,1000,1082,yes,15,100
2025-05-21T14:04:23.314619,KXBTCD-25MAY2118-T108499.99,DELTA,15,500,19,1000,1083,no,8,-4050
2025-05-21T14:04:23.314897,KXBTCD-25MAY2118-T108499.99,DELTA,15,500,19,1000,1084,no,10,3240
2025-05-21T14:04:23.394292,KXBTCD-25MAY2118-T108499.99,DELTA,15,400,19,1000,1085,yes,15,-100
2025-05-21T14:04:23.394831,KXBTCD-25MAY2118-T108499.99,DELTA,15,400,19,1000,1086,no,9,-20000
2025-05-21T14:04:23.495593,KXBTCD-25MAY2118-T108499.99,DELTA,15,400,19,1000,1087,no,11,20000
