timestamp,market_ticker,type,yes_bid_price_cents,yes_bid_qty,yes_ask_price_cents,yes_ask_qty_on_no_side,sequence_num,delta_side,delta_price_cents,delta_quantity
2025-05-21T15:01:48.793740,KXBTCD-25MAY2119-T109249.99,SNAPSHOT,4,1000,10,100,1,,,
2025-05-21T15:01:51.355687,KXBTCD-25MAY2119-T109249.99,DELTA,4,1000,10,100,2,no,10,-3240
2025-05-21T15:01:51.356477,KXBTCD-25MAY2119-T109249.99,DELTA,4,1000,10,100,3,no,12,2700
2025-05-21T15:01:51.413755,KXBTCD-25MAY2119-T109249.99,DELTA,4,1000,10,100,4,no,11,-20000
2025-05-21T15:01:51.454340,KXBTCD-25MAY2119-T109249.99,DELTA,4,1000,10,100,5,no,5,20000
2025-05-21T15:01:51.474439,KXBTCD-25MAY2119-T109249.99,DELTA,4,1000,10,100,6,no,77,-9
2025-05-21T15:01:51.475215,KXBTCD-25MAY2119-T109249.99,DELTA,4,1000,10,100,7,no,76,9
2025-05-21T15:01:54.032309,KXBTCD-25MAY2119-T109249.99,DELTA,4,1000,10,100,8,no,12,-2700
2025-05-21T15:01:54.032540,KXBTCD-25MAY2119-T109249.99,DELTA,4,1000,10,100,9,no,6,5400
2025-05-21T15:01:54.092707,KXBTCD-25MAY2119-T109249.99,DELTA,4,1000,10,100,10,no,5,-20000
2025-05-21T15:01:54.152146,KXBTCD-25MAY2119-T109249.99,DELTA,4,1000,10,100,11,no,7,20000
2025-05-21T15:01:55.273208,KXBTCD-25MAY2119-T109249.99,DELTA,4,1000,10,100,12,no,6,-5400
2025-05-21T15:01:55.273514,KXBTCD-25MAY2119-T109249.99,DELTA,4,1000,10,100,13,no,8,4050
2025-05-21T15:01:55.333090,KXBTCD-25MAY2119-T109249.99,DELTA,4,1000,10,100,14,no,7,-20000
2025-05-21T15:01:55.392484,KXBTCD-25MAY2119-T109249.99,DELTA,4,1000,10,100,15,no,9,20000
2025-05-21T15:01:56.973994,KXBTCD-25MAY2119-T109249.99,DELTA,4,1000,10,100,16,no,8,-4050
2025-05-21T15:01:56.975122,KXBTCD-25MAY2119-T109249.99,DELTA,4,1000,10,100,17,no,10,3240
2025-05-21T15:01:57.173854,KXBTCD-25MAY2119-T109249.99,DELTA,4,1000,10,100,18,no,9,-20000
2025-05-21T15:01:57.373302,KXBTCD-25MAY2119-T109249.99,DELTA,4,1000,10,100,19,no,11,20000
2025-05-21T15:01:59.193503,KXBTCD-25MAY2119-T109249.99,DELTA,4,1000,10,100,20,no,10,-3240
2025-05-21T15:01:59.193953,KXBTCD-25MAY2119-T109249.99,DELTA,4,1000,10,100,21,no,12,2700
2025-05-21T15:01:59.402029,KXBTCD-25MAY2119-T109249.99,DELTA,4,1000,10,100,22,no,11,-20000
2025-05-21T15:01:59.592044,KXBTCD-25MAY2119-T109249.99,DELTA,4,1000,10,100,23,no,5,20000
2025-05-21T15:02:00.513388,KXBTCD-25MAY2119-T109249.99,DELTA,4,1000,10,100,24,no,12,-2700
2025-05-21T15:02:00.513588,KXBTCD-25MAY2119-T109249.99,DELTA,4,1000,10,100,25,no,6,5400
2025-05-21T15:02:00.572493,KXBTCD-25MAY2119-T109249.99,DELTA,4,1000,10,100,26,no,5,-20000
2025-05-21T15:02:00.612553,KXBTCD-25MAY2119-T109249.99,DELTA,4,1000,10,100,27,no,7,20000
2025-05-21T15:02:07.873529,KXBTCD-25MAY2119-T109249.99,DELTA,4,1000,10,100,28,no,6,-5400
2025-05-21T15:02:07.875080,KXBTCD-25MAY2119-T109249.99,DELTA,4,1000,10,100,29,no,8,4050
2025-05-21T15:02:07.933332,KXBTCD-25MAY2119-T109249.99,DELTA,4,1000,10,100,30,no,7,-20000
2025-05-21T15:02:07.972973,KXBTCD-25MAY2119-T109249.99,DELTA,4,1000,10,100,31,no,9,20000
2025-05-21T15:02:08.991974,KXBTCD-25MAY2119-T109249.99,DELTA,4,1000,10,100,32,no,8,-4050
2025-05-21T15:02:08.992209,KXBTCD-25MAY2119-T109249.99,DELTA,4,1000,10,100,33,no,10,3240
2025-05-21T15:02:09.072419,KXBTCD-25MAY2119-T109249.99,DELTA,4,1000,10,100,34,no,9,-20000
2025-05-21T15:02:09.112490,KXBTCD-25MAY2119-T109249.99,DELTA,4,1000,10,100,35,no,11,20000
2025-05-21T15:02:10.356062,KXBTCD-25MAY2119-T109249.99,DELTA,4,1000,10,100,36,no,10,-3240
2025-05-21T15:02:10.356948,KXBTCD-25MAY2119-T109249.99,DELTA,4,1000,10,100,37,no,12,2700
2025-05-21T15:02:10.413666,KXBTCD-25MAY2119-T109249.99,DELTA,4,1000,10,100,38,no,11,-20000
2025-05-21T15:02:10.465073,KXBTCD-25MAY2119-T109249.99,DELTA,4,1000,10,100,39,no,5,20000
2025-05-21T15:02:11.113111,KXBTCD-25MAY2119-T109249.99,DELTA,4,1000,10,6,40,no,90,-94
2025-05-21T15:02:11.232000,KXBTCD-25MAY2119-T109249.99,DELTA,4,1000,10,6,41,no,76,-9
2025-05-21T15:02:11.654225,KXBTCD-25MAY2119-T109249.99,DELTA,4,1000,10,6,42,no,12,-2700
2025-05-21T15:02:11.655010,KXBTCD-25MAY2119-T109249.99,DELTA,4,1000,10,6,43,no,6,5400
2025-05-21T15:02:11.713541,KXBTCD-25MAY2119-T109249.99,DELTA,4,1000,10,6,44,no,5,-20000
2025-05-21T15:02:11.752228,KXBTCD-25MAY2119-T109249.99,DELTA,4,1000,10,6,45,no,7,20000
2025-05-21T15:02:11.974260,KXBTCD-25MAY2119-T109249.99,DELTA,4,1000,25,3000,46,no,90,-6
2025-05-21T15:02:11.974939,KXBTCD-25MAY2119-T109249.99,DELTA,4,1000,25,3000,47,yes,3,-100
2025-05-21T15:02:12.032976,KXBTCD-25MAY2119-T109249.99,DELTA,3,80000,25,3000,48,yes,4,-1000
2025-05-21T15:02:12.833508,KXBTCD-25MAY2119-T109249.99,DELTA,4,100,25,3000,49,yes,4,100
2025-05-21T15:02:12.833669,KXBTCD-25MAY2119-T109249.99,DELTA,4,100,12,39,50,no,88,39
2025-05-21T15:02:12.892924,KXBTCD-25MAY2119-T109249.99,DELTA,4,100,12,39,51,no,51,-1000
2025-05-21T15:02:12.893112,KXBTCD-25MAY2119-T109249.99,DELTA,5,1000,12,39,52,yes,5,1000
2025-05-21T15:02:12.932181,KXBTCD-25MAY2119-T109249.99,DELTA,5,1000,11,1000,53,no,89,1000
2025-05-21T15:02:12.952407,KXBTCD-25MAY2119-T109249.99,DELTA,5,1000,11,1000,54,no,6,-5400
2025-05-21T15:02:12.952568,KXBTCD-25MAY2119-T109249.99,DELTA,5,1000,11,1000,55,no,8,4050
2025-05-21T15:02:13.012620,KXBTCD-25MAY2119-T109249.99,DELTA,5,1000,11,1000,56,no,7,-20000
2025-05-21T15:02:13.053532,KXBTCD-25MAY2119-T109249.99,DELTA,5,1000,11,1000,57,no,9,20000
2025-05-21T15:02:15.735784,KXBTCD-25MAY2119-T109249.99,DELTA,5,1000,12,39,58,no,89,-1000
2025-05-21T15:02:15.736518,KXBTCD-25MAY2119-T109249.99,DELTA,5,1000,12,1039,59,no,88,1000
2025-05-21T15:02:15.773112,KXBTCD-25MAY2119-T109249.99,DELTA,5,1000,12,1039,60,no,76,9
2025-05-21T15:02:16.752986,KXBTCD-25MAY2119-T109249.99,DELTA,5,1000,12,1039,61,no,8,-4050
2025-05-21T15:02:16.753806,KXBTCD-25MAY2119-T109249.99,DELTA,5,1000,12,1039,62,no,10,3240
2025-05-21T15:02:16.812854,KXBTCD-25MAY2119-T109249.99,DELTA,5,1000,12,1039,63,no,9,-20000
2025-05-21T15:02:16.852737,KXBTCD-25MAY2119-T109249.99,DELTA,5,1000,12,1039,64,no,11,20000
2025-05-21T15:02:16.853630,KXBTCD-25MAY2119-T109249.99,DELTA,5,1000,12,1039,65,no,76,-9
2025-05-21T15:02:19.192903,KXBTCD-25MAY2119-T109249.99,DELTA,5,1000,12,1039,66,no,10,-3240
2025-05-21T15:02:19.193476,KXBTCD-25MAY2119-T109249.99,DELTA,5,1000,12,1039,67,no,12,2700
2025-05-21T15:02:19.252323,KXBTCD-25MAY2119-T109249.99,DELTA,5,1000,12,1039,68,no,11,-20000
2025-05-21T15:02:19.312486,KXBTCD-25MAY2119-T109249.99,DELTA,5,1000,12,1039,69,no,5,20000
2025-05-21T15:02:20.412814,KXBTCD-25MAY2119-T109249.99,DELTA,5,1000,12,1039,70,no,12,-2700
2025-05-21T15:02:20.413492,KXBTCD-25MAY2119-T109249.99,DELTA,5,1000,12,1039,71,no,6,5400
2025-05-21T15:02:20.493017,KXBTCD-25MAY2119-T109249.99,DELTA,5,1000,12,1039,72,no,5,-20000
2025-05-21T15:02:20.533091,KXBTCD-25MAY2119-T109249.99,DELTA,5,1000,12,1039,73,no,7,20000
2025-05-21T15:02:21.292292,KXBTCD-25MAY2119-T109249.99,DELTA,5,1000,12,39,74,no,88,-1000
2025-05-21T15:02:21.292992,KXBTCD-25MAY2119-T109249.99,DELTA,5,1000,11,1000,75,no,89,1000
2025-05-21T15:02:21.398956,KXBTCD-25MAY2119-T109249.99,DELTA,5,1000,11,1000,76,no,76,9
2025-05-21T15:02:21.809778,KXBTCD-25MAY2119-T109249.99,DELTA,5,1000,11,1000,77,no,6,-5400
2025-05-21T15:02:21.811105,KXBTCD-25MAY2119-T109249.99,DELTA,5,1000,11,1000,78,no,8,4050
2025-05-21T15:02:21.872720,KXBTCD-25MAY2119-T109249.99,DELTA,5,1000,11,1000,79,no,7,-20000
2025-05-21T15:02:21.912831,KXBTCD-25MAY2119-T109249.99,DELTA,5,1000,11,1000,80,no,9,20000
2025-05-21T15:02:22.712672,KXBTCD-25MAY2119-T109249.99,DELTA,5,1000,11,1000,81,no,88,-39
2025-05-21T15:02:22.771869,KXBTCD-25MAY2119-T109249.99,DELTA,5,1000,24,9,82,no,89,-1000
2025-05-21T15:02:22.813753,KXBTCD-25MAY2119-T109249.99,DELTA,5,1000,24,9,83,no,51,1000
2025-05-21T15:02:22.832911,KXBTCD-25MAY2119-T109249.99,DELTA,5,1000,25,3000,84,no,76,-9
2025-05-21T15:02:22.873387,KXBTCD-25MAY2119-T109249.99,DELTA,5,1000,25,3000,85,no,8,-4050
2025-05-21T15:02:22.874397,KXBTCD-25MAY2119-T109249.99,DELTA,5,1000,25,3000,86,no,10,3240
2025-05-21T15:02:22.932456,KXBTCD-25MAY2119-T109249.99,DELTA,5,1000,25,3000,87,no,9,-20000
2025-05-21T15:02:22.992283,KXBTCD-25MAY2119-T109249.99,DELTA,5,1000,25,3000,88,no,11,20000
2025-05-21T15:02:23.593170,KXBTCD-25MAY2119-T109249.99,DELTA,5,1000,12,39,89,no,88,39
2025-05-21T15:02:23.659470,KXBTCD-25MAY2119-T109249.99,DELTA,5,1000,12,39,90,no,51,-1000
2025-05-21T15:02:23.713247,KXBTCD-25MAY2119-T109249.99,DELTA,5,1000,11,1000,91,no,89,1000
2025-05-21T15:02:23.713399,KXBTCD-25MAY2119-T109249.99,DELTA,5,1000,11,1000,92,no,76,9
2025-05-21T15:02:23.992821,KXBTCD-25MAY2119-T109249.99,DELTA,5,1000,11,1000,93,no,10,-3240
2025-05-21T15:02:23.993644,KXBTCD-25MAY2119-T109249.99,DELTA,5,1000,11,1000,94,no,12,2700
2025-05-21T15:02:24.052940,KXBTCD-25MAY2119-T109249.99,DELTA,5,1000,11,1000,95,no,11,-20000
2025-05-21T15:02:24.092309,KXBTCD-25MAY2119-T109249.99,DELTA,5,1000,11,1000,96,no,5,20000
2025-05-21T15:02:25.512820,KXBTCD-25MAY2119-T109249.99,DELTA,5,1000,11,1000,97,no,88,-39
2025-05-21T15:02:25.573349,KXBTCD-25MAY2119-T109249.99,DELTA,5,1000,24,9,98,no,89,-1000
2025-05-21T15:02:25.614521,KXBTCD-25MAY2119-T109249.99,DELTA,5,1000,25,3000,99,no,76,-9
2025-05-21T15:02:25.633022,KXBTCD-25MAY2119-T109249.99,DELTA,5,1000,25,3000,100,no,51,1000
2025-05-21T15:02:27.012458,KXBTCD-25MAY2119-T109249.99,DELTA,5,1000,12,39,101,no,88,39
2025-05-21T15:02:27.071700,KXBTCD-25MAY2119-T109249.99,DELTA,5,1000,12,39,102,no,51,-1000
2025-05-21T15:02:27.133356,KXBTCD-25MAY2119-T109249.99,DELTA,5,1000,12,39,103,no,76,9
2025-05-21T15:02:27.134189,KXBTCD-25MAY2119-T109249.99,DELTA,5,1000,11,1000,104,no,89,1000
2025-05-21T15:02:27.735419,KXBTCD-25MAY2119-T109249.99,DELTA,5,1000,11,1000,105,no,12,-2700
2025-05-21T15:02:27.736014,KXBTCD-25MAY2119-T109249.99,DELTA,5,1000,11,1000,106,no,6,5400
2025-05-21T15:02:27.793989,KXBTCD-25MAY2119-T109249.99,DELTA,5,1000,11,1000,107,no,5,-20000
2025-05-21T15:02:27.873422,KXBTCD-25MAY2119-T109249.99,DELTA,5,1000,11,1000,108,no,7,20000
2025-05-21T15:02:27.892704,KXBTCD-25MAY2119-T109249.99,DELTA,5,1000,11,1000,109,no,76,-9
2025-05-21T15:02:30.175180,KXBTCD-25MAY2119-T109249.99,DELTA,5,1000,11,1000,110,no,6,-5400
2025-05-21T15:02:30.175892,KXBTCD-25MAY2119-T109249.99,DELTA,5,1000,11,1000,111,no,8,4050
2025-05-21T15:02:30.233752,KXBTCD-25MAY2119-T109249.99,DELTA,5,1000,11,1000,112,no,7,-20000
2025-05-21T15:02:30.294952,KXBTCD-25MAY2119-T109249.99,DELTA,5,1000,11,1000,113,no,9,20000
2025-05-21T15:02:31.352474,KXBTCD-25MAY2119-T109249.99,DELTA,5,1000,11,1000,114,no,8,-4050
2025-05-21T15:02:31.353575,KXBTCD-25MAY2119-T109249.99,DELTA,5,1000,11,1000,115,no,10,3240
2025-05-21T15:02:31.412743,KXBTCD-25MAY2119-T109249.99,DELTA,5,1000,11,1000,116,no,9,-20000
2025-05-21T15:02:31.452342,KXBTCD-25MAY2119-T109249.99,DELTA,5,1000,11,1000,117,no,11,20000
2025-05-21T15:02:31.493770,KXBTCD-25MAY2119-T109249.99,DELTA,5,1000,11,1000,118,no,88,-39
2025-05-21T15:02:31.552813,KXBTCD-25MAY2119-T109249.99,DELTA,5,1000,25,3000,119,no,89,-1000
2025-05-21T15:02:31.593339,KXBTCD-25MAY2119-T109249.99,DELTA,5,1000,25,3000,120,no,51,1000
2025-05-21T15:02:32.498646,KXBTCD-25MAY2119-T109249.99,DELTA,5,1000,11,39,121,no,89,39
2025-05-21T15:02:32.512790,KXBTCD-25MAY2119-T109249.99,DELTA,5,1000,11,39,122,no,10,-3240
2025-05-21T15:02:32.512975,KXBTCD-25MAY2119-T109249.99,DELTA,5,1000,11,39,123,no,12,2700
2025-05-21T15:02:32.552594,KXBTCD-25MAY2119-T109249.99,DELTA,5,1000,11,39,124,no,51,-1000
2025-05-21T15:02:32.572784,KXBTCD-25MAY2119-T109249.99,DELTA,5,1000,11,39,125,no,11,-20000
2025-05-21T15:02:32.612884,KXBTCD-25MAY2119-T109249.99,DELTA,5,1000,11,1039,126,no,89,1000
2025-05-21T15:02:32.613039,KXBTCD-25MAY2119-T109249.99,DELTA,5,1000,11,1039,127,no,76,9
2025-05-21T15:02:32.613167,KXBTCD-25MAY2119-T109249.99,DELTA,5,1000,11,1039,128,no,5,20000
2025-05-21T15:02:34.833775,KXBTCD-25MAY2119-T109249.99,DELTA,5,1000,11,1039,129,no,12,-2700
2025-05-21T15:02:34.834486,KXBTCD-25MAY2119-T109249.99,DELTA,5,1000,11,1039,130,no,6,5400
2025-05-21T15:02:34.900671,KXBTCD-25MAY2119-T109249.99,DELTA,5,1000,11,1039,131,no,5,-20000
2025-05-21T15:02:34.933492,KXBTCD-25MAY2119-T109249.99,DELTA,5,1000,11,1039,132,no,7,20000
2025-05-21T15:02:34.934398,KXBTCD-25MAY2119-T109249.99,DELTA,5,1000,11,1039,133,no,76,-9
2025-05-21T15:02:38.652784,KXBTCD-25MAY2119-T109249.99,DELTA,5,1000,11,1039,134,no,6,-5400
2025-05-21T15:02:38.653287,KXBTCD-25MAY2119-T109249.99,DELTA,5,1000,11,1039,135,no,8,4050
2025-05-21T15:02:38.712813,KXBTCD-25MAY2119-T109249.99,DELTA,5,1000,11,1039,136,no,7,-20000
2025-05-21T15:02:38.752853,KXBTCD-25MAY2119-T109249.99,DELTA,5,1000,11,1039,137,no,9,20000
2025-05-21T15:02:41.114085,KXBTCD-25MAY2119-T109249.99,DELTA,5,1000,11,1039,138,no,8,-4050
2025-05-21T15:02:41.114887,KXBTCD-25MAY2119-T109249.99,DELTA,5,1000,11,1039,139,no,10,3240
2025-05-21T15:02:41.171601,KXBTCD-25MAY2119-T109249.99,DELTA,5,1000,11,1039,140,no,9,-20000
2025-05-21T15:02:41.212182,KXBTCD-25MAY2119-T109249.99,DELTA,5,1000,11,1039,141,no,11,20000
2025-05-21T15:02:41.811991,KXBTCD-25MAY2119-T109249.99,DELTA,5,1000,11,1039,142,no,50,-200
2025-05-21T15:02:41.813123,KXBTCD-25MAY2119-T109249.99,DELTA,5,1000,11,1039,143,no,60,200
2025-05-21T15:02:41.872305,KXBTCD-25MAY2119-T109249.99,DELTA,5,1000,11,1039,144,no,51,-2000
2025-05-21T15:02:41.911986,KXBTCD-25MAY2119-T109249.99,DELTA,5,1000,11,1039,145,no,61,2000
2025-05-21T15:02:42.293238,KXBTCD-25MAY2119-T109249.99,DELTA,5,1000,11,1039,146,no,10,-3240
2025-05-21T15:02:42.294225,KXBTCD-25MAY2119-T109249.99,DELTA,5,1000,11,1039,147,no,12,2700
2025-05-21T15:02:42.352847,KXBTCD-25MAY2119-T109249.99,DELTA,5,1000,11,1039,148,no,11,-20000
2025-05-21T15:02:42.412398,KXBTCD-25MAY2119-T109249.99,DELTA,5,1000,11,1039,149,no,5,20000
2025-05-21T15:02:43.431723,KXBTCD-25MAY2119-T109249.99,DELTA,5,1000,11,1039,150,no,12,-2700
2025-05-21T15:02:43.432472,KXBTCD-25MAY2119-T109249.99,DELTA,5,1000,11,1039,151,no,6,5400
2025-05-21T15:02:43.494794,KXBTCD-25MAY2119-T109249.99,DELTA,5,1000,11,1039,152,no,5,-20000
2025-05-21T15:02:43.532127,KXBTCD-25MAY2119-T109249.99,DELTA,5,1000,11,1039,153,no,7,20000
2025-05-21T15:02:44.573022,KXBTCD-25MAY2119-T109249.99,DELTA,5,1000,11,1039,154,no,6,-5400
2025-05-21T15:02:44.574150,KXBTCD-25MAY2119-T109249.99,DELTA,5,1000,11,1039,155,no,8,4050
2025-05-21T15:02:44.632433,KXBTCD-25MAY2119-T109249.99,DELTA,5,1000,11,1039,156,no,7,-20000
2025-05-21T15:02:44.672360,KXBTCD-25MAY2119-T109249.99,DELTA,5,1000,11,1039,157,no,9,20000
2025-05-21T15:02:45.773141,KXBTCD-25MAY2119-T109249.99,DELTA,5,1000,11,1039,158,no,8,-4050
2025-05-21T15:02:45.773672,KXBTCD-25MAY2119-T109249.99,DELTA,5,1000,11,1039,159,no,10,3240
2025-05-21T15:02:45.833635,KXBTCD-25MAY2119-T109249.99,DELTA,5,1000,11,1039,160,no,9,-20000
2025-05-21T15:02:45.873080,KXBTCD-25MAY2119-T109249.99,DELTA,5,1000,11,1039,161,no,11,20000
2025-05-21T15:02:49.543617,KXBTCD-25MAY2119-T109249.99,DELTA,5,1000,11,1039,162,no,10,-3240
2025-05-21T15:02:49.544107,KXBTCD-25MAY2119-T109249.99,DELTA,5,1000,11,1039,163,no,12,2700
2025-05-21T15:02:49.592838,KXBTCD-25MAY2119-T109249.99,DELTA,5,1000,11,1039,164,no,11,-20000
2025-05-21T15:02:49.634090,KXBTCD-25MAY2119-T109249.99,DELTA,5,1000,11,1039,165,no,5,20000
2025-05-21T15:02:51.934205,KXBTCD-25MAY2119-T109249.99,DELTA,5,1000,11,1039,166,no,12,-2700
2025-05-21T15:02:51.935032,KXBTCD-25MAY2119-T109249.99,DELTA,5,1000,11,1039,167,no,6,5400
2025-05-21T15:02:51.992831,KXBTCD-25MAY2119-T109249.99,DELTA,5,1000,11,1039,168,no,5,-20000
2025-05-21T15:02:52.053731,KXBTCD-25MAY2119-T109249.99,DELTA,5,1000,11,1039,169,no,7,20000
2025-05-21T15:02:53.073701,KXBTCD-25MAY2119-T109249.99,DELTA,5,1000,11,1039,170,no,6,-5400
2025-05-21T15:02:53.074307,KXBTCD-25MAY2119-T109249.99,DELTA,5,1000,11,1039,171,no,8,4050
2025-05-21T15:02:53.132444,KXBTCD-25MAY2119-T109249.99,DELTA,5,1000,11,1039,172,no,7,-20000
2025-05-21T15:02:53.251026,KXBTCD-25MAY2119-T109249.99,DELTA,5,1000,11,1039,173,no,9,20000
2025-05-21T15:02:54.312261,KXBTCD-25MAY2119-T109249.99,DELTA,5,1000,11,1039,174,no,8,-4050
2025-05-21T15:02:54.313383,KXBTCD-25MAY2119-T109249.99,DELTA,5,1000,11,1039,175,no,10,3240
2025-05-21T15:02:54.374335,KXBTCD-25MAY2119-T109249.99,DELTA,5,1000,11,1039,176,no,9,-20000
2025-05-21T15:02:54.412523,KXBTCD-25MAY2119-T109249.99,DELTA,5,1000,11,1039,177,no,11,20000
2025-05-21T15:02:55.471724,KXBTCD-25MAY2119-T109249.99,DELTA,5,1000,11,1039,178,no,10,-3240
2025-05-21T15:02:55.472713,KXBTCD-25MAY2119-T109249.99,DELTA,5,1000,11,1039,179,no,12,2700
2025-05-21T15:02:55.532735,KXBTCD-25MAY2119-T109249.99,DELTA,5,1000,11,1039,180,no,11,-20000
2025-05-21T15:02:55.594076,KXBTCD-25MAY2119-T109249.99,DELTA,5,1000,11,1039,181,no,5,20000
2025-05-21T15:02:56.653005,KXBTCD-25MAY2119-T109249.99,DELTA,5,1000,11,1039,182,no,12,-2700
2025-05-21T15:02:56.654054,KXBTCD-25MAY2119-T109249.99,DELTA,5,1000,11,1039,183,no,6,5400
2025-05-21T15:02:56.714349,KXBTCD-25MAY2119-T109249.99,DELTA,5,1000,11,1039,184,no,5,-20000
2025-05-21T15:02:56.752567,KXBTCD-25MAY2119-T109249.99,DELTA,5,1000,11,1039,185,no,7,20000
2025-05-21T15:03:00.555131,KXBTCD-25MAY2119-T109249.99,DELTA,5,1000,11,1039,186,no,6,-5400
2025-05-21T15:03:00.556152,KXBTCD-25MAY2119-T109249.99,DELTA,5,1000,11,1039,187,no,8,4050
2025-05-21T15:03:00.613239,KXBTCD-25MAY2119-T109249.99,DELTA,5,1000,11,1039,188,no,7,-20000
2025-05-21T15:03:00.673330,KXBTCD-25MAY2119-T109249.99,DELTA,5,1000,11,1039,189,no,9,20000
2025-05-21T15:03:02.053458,KXBTCD-25MAY2119-T109249.99,DELTA,5,1000,11,39,190,no,89,-1000
2025-05-21T15:03:02.115598,KXBTCD-25MAY2119-T109249.99,DELTA,5,1000,10,1000,191,no,90,1000
2025-05-21T15:03:02.174029,KXBTCD-25MAY2119-T109249.99,DELTA,5,1000,10,1000,192,no,76,9
2025-05-21T15:03:03.021896,KXBTCD-25MAY2119-T109249.99,DELTA,5,1000,10,1000,193,no,8,-4050
2025-05-21T15:03:03.022556,KXBTCD-25MAY2119-T109249.99,DELTA,5,1000,10,1000,194,no,10,3240
2025-05-21T15:03:03.139238,KXBTCD-25MAY2119-T109249.99,DELTA,5,1000,10,1000,195,no,9,-20000
2025-05-21T15:03:03.139955,KXBTCD-25MAY2119-T109249.99,DELTA,5,1000,10,1000,196,no,11,20000
2025-05-21T15:03:03.173840,KXBTCD-25MAY2119-T109249.99,DELTA,5,1000,10,1000,197,no,76,-9
2025-05-21T15:03:04.363469,KXBTCD-25MAY2119-T109249.99,DELTA,5,1000,10,1000,198,no,10,-3240
2025-05-21T15:03:04.364726,KXBTCD-25MAY2119-T109249.99,DELTA,5,1000,10,1000,199,no,12,2700
2025-05-21T15:03:04.462737,KXBTCD-25MAY2119-T109249.99,DELTA,5,1000,10,1000,200,no,11,-20000
2025-05-21T15:03:04.533069,KXBTCD-25MAY2119-T109249.99,DELTA,5,1000,10,1000,201,no,5,20000
2025-05-21T15:03:05.533468,KXBTCD-25MAY2119-T109249.99,DELTA,5,1000,10,1000,202,no,12,-2700
2025-05-21T15:03:05.534450,KXBTCD-25MAY2119-T109249.99,DELTA,5,1000,10,1000,203,no,6,5400
2025-05-21T15:03:05.534785,KXBTCD-25MAY2119-T109249.99,DELTA,5,1000,10,1000,204,no,5,-20000
2025-05-21T15:03:05.577432,KXBTCD-25MAY2119-T109249.99,DELTA,5,1000,10,1000,205,no,7,20000
2025-05-21T15:03:06.033542,KXBTCD-25MAY2119-T109249.99,DELTA,5,1000,10,1000,206,yes,4,-100
2025-05-21T15:03:06.113650,KXBTCD-25MAY2119-T109249.99,DELTA,3,80000,10,1000,207,yes,5,-1000
2025-05-21T15:03:06.252308,KXBTCD-25MAY2119-T109249.99,DELTA,3,80000,10,1000,208,no,89,-39
2025-05-21T15:03:06.333501,KXBTCD-25MAY2119-T109249.99,DELTA,3,80000,25,3000,209,no,90,-1000
2025-05-21T15:03:06.453054,KXBTCD-25MAY2119-T109249.99,DELTA,3,80000,25,3000,210,no,61,1000
2025-05-21T15:03:06.710862,KXBTCD-25MAY2119-T109249.99,DELTA,3,80000,25,3000,211,no,6,-5400
2025-05-21T15:03:06.711106,KXBTCD-25MAY2119-T109249.99,DELTA,3,80000,25,3000,212,no,8,4050
2025-05-21T15:03:06.748026,KXBTCD-25MAY2119-T109249.99,DELTA,3,80000,25,3000,213,no,7,-20000
2025-05-21T15:03:06.793351,KXBTCD-25MAY2119-T109249.99,DELTA,3,80000,25,3000,214,no,9,20000
2025-05-21T15:03:07.221635,KXBTCD-25MAY2119-T109249.99,DELTA,3,80100,25,3000,215,yes,3,100
2025-05-21T15:03:07.233672,KXBTCD-25MAY2119-T109249.99,DELTA,3,80100,11,39,216,no,89,39
2025-05-21T15:03:07.292579,KXBTCD-25MAY2119-T109249.99,DELTA,4,1000,11,39,217,yes,4,1000
2025-05-21T15:03:07.311743,KXBTCD-25MAY2119-T109249.99,DELTA,4,1000,11,39,218,no,61,-1000
2025-05-21T15:03:07.412902,KXBTCD-25MAY2119-T109249.99,DELTA,4,1000,11,1039,219,no,89,1000
2025-05-21T15:03:07.943834,KXBTCD-25MAY2119-T109249.99,DELTA,4,1000,11,1039,220,no,8,-4050
2025-05-21T15:03:07.944109,KXBTCD-25MAY2119-T109249.99,DELTA,4,1000,11,1039,221,no,10,3240
2025-05-21T15:03:08.010498,KXBTCD-25MAY2119-T109249.99,DELTA,4,1000,11,1039,222,no,9,-20000
2025-05-21T15:03:08.050536,KXBTCD-25MAY2119-T109249.99,DELTA,4,1000,11,1039,223,no,11,20000
2025-05-21T15:03:11.053027,KXBTCD-25MAY2119-T109249.99,DELTA,4,1000,11,1039,224,no,10,-3240
2025-05-21T15:03:11.148222,KXBTCD-25MAY2119-T109249.99,DELTA,4,1000,11,1039,225,no,11,-20000
2025-05-21T15:03:11.200256,KXBTCD-25MAY2119-T109249.99,DELTA,4,1000,11,1039,226,no,5,20000
2025-05-21T15:03:12.994090,KXBTCD-25MAY2119-T109249.99,DELTA,4,1000,11,39,227,no,89,-1000
2025-05-21T15:03:13.075317,KXBTCD-25MAY2119-T109249.99,DELTA,4,1000,11,1039,228,no,89,1000
2025-05-21T15:03:13.112879,KXBTCD-25MAY2119-T109249.99,DELTA,4,1000,11,1039,229,no,76,9
2025-05-21T15:03:16.276011,KXBTCD-25MAY2119-T109249.99,DELTA,4,1000,11,1039,230,no,6,5400
2025-05-21T15:03:16.374650,KXBTCD-25MAY2119-T109249.99,DELTA,4,1000,11,1039,231,no,5,-20000
2025-05-21T15:03:16.375612,KXBTCD-25MAY2119-T109249.99,DELTA,4,1000,11,1039,232,no,76,-9
2025-05-21T15:03:16.573368,KXBTCD-25MAY2119-T109249.99,DELTA,4,1000,11,1039,233,no,7,20000
2025-05-21T15:03:18.173076,KXBTCD-25MAY2119-T109249.99,DELTA,4,1000,11,1039,234,no,6,-5400
2025-05-21T15:03:18.174204,KXBTCD-25MAY2119-T109249.99,DELTA,4,1000,11,1039,235,no,8,4050
2025-05-21T15:03:18.292712,KXBTCD-25MAY2119-T109249.99,DELTA,4,1000,11,1039,236,no,7,-20000
2025-05-21T15:03:18.472748,KXBTCD-25MAY2119-T109249.99,DELTA,4,1000,11,1039,237,no,9,20000
2025-05-21T15:03:19.692776,KXBTCD-25MAY2119-T109249.99,DELTA,4,1000,11,1039,238,no,8,-4050
2025-05-21T15:03:19.693156,KXBTCD-25MAY2119-T109249.99,DELTA,4,1000,11,1039,239,no,10,3240
2025-05-21T15:03:19.732492,KXBTCD-25MAY2119-T109249.99,DELTA,4,1000,11,39,240,no,89,-1000
2025-05-21T15:03:19.791833,KXBTCD-25MAY2119-T109249.99,DELTA,4,1000,10,1000,241,no,90,1000
2025-05-21T15:03:19.792390,KXBTCD-25MAY2119-T109249.99,DELTA,4,1000,10,1000,242,no,9,-20000
2025-05-21T15:03:19.852857,KXBTCD-25MAY2119-T109249.99,DELTA,4,1000,10,1000,243,no,11,20000
2025-05-21T15:03:20.832749,KXBTCD-25MAY2119-T109249.99,DELTA,4,1000,10,1000,244,no,10,-3240
2025-05-21T15:03:20.833533,KXBTCD-25MAY2119-T109249.99,DELTA,4,1000,10,1000,245,no,12,2700
2025-05-21T15:03:20.892323,KXBTCD-25MAY2119-T109249.99,DELTA,4,1000,10,1000,246,no,11,-20000
2025-05-21T15:03:20.952556,KXBTCD-25MAY2119-T109249.99,DELTA,4,1000,10,1000,247,no,5,20000
2025-05-21T15:03:22.033377,KXBTCD-25MAY2119-T109249.99,DELTA,4,1000,10,1000,248,no,12,-2700
2025-05-21T15:03:22.034313,KXBTCD-25MAY2119-T109249.99,DELTA,4,1000,10,1000,249,no,6,5400
2025-05-21T15:03:22.114088,KXBTCD-25MAY2119-T109249.99,DELTA,4,1000,10,1000,250,no,5,-20000
2025-05-21T15:03:22.172080,KXBTCD-25MAY2119-T109249.99,DELTA,4,1000,10,1000,251,no,7,20000
2025-05-21T15:03:26.532457,KXBTCD-25MAY2119-T109249.99,DELTA,4,1000,10,1000,252,no,6,-5400
2025-05-21T15:03:26.533144,KXBTCD-25MAY2119-T109249.99,DELTA,4,1000,10,1000,253,no,8,4050
2025-05-21T15:03:26.713361,KXBTCD-25MAY2119-T109249.99,DELTA,4,1000,10,1000,254,no,7,-20000
2025-05-21T15:03:26.833995,KXBTCD-25MAY2119-T109249.99,DELTA,4,1000,10,1000,255,no,9,20000
2025-05-21T15:03:29.533761,KXBTCD-25MAY2119-T109249.99,DELTA,4,1000,11,39,256,no,90,-1000
2025-05-21T15:03:29.646352,KXBTCD-25MAY2119-T109249.99,DELTA,4,1000,11,39,257,no,76,9
2025-05-21T15:03:29.646924,KXBTCD-25MAY2119-T109249.99,DELTA,4,1000,11,1039,258,no,89,1000
2025-05-21T15:03:29.833728,KXBTCD-25MAY2119-T109249.99,DELTA,4,1000,11,1039,259,no,8,-4050
2025-05-21T15:03:29.834524,KXBTCD-25MAY2119-T109249.99,DELTA,4,1000,11,1039,260,no,10,3240
2025-05-21T15:03:29.953054,KXBTCD-25MAY2119-T109249.99,DELTA,4,1000,11,1039,261,no,9,-20000
2025-05-21T15:03:30.071819,KXBTCD-25MAY2119-T109249.99,DELTA,4,1000,11,1039,262,no,11,20000
2025-05-21T15:03:31.053575,KXBTCD-25MAY2119-T109249.99,DELTA,4,1000,11,1039,263,no,10,-3240
2025-05-21T15:03:31.054399,KXBTCD-25MAY2119-T109249.99,DELTA,4,1000,11,1039,264,no,12,2700
2025-05-21T15:03:31.154910,KXBTCD-25MAY2119-T109249.99,DELTA,4,1000,11,1039,265,no,76,-9
2025-05-21T15:03:31.172708,KXBTCD-25MAY2119-T109249.99,DELTA,4,1000,11,1039,266,no,11,-20000
2025-05-21T15:03:31.272103,KXBTCD-25MAY2119-T109249.99,DELTA,4,1000,11,1039,267,no,5,20000
2025-05-21T15:03:32.371550,KXBTCD-25MAY2119-T109249.99,DELTA,4,1000,11,1039,268,no,12,-2700
2025-05-21T15:03:32.372076,KXBTCD-25MAY2119-T109249.99,DELTA,4,1000,11,1039,269,no,6,5400
2025-05-21T15:03:32.492528,KXBTCD-25MAY2119-T109249.99,DELTA,4,1000,11,1039,270,no,5,-20000
2025-05-21T15:03:32.631909,KXBTCD-25MAY2119-T109249.99,DELTA,4,1000,11,1039,271,no,7,20000
2025-05-21T15:03:33.652830,KXBTCD-25MAY2119-T109249.99,DELTA,4,1000,11,1039,272,no,6,-5400
2025-05-21T15:03:33.653384,KXBTCD-25MAY2119-T109249.99,DELTA,4,1000,11,1039,273,no,8,4050
2025-05-21T15:03:33.772391,KXBTCD-25MAY2119-T109249.99,DELTA,4,1000,11,1039,274,no,7,-20000
2025-05-21T15:03:33.912414,KXBTCD-25MAY2119-T109249.99,DELTA,4,1000,11,1039,275,no,9,20000
2025-05-21T15:03:34.953711,KXBTCD-25MAY2119-T109249.99,DELTA,4,1000,11,1039,276,no,8,-4050
2025-05-21T15:03:34.954428,KXBTCD-25MAY2119-T109249.99,DELTA,4,1000,11,1039,277,no,10,3240
2025-05-21T15:03:35.092760,KXBTCD-25MAY2119-T109249.99,DELTA,4,1000,11,1039,278,no,9,-20000
2025-05-21T15:03:35.192735,KXBTCD-25MAY2119-T109249.99,DELTA,4,1000,11,1039,279,no,11,20000
2025-05-21T15:03:38.671847,KXBTCD-25MAY2119-T109249.99,DELTA,4,1000,11,1039,280,no,10,-3240
2025-05-21T15:03:38.672402,KXBTCD-25MAY2119-T109249.99,DELTA,4,1000,11,1039,281,no,12,2700
2025-05-21T15:03:38.792423,KXBTCD-25MAY2119-T109249.99,DELTA,4,1000,11,1039,282,no,11,-20000
2025-05-21T15:03:38.954800,KXBTCD-25MAY2119-T109249.99,DELTA,4,1000,11,1039,283,no,5,20000
2025-05-21T15:03:40.691708,KXBTCD-25MAY2119-T109249.99,DELTA,4,1000,11,39,284,no,89,-1000
2025-05-21T15:03:40.792294,KXBTCD-25MAY2119-T109249.99,DELTA,4,1000,10,1000,285,no,90,1000
2025-05-21T15:03:40.831414,KXBTCD-25MAY2119-T109249.99,DELTA,4,1000,10,1000,286,no,76,9
2025-05-21T15:03:41.652284,KXBTCD-25MAY2119-T109249.99,DELTA,4,1000,10,1000,287,no,12,-2700
2025-05-21T15:03:41.652746,KXBTCD-25MAY2119-T109249.99,DELTA,4,1000,10,1000,288,no,6,5400
2025-05-21T15:03:41.752979,KXBTCD-25MAY2119-T109249.99,DELTA,4,1000,10,1000,289,no,76,-9
2025-05-21T15:03:41.772242,KXBTCD-25MAY2119-T109249.99,DELTA,4,1000,10,1000,290,no,5,-20000
2025-05-21T15:03:41.893402,KXBTCD-25MAY2119-T109249.99,DELTA,4,1000,10,1000,291,no,7,20000
2025-05-21T15:03:42.873477,KXBTCD-25MAY2119-T109249.99,DELTA,4,1000,10,1000,292,no,6,-5400
2025-05-21T15:03:42.873839,KXBTCD-25MAY2119-T109249.99,DELTA,4,1000,10,1000,293,no,8,4050
2025-05-21T15:03:42.992249,KXBTCD-25MAY2119-T109249.99,DELTA,4,1000,10,1000,294,no,7,-20000
2025-05-21T15:03:43.112312,KXBTCD-25MAY2119-T109249.99,DELTA,4,1000,10,1000,295,no,9,20000
2025-05-21T15:03:44.113268,KXBTCD-25MAY2119-T109249.99,DELTA,4,1000,10,1000,296,no,8,-4050
2025-05-21T15:03:44.113645,KXBTCD-25MAY2119-T109249.99,DELTA,4,1000,10,1000,297,no,10,3240
2025-05-21T15:03:44.230896,KXBTCD-25MAY2119-T109249.99,DELTA,4,1000,10,1000,298,no,9,-20000
2025-05-21T15:03:44.352081,KXBTCD-25MAY2119-T109249.99,DELTA,4,1000,10,1000,299,no,11,20000
2025-05-21T15:03:45.452988,KXBTCD-25MAY2119-T109249.99,DELTA,4,1000,10,1000,300,no,10,-3240
2025-05-21T15:03:45.453647,KXBTCD-25MAY2119-T109249.99,DELTA,4,1000,10,1000,301,no,12,2700
2025-05-21T15:03:45.552986,KXBTCD-25MAY2119-T109249.99,DELTA,4,1000,10,1000,302,no,11,-20000
2025-05-21T15:03:45.671542,KXBTCD-25MAY2119-T109249.99,DELTA,4,1000,10,1000,303,no,5,20000
2025-05-21T15:03:46.631891,KXBTCD-25MAY2119-T109249.99,DELTA,4,1000,10,1000,304,no,12,-2700
2025-05-21T15:03:46.632260,KXBTCD-25MAY2119-T109249.99,DELTA,4,1000,10,1000,305,no,6,5400
2025-05-21T15:03:46.750843,KXBTCD-25MAY2119-T109249.99,DELTA,4,1000,10,1000,306,no,5,-20000
2025-05-21T15:03:46.912668,KXBTCD-25MAY2119-T109249.99,DELTA,4,1000,10,1000,307,no,7,20000
2025-05-21T15:03:47.031296,KXBTCD-25MAY2119-T109249.99,DELTA,4,1000,11,39,308,no,90,-1000
2025-05-21T15:03:47.131956,KXBTCD-25MAY2119-T109249.99,DELTA,4,1000,11,1039,309,no,89,1000
2025-05-21T15:03:47.772097,KXBTCD-25MAY2119-T109249.99,DELTA,4,1000,11,39,310,no,89,-1000
2025-05-21T15:03:47.872076,KXBTCD-25MAY2119-T109249.99,DELTA,4,1000,10,1000,311,no,90,1000
2025-05-21T15:03:47.891909,KXBTCD-25MAY2119-T109249.99,DELTA,4,1000,10,1000,312,no,76,9
2025-05-21T15:03:48.892541,KXBTCD-25MAY2119-T109249.99,DELTA,4,1000,11,39,313,no,90,-1000
2025-05-21T15:03:49.012561,KXBTCD-25MAY2119-T109249.99,DELTA,4,1000,11,1039,314,no,89,1000
2025-05-21T15:03:50.332352,KXBTCD-25MAY2119-T109249.99,DELTA,4,1000,11,1039,315,no,6,-5400
2025-05-21T15:03:50.332950,KXBTCD-25MAY2119-T109249.99,DELTA,4,1000,11,1039,316,no,8,4050
2025-05-21T15:03:50.434272,KXBTCD-25MAY2119-T109249.99,DELTA,4,1000,11,1039,317,no,7,-20000
2025-05-21T15:03:50.452393,KXBTCD-25MAY2119-T109249.99,DELTA,4,1000,11,1039,318,no,76,-9
2025-05-21T15:03:50.552229,KXBTCD-25MAY2119-T109249.99,DELTA,4,1000,11,1039,319,no,9,20000
2025-05-21T15:03:53.330895,KXBTCD-25MAY2119-T109249.99,DELTA,4,1000,11,1039,320,no,8,-4050
2025-05-21T15:03:53.331387,KXBTCD-25MAY2119-T109249.99,DELTA,4,1000,11,1039,321,no,10,3240
2025-05-21T15:03:53.452172,KXBTCD-25MAY2119-T109249.99,DELTA,4,1000,11,1039,322,no,9,-20000
2025-05-21T15:03:53.594106,KXBTCD-25MAY2119-T109249.99,DELTA,4,1000,11,1039,323,no,11,20000
2025-05-21T15:03:54.511671,KXBTCD-25MAY2119-T109249.99,DELTA,4,1000,11,1039,324,no,10,-3240
2025-05-21T15:03:54.511972,KXBTCD-25MAY2119-T109249.99,DELTA,4,1000,11,1039,325,no,12,2700
2025-05-21T15:03:54.631652,KXBTCD-25MAY2119-T109249.99,DELTA,4,1000,11,1039,326,no,11,-20000
2025-05-21T15:03:54.752558,KXBTCD-25MAY2119-T109249.99,DELTA,4,1000,11,1039,327,no,5,20000
2025-05-21T15:03:55.752776,KXBTCD-25MAY2119-T109249.99,DELTA,4,1000,11,1039,328,no,12,-2700
2025-05-21T15:03:55.753083,KXBTCD-25MAY2119-T109249.99,DELTA,4,1000,11,1039,329,no,50,648
2025-05-21T15:03:56.992558,KXBTCD-25MAY2119-T109249.99,DELTA,4,1000,11,39,330,no,89,-1000
2025-05-21T15:03:57.112131,KXBTCD-25MAY2119-T109249.99,DELTA,4,1000,11,39,331,no,76,9
2025-05-21T15:03:57.112765,KXBTCD-25MAY2119-T109249.99,DELTA,4,1000,10,1000,332,no,90,1000
2025-05-21T15:04:04.392726,KXBTCD-25MAY2119-T109249.99,DELTA,4,1000,10,1000,333,no,89,-39
2025-05-21T15:04:04.512570,KXBTCD-25MAY2119-T109249.99,DELTA,4,1000,10,1000,334,no,76,-9
2025-05-21T15:04:04.513024,KXBTCD-25MAY2119-T109249.99,DELTA,4,1000,25,3000,335,no,90,-1000
2025-05-21T15:04:04.632589,KXBTCD-25MAY2119-T109249.99,DELTA,4,1000,25,3000,336,no,61,1000
2025-05-21T15:04:05.371746,KXBTCD-25MAY2119-T109249.99,DELTA,4,1000,10,39,337,no,90,39
2025-05-21T15:04:05.492203,KXBTCD-25MAY2119-T109249.99,DELTA,4,1000,10,39,338,no,76,9
2025-05-21T15:04:05.492617,KXBTCD-25MAY2119-T109249.99,DELTA,4,1000,10,39,339,no,61,-1000
2025-05-21T15:04:05.614201,KXBTCD-25MAY2119-T109249.99,DELTA,4,1000,10,1039,340,no,90,1000
2025-05-21T15:04:37.493415,KXBTCD-25MAY2119-T109249.99,DELTA,4,1000,10,1039,341,yes,3,-80000
2025-05-21T15:04:37.571719,KXBTCD-25MAY2119-T109249.99,DELTA,4,1000,10,39,342,no,90,-1000
2025-05-21T15:04:37.694798,KXBTCD-25MAY2119-T109249.99,DELTA,4,1000,10,39,343,no,76,-9
2025-05-21T15:04:37.695318,KXBTCD-25MAY2119-T109249.99,DELTA,4,1000,9,1000,344,no,91,1000
2025-05-21T15:04:37.696863,KXBTCD-25MAY2119-T109249.99,DELTA,4,1000,9,1000,345,yes,2,80000
2025-05-21T15:04:37.874674,KXBTCD-25MAY2119-T109249.99,DELTA,4,1000,9,1000,346,yes,2,-80000
2025-05-21T15:04:37.891699,KXBTCD-25MAY2119-T109249.99,DELTA,4,1000,10,39,347,no,91,-1000
2025-05-21T15:04:38.173800,KXBTCD-25MAY2119-T109249.99,DELTA,4,1000,10,39,348,yes,3,80000
2025-05-21T15:04:38.174598,KXBTCD-25MAY2119-T109249.99,DELTA,4,1000,10,1039,349,no,90,1000
2025-05-21T15:04:57.132365,KXBTCD-25MAY2119-T109249.99,DELTA,4,1000,10,1039,350,yes,3,-80000
2025-05-21T15:04:57.133464,KXBTCD-25MAY2119-T109249.99,DELTA,4,1000,10,39,351,no,90,-1000
2025-05-21T15:04:57.172219,KXBTCD-25MAY2119-T109249.99,DELTA,4,1000,10,39,352,yes,2,80000
2025-05-21T15:04:57.172592,KXBTCD-25MAY2119-T109249.99,DELTA,4,1000,9,1000,353,no,91,1000
2025-05-21T15:04:57.253383,KXBTCD-25MAY2119-T109249.99,DELTA,4,1000,9,1000,354,no,76,9
2025-05-21T15:05:00.852439,KXBTCD-25MAY2119-T109249.99,DELTA,4,1000,9,1000,355,yes,2,-80000
2025-05-21T15:05:00.871798,KXBTCD-25MAY2119-T109249.99,DELTA,4,1000,10,39,356,no,91,-1000
2025-05-21T15:05:00.911196,KXBTCD-25MAY2119-T109249.99,DELTA,4,1000,10,39,357,yes,3,80000
2025-05-21T15:05:00.911795,KXBTCD-25MAY2119-T109249.99,DELTA,4,1000,10,1039,358,no,90,1000
2025-05-21T15:05:00.972021,KXBTCD-25MAY2119-T109249.99,DELTA,4,1000,10,1039,359,no,76,-9
2025-05-21T15:05:01.192199,KXBTCD-25MAY2119-T109249.99,DELTA,4,1000,10,1039,360,no,80,250
2025-05-21T15:05:01.216470,KXBTCD-25MAY2119-T109249.99,DELTA,4,1000,10,1039,361,no,82,250
2025-05-21T15:05:01.217301,KXBTCD-25MAY2119-T109249.99,DELTA,4,1000,10,1039,362,no,84,250
2025-05-21T15:05:01.231860,KXBTCD-25MAY2119-T109249.99,DELTA,4,1000,10,1039,363,no,86,250
2025-05-21T15:05:01.232647,KXBTCD-25MAY2119-T109249.99,DELTA,4,1000,10,1039,364,no,88,250
2025-05-21T15:05:01.311987,KXBTCD-25MAY2119-T109249.99,DELTA,4,1000,10,1039,365,no,61,-2000
2025-05-21T15:05:01.390789,KXBTCD-25MAY2119-T109249.99,DELTA,4,1000,10,1039,366,no,87,2000
2025-05-21T15:05:02.012449,KXBTCD-25MAY2119-T109249.99,DELTA,4,1000,10,1039,367,no,88,1250
2025-05-21T15:05:03.132387,KXBTCD-25MAY2119-T109249.99,DELTA,4,1000,10,1039,368,no,88,-250
2025-05-21T15:05:03.158495,KXBTCD-25MAY2119-T109249.99,DELTA,4,1000,10,1039,369,no,78,250
2025-05-21T15:05:03.235791,KXBTCD-25MAY2119-T109249.99,DELTA,4,1000,10,1039,370,no,88,-1250
2025-05-21T15:05:03.271592,KXBTCD-25MAY2119-T109249.99,DELTA,4,1000,10,1039,371,no,87,1250
2025-05-21T15:05:03.551802,KXBTCD-25MAY2119-T109249.99,DELTA,4,1000,10,1039,372,yes,3,-80000
2025-05-21T15:05:03.552875,KXBTCD-25MAY2119-T109249.99,DELTA,4,1000,10,39,373,no,90,-1000
2025-05-21T15:05:03.672025,KXBTCD-25MAY2119-T109249.99,DELTA,4,1000,10,39,374,yes,2,80000
2025-05-21T15:05:03.693173,KXBTCD-25MAY2119-T109249.99,DELTA,4,1000,9,1000,375,no,91,1000
2025-05-21T15:05:05.111723,KXBTCD-25MAY2119-T109249.99,DELTA,4,1000,9,1000,376,no,78,-250
2025-05-21T15:05:05.214070,KXBTCD-25MAY2119-T109249.99,DELTA,4,1000,9,1000,377,no,88,250
2025-05-21T15:05:05.292105,KXBTCD-25MAY2119-T109249.99,DELTA,4,1000,9,1000,378,no,87,-2000
2025-05-21T15:05:05.311565,KXBTCD-25MAY2119-T109249.99,DELTA,4,1000,9,1000,379,no,87,-1250
2025-05-21T15:05:05.371696,KXBTCD-25MAY2119-T109249.99,DELTA,4,1000,9,1000,380,no,89,1250
2025-05-21T15:05:05.391721,KXBTCD-25MAY2119-T109249.99,DELTA,4,1000,9,1000,381,no,88,2000
2025-05-21T15:05:08.091208,KXBTCD-25MAY2119-T109249.99,DELTA,4,1000,9,1000,382,yes,2,-80000
2025-05-21T15:05:08.113888,KXBTCD-25MAY2119-T109249.99,DELTA,4,1000,9,1000,383,no,88,-2000
2025-05-21T15:05:08.116748,KXBTCD-25MAY2119-T109249.99,DELTA,4,1000,10,39,384,no,91,-1000
2025-05-21T15:05:08.131412,KXBTCD-25MAY2119-T109249.99,DELTA,4,1000,10,39,385,no,89,-1250
2025-05-21T15:05:08.171478,KXBTCD-25MAY2119-T109249.99,DELTA,4,1000,10,39,386,no,88,1250
2025-05-21T15:05:08.171683,KXBTCD-25MAY2119-T109249.99,DELTA,4,1000,10,39,387,yes,3,80000
2025-05-21T15:05:08.171766,KXBTCD-25MAY2119-T109249.99,DELTA,4,1000,10,39,388,no,87,2000
2025-05-21T15:05:08.172166,KXBTCD-25MAY2119-T109249.99,DELTA,4,1000,10,1039,389,no,90,1000
2025-05-21T15:05:15.452554,KXBTCD-25MAY2119-T109249.99,DELTA,4,1000,10,1039,390,yes,3,-80000
2025-05-21T15:05:15.452950,KXBTCD-25MAY2119-T109249.99,DELTA,4,1000,10,1039,391,no,87,-2000
2025-05-21T15:05:15.472401,KXBTCD-25MAY2119-T109249.99,DELTA,4,1000,10,39,392,no,90,-1000
2025-05-21T15:05:15.472707,KXBTCD-25MAY2119-T109249.99,DELTA,4,1000,10,39,393,no,88,-1250
2025-05-21T15:05:15.551604,KXBTCD-25MAY2119-T109249.99,DELTA,4,1000,10,39,394,no,88,2000
2025-05-21T15:05:15.551822,KXBTCD-25MAY2119-T109249.99,DELTA,4,1000,10,39,395,no,89,1250
2025-05-21T15:05:15.551982,KXBTCD-25MAY2119-T109249.99,DELTA,4,1000,10,39,396,yes,2,80000
2025-05-21T15:05:15.552121,KXBTCD-25MAY2119-T109249.99,DELTA,4,1000,9,1000,397,no,91,1000
2025-05-21T15:05:24.512398,KXBTCD-25MAY2119-T109249.99,DELTA,4,1000,9,1000,398,yes,2,-80000
2025-05-21T15:05:24.513385,KXBTCD-25MAY2119-T109249.99,DELTA,4,1000,9,1000,399,no,88,-2000
2025-05-21T15:05:24.531323,KXBTCD-25MAY2119-T109249.99,DELTA,4,1000,10,39,400,no,91,-1000
2025-05-21T15:05:24.532180,KXBTCD-25MAY2119-T109249.99,DELTA,4,1000,10,39,401,no,89,-1250
2025-05-21T15:05:24.592097,KXBTCD-25MAY2119-T109249.99,DELTA,4,1000,10,39,402,yes,3,80000
2025-05-21T15:05:24.593233,KXBTCD-25MAY2119-T109249.99,DELTA,4,1000,10,39,403,no,87,2000
2025-05-21T15:05:24.593754,KXBTCD-25MAY2119-T109249.99,DELTA,4,1000,10,39,404,no,78,250
2025-05-21T15:05:24.594236,KXBTCD-25MAY2119-T109249.99,DELTA,4,1000,10,39,405,no,88,1250
2025-05-21T15:05:24.594685,KXBTCD-25MAY2119-T109249.99,DELTA,4,1000,10,39,406,no,88,-250
2025-05-21T15:05:24.595105,KXBTCD-25MAY2119-T109249.99,DELTA,4,1000,10,1039,407,no,90,1000
2025-05-21T15:05:24.671761,KXBTCD-25MAY2119-T109249.99,DELTA,4,1000,10,1039,408,no,88,-1250
2025-05-21T15:05:24.712111,KXBTCD-25MAY2119-T109249.99,DELTA,4,1000,10,1039,409,no,87,1250
2025-05-21T15:05:25.171038,KXBTCD-25MAY2119-T109249.99,DELTA,4,1000,10,1039,410,no,78,-250
2025-05-21T15:05:25.171457,KXBTCD-25MAY2119-T109249.99,DELTA,4,1000,10,1039,411,no,88,250
2025-05-21T15:05:25.172089,KXBTCD-25MAY2119-T109249.99,DELTA,4,1000,10,1039,412,no,87,-1250
2025-05-21T15:05:25.191711,KXBTCD-25MAY2119-T109249.99,DELTA,4,1000,10,1039,413,no,88,1250
2025-05-21T15:05:27.512165,KXBTCD-25MAY2119-T109249.99,DELTA,4,1000,10,1039,414,yes,3,-80000
2025-05-21T15:05:27.512404,KXBTCD-25MAY2119-T109249.99,DELTA,4,1000,10,1039,415,no,87,-2000
2025-05-21T15:05:27.531115,KXBTCD-25MAY2119-T109249.99,DELTA,4,1000,10,39,416,no,90,-1000
2025-05-21T15:05:27.531339,KXBTCD-25MAY2119-T109249.99,DELTA,4,1000,10,39,417,no,88,-1250
2025-05-21T15:05:27.595071,KXBTCD-25MAY2119-T109249.99,DELTA,4,1000,10,39,418,no,89,1250
2025-05-21T15:05:27.616824,KXBTCD-25MAY2119-T109249.99,DELTA,4,1000,9,1000,419,no,91,1000
2025-05-21T15:05:27.616996,KXBTCD-25MAY2119-T109249.99,DELTA,4,1000,9,1000,420,yes,2,80000
2025-05-21T15:05:27.617075,KXBTCD-25MAY2119-T109249.99,DELTA,4,1000,9,1000,421,no,88,2000
2025-05-21T15:05:31.491570,KXBTCD-25MAY2119-T109249.99,DELTA,3,100,9,1000,422,yes,4,-1000
2025-05-21T15:05:31.491754,KXBTCD-25MAY2119-T109249.99,DELTA,3,100,9,1000,423,yes,2,-80000
2025-05-21T15:05:31.511732,KXBTCD-25MAY2119-T109249.99,DELTA,3,100,9,1000,424,no,88,-2000
2025-05-21T15:05:31.551639,KXBTCD-25MAY2119-T109249.99,DELTA,4,1000,9,1000,425,yes,4,1000
2025-05-21T15:05:31.551973,KXBTCD-25MAY2119-T109249.99,DELTA,4,1000,9,1000,426,yes,2,80000
2025-05-21T15:05:31.552108,KXBTCD-25MAY2119-T109249.99,DELTA,4,1000,9,1000,427,no,88,2000
2025-05-21T15:05:31.610246,KXBTCD-25MAY2119-T109249.99,DELTA,3,100,9,1000,428,yes,4,-1000
2025-05-21T15:05:31.632017,KXBTCD-25MAY2119-T109249.99,DELTA,3,100,9,1000,429,yes,2,-80000
2025-05-21T15:05:31.632411,KXBTCD-25MAY2119-T109249.99,DELTA,3,100,9,1000,430,no,88,-2000
2025-05-21T15:05:31.691399,KXBTCD-25MAY2119-T109249.99,DELTA,3,100,9,1000,431,no,89,2000
2025-05-21T15:05:31.710602,KXBTCD-25MAY2119-T109249.99,DELTA,3,100,9,1000,432,yes,1,80000
2025-05-21T15:05:31.710740,KXBTCD-25MAY2119-T109249.99,DELTA,3,1100,9,1000,433,yes,3,1000
2025-05-21T15:05:35.334753,KXBTCD-25MAY2119-T109249.99,DELTA,3,100,9,1000,434,yes,3,-1000
2025-05-21T15:05:35.335500,KXBTCD-25MAY2119-T109249.99,DELTA,3,100,9,1000,435,yes,1,-80000
2025-05-21T15:05:35.357594,KXBTCD-25MAY2119-T109249.99,DELTA,3,100,9,1000,436,no,89,-2000
2025-05-21T15:05:35.476328,KXBTCD-25MAY2119-T109249.99,DELTA,4,1000,9,1000,437,yes,4,1000
2025-05-21T15:05:35.476555,KXBTCD-25MAY2119-T109249.99,DELTA,4,1000,9,1000,438,yes,2,80000
2025-05-21T15:05:35.476644,KXBTCD-25MAY2119-T109249.99,DELTA,4,1000,9,1000,439,no,88,2000
2025-05-21T15:05:48.192409,KXBTCD-25MAY2119-T109249.99,DELTA,4,1000,9,1000,440,no,88,-250
2025-05-21T15:05:48.192969,KXBTCD-25MAY2119-T109249.99,DELTA,4,1000,9,1000,441,no,78,250
2025-05-21T15:05:48.312809,KXBTCD-25MAY2119-T109249.99,DELTA,4,1000,9,1000,442,no,88,-2000
2025-05-21T15:05:48.330421,KXBTCD-25MAY2119-T109249.99,DELTA,4,1000,9,1000,443,no,89,-1250
2025-05-21T15:05:48.512628,KXBTCD-25MAY2119-T109249.99,DELTA,4,1000,9,1000,444,no,87,1250
2025-05-21T15:05:48.513042,KXBTCD-25MAY2119-T109249.99,DELTA,4,1000,9,1000,445,no,87,2000
2025-05-21T15:05:53.451646,KXBTCD-25MAY2119-T109249.99,DELTA,4,1000,9,1000,446,no,50,-648
2025-05-21T15:05:53.452307,KXBTCD-25MAY2119-T109249.99,DELTA,4,1000,9,1000,447,no,6,5400
2025-05-21T15:05:53.571739,KXBTCD-25MAY2119-T109249.99,DELTA,4,1000,9,1000,448,no,5,-20000
2025-05-21T15:05:53.713927,KXBTCD-25MAY2119-T109249.99,DELTA,4,1000,9,1000,449,no,7,20000
2025-05-21T15:05:55.091945,KXBTCD-25MAY2119-T109249.99,DELTA,4,1000,9,1000,450,no,88,250
2025-05-21T15:05:55.092329,KXBTCD-25MAY2119-T109249.99,DELTA,4,1000,9,1000,451,no,78,-250
2025-05-21T15:05:55.231125,KXBTCD-25MAY2119-T109249.99,DELTA,4,1000,9,1000,452,no,87,-2000
2025-05-21T15:05:55.310975,KXBTCD-25MAY2119-T109249.99,DELTA,4,1000,9,1000,453,no,87,-1250
2025-05-21T15:05:55.431964,KXBTCD-25MAY2119-T109249.99,DELTA,4,1000,9,1000,454,no,88,2000
2025-05-21T15:05:55.432426,KXBTCD-25MAY2119-T109249.99,DELTA,4,1000,9,1000,455,no,89,1250
2025-05-21T15:05:56.011589,KXBTCD-25MAY2119-T109249.99,DELTA,4,1000,9,1000,456,no,6,-5400
2025-05-21T15:05:56.012171,KXBTCD-25MAY2119-T109249.99,DELTA,4,1000,9,1000,457,no,50,648
2025-05-21T15:05:56.130970,KXBTCD-25MAY2119-T109249.99,DELTA,4,1000,9,1000,458,no,7,-20000
2025-05-21T15:05:56.231209,KXBTCD-25MAY2119-T109249.99,DELTA,4,1000,9,1000,459,no,5,20000
2025-05-21T15:06:00.131633,KXBTCD-25MAY2119-T109249.99,DELTA,4,1000,9,1000,460,no,88,-250
2025-05-21T15:06:00.152299,KXBTCD-25MAY2119-T109249.99,DELTA,4,1000,9,1000,461,no,78,250
2025-05-21T15:06:00.253910,KXBTCD-25MAY2119-T109249.99,DELTA,4,1000,9,1000,462,no,88,-2000
2025-05-21T15:06:00.271091,KXBTCD-25MAY2119-T109249.99,DELTA,4,1000,9,1000,463,no,89,-1250
2025-05-21T15:06:00.391695,KXBTCD-25MAY2119-T109249.99,DELTA,4,1000,9,1000,464,no,87,2000
2025-05-21T15:06:00.392025,KXBTCD-25MAY2119-T109249.99,DELTA,4,1000,9,1000,465,no,87,1250
2025-05-21T15:06:01.330869,KXBTCD-25MAY2119-T109249.99,DELTA,4,1000,9,1000,466,yes,2,-80000
2025-05-21T15:06:01.331353,KXBTCD-25MAY2119-T109249.99,DELTA,4,1000,10,39,467,no,91,-1000
2025-05-21T15:06:01.391160,KXBTCD-25MAY2119-T109249.99,DELTA,4,1000,10,39,468,no,78,-250
2025-05-21T15:06:01.391583,KXBTCD-25MAY2119-T109249.99,DELTA,4,1000,10,39,469,yes,2,250
2025-05-21T15:06:01.391901,KXBTCD-25MAY2119-T109249.99,DELTA,4,1000,10,39,470,no,88,250
2025-05-21T15:06:01.450517,KXBTCD-25MAY2119-T109249.99,DELTA,4,1000,10,39,471,yes,3,80000
2025-05-21T15:06:01.451215,KXBTCD-25MAY2119-T109249.99,DELTA,4,1000,10,1039,472,no,90,1000
2025-05-21T15:06:01.571579,KXBTCD-25MAY2119-T109249.99,DELTA,4,1000,10,1039,473,no,87,-1250
2025-05-21T15:06:01.790864,KXBTCD-25MAY2119-T109249.99,DELTA,4,1000,10,1039,474,no,88,1250
2025-05-21T15:06:01.791391,KXBTCD-25MAY2119-T109249.99,DELTA,4,1000,10,1039,475,yes,3,1250
2025-05-21T15:06:01.811540,KXBTCD-25MAY2119-T109249.99,DELTA,4,1000,10,1039,476,yes,2,2000
2025-05-21T15:06:02.130742,KXBTCD-25MAY2119-T109249.99,DELTA,4,1000,10,1289,477,no,90,250
2025-05-21T15:06:02.131628,KXBTCD-25MAY2119-T109249.99,DELTA,4,1000,10,1289,478,no,80,-250
2025-05-21T15:06:02.331602,KXBTCD-25MAY2119-T109249.99,DELTA,4,1000,10,1289,479,yes,2,-2000
2025-05-21T15:06:02.351912,KXBTCD-25MAY2119-T109249.99,DELTA,4,1000,10,1289,480,yes,3,-1250
2025-05-21T15:06:02.352236,KXBTCD-25MAY2119-T109249.99,DELTA,4,1000,10,1289,481,yes,3,-80000
2025-05-21T15:06:02.371628,KXBTCD-25MAY2119-T109249.99,DELTA,4,1000,10,1289,482,no,87,-2000
2025-05-21T15:06:02.372047,KXBTCD-25MAY2119-T109249.99,DELTA,4,1000,10,289,483,no,90,-1000
2025-05-21T15:06:02.391425,KXBTCD-25MAY2119-T109249.99,DELTA,4,1000,10,289,484,no,88,-1250
2025-05-21T15:06:02.491508,KXBTCD-25MAY2119-T109249.99,DELTA,4,1000,9,1000,485,no,91,1000
2025-05-21T15:06:02.491967,KXBTCD-25MAY2119-T109249.99,DELTA,4,1000,9,1000,486,yes,2,80000
2025-05-21T15:06:02.492356,KXBTCD-25MAY2119-T109249.99,DELTA,4,1000,9,1000,487,yes,2,1250
2025-05-21T15:06:02.492647,KXBTCD-25MAY2119-T109249.99,DELTA,4,1000,9,1000,488,no,89,1250
2025-05-21T15:06:02.511190,KXBTCD-25MAY2119-T109249.99,DELTA,4,1000,9,1000,489,no,88,2000
2025-05-21T15:06:16.034854,KXBTCD-25MAY2119-T109249.99,DELTA,4,1000,9,1000,490,no,50,-648
2025-05-21T15:06:26.053092,KXBTCD-25MAY2119-T109249.99,DELTA,4,1000,9,1000,491,no,50,648
2025-05-21T15:06:27.172713,KXBTCD-25MAY2119-T109249.99,DELTA,4,1000,9,1000,492,yes,2,-1250
2025-05-21T15:06:27.173707,KXBTCD-25MAY2119-T109249.99,DELTA,4,1000,9,1000,493,yes,2,-80000
2025-05-21T15:06:27.174023,KXBTCD-25MAY2119-T109249.99,DELTA,4,1000,9,1000,494,yes,2,2000
2025-05-21T15:06:27.192934,KXBTCD-25MAY2119-T109249.99,DELTA,4,1000,9,1000,495,no,88,-2000
2025-05-21T15:06:27.193235,KXBTCD-25MAY2119-T109249.99,DELTA,4,1000,10,289,496,no,91,-1000
2025-05-21T15:06:27.212036,KXBTCD-25MAY2119-T109249.99,DELTA,4,1000,10,289,497,no,89,-1250
2025-05-21T15:06:27.311452,KXBTCD-25MAY2119-T109249.99,DELTA,4,1000,10,289,498,yes,3,80000
2025-05-21T15:06:27.312286,KXBTCD-25MAY2119-T109249.99,DELTA,4,1000,10,1289,499,no,90,1000
2025-05-21T15:06:27.312767,KXBTCD-25MAY2119-T109249.99,DELTA,4,1000,10,1289,500,no,88,1250
2025-05-21T15:06:27.313108,KXBTCD-25MAY2119-T109249.99,DELTA,4,1000,10,1289,501,no,87,2000
2025-05-21T15:06:27.332195,KXBTCD-25MAY2119-T109249.99,DELTA,4,1000,10,1289,502,yes,3,1250
2025-05-21T15:06:29.151815,KXBTCD-25MAY2119-T109249.99,DELTA,4,1000,10,1289,503,no,80,250
2025-05-21T15:06:29.170500,KXBTCD-25MAY2119-T109249.99,DELTA,4,1000,10,1039,504,no,90,-250
2025-05-21T15:06:29.371885,KXBTCD-25MAY2119-T109249.99,DELTA,4,1000,10,1039,505,no,50,-648
2025-05-21T15:06:29.372526,KXBTCD-25MAY2119-T109249.99,DELTA,4,1000,10,1039,506,no,6,5400
2025-05-21T15:06:29.432102,KXBTCD-25MAY2119-T109249.99,DELTA,4,1000,10,1039,507,no,5,-20000
2025-05-21T15:06:29.472012,KXBTCD-25MAY2119-T109249.99,DELTA,4,1000,10,1039,508,no,7,20000
2025-05-21T15:06:30.491686,KXBTCD-25MAY2119-T109249.99,DELTA,4,1000,10,1039,509,no,6,-5400
2025-05-21T15:06:30.492454,KXBTCD-25MAY2119-T109249.99,DELTA,4,1000,10,1039,510,no,8,4050
2025-05-21T15:06:30.552091,KXBTCD-25MAY2119-T109249.99,DELTA,4,1000,10,1039,511,no,7,-20000
2025-05-21T15:06:30.591500,KXBTCD-25MAY2119-T109249.99,DELTA,4,1000,10,1039,512,no,9,20000
2025-05-21T15:06:31.611491,KXBTCD-25MAY2119-T109249.99,DELTA,4,1000,10,1039,513,no,8,-4050
2025-05-21T15:06:31.612146,KXBTCD-25MAY2119-T109249.99,DELTA,4,1000,10,1039,514,no,10,3240
2025-05-21T15:06:31.671894,KXBTCD-25MAY2119-T109249.99,DELTA,4,1000,10,1039,515,no,9,-20000
2025-05-21T15:06:31.711130,KXBTCD-25MAY2119-T109249.99,DELTA,4,1000,10,1039,516,no,11,20000
2025-05-21T15:06:32.771433,KXBTCD-25MAY2119-T109249.99,DELTA,4,1000,10,1039,517,no,10,-3240
2025-05-21T15:06:32.771814,KXBTCD-25MAY2119-T109249.99,DELTA,4,1000,10,1039,518,no,12,2700
2025-05-21T15:06:32.831959,KXBTCD-25MAY2119-T109249.99,DELTA,4,1000,10,1039,519,no,11,-20000
2025-05-21T15:06:32.871884,KXBTCD-25MAY2119-T109249.99,DELTA,4,1000,10,1039,520,no,5,20000
2025-05-21T15:06:37.070506,KXBTCD-25MAY2119-T109249.99,DELTA,4,1000,10,1039,521,no,12,-2700
2025-05-21T15:06:37.070923,KXBTCD-25MAY2119-T109249.99,DELTA,4,1000,10,1039,522,no,6,5400
2025-05-21T15:06:37.209854,KXBTCD-25MAY2119-T109249.99,DELTA,4,1000,10,1039,523,no,5,-20000
2025-05-21T15:06:37.212015,KXBTCD-25MAY2119-T109249.99,DELTA,4,1000,10,1039,524,no,7,20000
2025-05-21T15:06:39.413317,KXBTCD-25MAY2119-T109249.99,DELTA,4,1000,10,1039,525,yes,2,-2000
2025-05-21T15:06:39.414268,KXBTCD-25MAY2119-T109249.99,DELTA,4,1000,10,1039,526,yes,3,-1250
2025-05-21T15:06:39.431766,KXBTCD-25MAY2119-T109249.99,DELTA,4,1000,10,1039,527,yes,3,-80000
2025-05-21T15:06:39.432089,KXBTCD-25MAY2119-T109249.99,DELTA,4,1000,10,1039,528,no,87,-2000
2025-05-21T15:06:39.451687,KXBTCD-25MAY2119-T109249.99,DELTA,4,1000,10,39,529,no,90,-1000
2025-05-21T15:06:39.452189,KXBTCD-25MAY2119-T109249.99,DELTA,4,1000,10,39,530,no,88,-1250
2025-05-21T15:06:39.510032,KXBTCD-25MAY2119-T109249.99,DELTA,4,1000,10,39,531,no,89,1250
2025-05-21T15:06:39.511150,KXBTCD-25MAY2119-T109249.99,DELTA,4,1000,10,39,532,no,88,2000
2025-05-21T15:06:39.511914,KXBTCD-25MAY2119-T109249.99,DELTA,4,1000,10,39,533,yes,2,80000
2025-05-21T15:06:39.512431,KXBTCD-25MAY2119-T109249.99,DELTA,4,1000,10,39,534,yes,2,1250
2025-05-21T15:06:39.530784,KXBTCD-25MAY2119-T109249.99,DELTA,4,1000,9,1000,535,no,91,1000
2025-05-21T15:06:40.491438,KXBTCD-25MAY2119-T109249.99,DELTA,4,1000,9,1000,536,no,6,-5400
2025-05-21T15:06:40.492044,KXBTCD-25MAY2119-T109249.99,DELTA,4,1000,9,1000,537,no,50,648
2025-05-21T15:06:40.563173,KXBTCD-25MAY2119-T109249.99,DELTA,4,1000,9,1000,538,no,7,-20000
2025-05-21T15:06:40.590591,KXBTCD-25MAY2119-T109249.99,DELTA,4,1000,9,1000,539,no,5,20000
2025-05-21T15:06:43.652123,KXBTCD-25MAY2119-T109249.99,DELTA,4,1000,9,1000,540,yes,2,2000
2025-05-21T15:06:43.652342,KXBTCD-25MAY2119-T109249.99,DELTA,4,1000,9,1000,541,yes,2,-1250
2025-05-21T15:06:43.671478,KXBTCD-25MAY2119-T109249.99,DELTA,4,1000,9,1000,542,yes,2,-80000
2025-05-21T15:06:43.671577,KXBTCD-25MAY2119-T109249.99,DELTA,4,1000,9,1000,543,no,88,-2000
2025-05-21T15:06:43.691765,KXBTCD-25MAY2119-T109249.99,DELTA,4,1000,10,39,544,no,91,-1000
2025-05-21T15:06:43.692112,KXBTCD-25MAY2119-T109249.99,DELTA,4,1000,10,39,545,no,89,-1250
2025-05-21T15:06:43.772471,KXBTCD-25MAY2119-T109249.99,DELTA,4,1000,10,39,546,no,88,1250
2025-05-21T15:06:43.772578,KXBTCD-25MAY2119-T109249.99,DELTA,4,1000,10,39,547,yes,3,80000
2025-05-21T15:06:43.772639,KXBTCD-25MAY2119-T109249.99,DELTA,4,1000,10,39,548,no,87,2000
2025-05-21T15:06:43.772694,KXBTCD-25MAY2119-T109249.99,DELTA,4,1000,10,1039,549,no,90,1000
2025-05-21T15:06:43.773574,KXBTCD-25MAY2119-T109249.99,DELTA,4,1000,10,1039,550,yes,3,1250
2025-05-21T15:06:43.773672,KXBTCD-25MAY2119-T109249.99,DELTA,4,1000,10,1039,551,no,88,-250
2025-05-21T15:06:43.773729,KXBTCD-25MAY2119-T109249.99,DELTA,4,1000,10,1039,552,no,78,250
2025-05-21T15:06:43.870834,KXBTCD-25MAY2119-T109249.99,DELTA,4,1000,10,1039,553,no,88,-1250
2025-05-21T15:06:43.910779,KXBTCD-25MAY2119-T109249.99,DELTA,4,1000,10,1039,554,no,87,1250
2025-05-21T15:06:44.131809,KXBTCD-25MAY2119-T109249.99,DELTA,4,1000,10,1039,555,no,88,250
2025-05-21T15:06:44.133095,KXBTCD-25MAY2119-T109249.99,DELTA,4,1000,10,1039,556,no,78,-250
2025-05-21T15:06:44.211716,KXBTCD-25MAY2119-T109249.99,DELTA,4,1000,10,1039,557,no,87,-1250
2025-05-21T15:06:44.251214,KXBTCD-25MAY2119-T109249.99,DELTA,4,1000,10,1039,558,no,88,1250
2025-05-21T15:06:44.951609,KXBTCD-25MAY2119-T109249.99,DELTA,4,1000,10,1039,559,no,50,-648
2025-05-21T15:06:44.952075,KXBTCD-25MAY2119-T109249.99,DELTA,4,1000,10,1039,560,no,6,5400
2025-05-21T15:06:45.012363,KXBTCD-25MAY2119-T109249.99,DELTA,4,1000,10,1039,561,no,5,-20000
2025-05-21T15:06:45.071936,KXBTCD-25MAY2119-T109249.99,DELTA,4,1000,10,1039,562,no,7,20000
2025-05-21T15:06:46.351138,KXBTCD-25MAY2119-T109249.99,DELTA,4,1000,10,1000,563,no,90,-39
2025-05-21T15:06:46.351523,KXBTCD-25MAY2119-T109249.99,DELTA,4,1000,10,1000,564,yes,3,-100
2025-05-21T15:06:46.492521,KXBTCD-25MAY2119-T109249.99,DELTA,3,81250,10,1000,565,yes,4,-1000
2025-05-21T15:06:46.511898,KXBTCD-25MAY2119-T109249.99,DELTA,3,81250,12,1500,566,no,90,-1000
2025-05-21T15:06:46.596359,KXBTCD-25MAY2119-T109249.99,DELTA,3,81250,11,1000,567,no,89,1000
2025-05-21T15:06:46.596732,KXBTCD-25MAY2119-T109249.99,DELTA,3,82250,11,1000,568,yes,3,1000
2025-05-21T15:06:46.730750,KXBTCD-25MAY2119-T109249.99,DELTA,3,82250,11,1000,569,yes,2,-2000
2025-05-21T15:06:46.731240,KXBTCD-25MAY2119-T109249.99,DELTA,3,82250,11,1000,570,no,87,-2000
2025-05-21T15:06:46.751645,KXBTCD-25MAY2119-T109249.99,DELTA,3,82250,11,1000,571,no,88,-1250
2025-05-21T15:06:46.810449,KXBTCD-25MAY2119-T109249.99,DELTA,3,84250,11,1000,572,yes,3,2000
2025-05-21T15:06:46.811353,KXBTCD-25MAY2119-T109249.99,DELTA,3,84250,11,1000,573,no,86,2000
2025-05-21T15:06:46.811842,KXBTCD-25MAY2119-T109249.99,DELTA,3,84250,11,1000,574,no,87,1250
2025-05-21T15:06:47.130926,KXBTCD-25MAY2119-T109249.99,DELTA,4,250,11,1000,575,yes,4,250
2025-05-21T15:06:47.191079,KXBTCD-25MAY2119-T109249.99,DELTA,4,250,11,1000,576,yes,3,-1000
2025-05-21T15:06:47.211373,KXBTCD-25MAY2119-T109249.99,DELTA,4,250,11,1000,577,yes,3,-1250
2025-05-21T15:06:47.291777,KXBTCD-25MAY2119-T109249.99,DELTA,5,1000,11,1000,578,yes,5,1000
2025-05-21T15:06:47.292412,KXBTCD-25MAY2119-T109249.99,DELTA,5,1000,11,1000,579,yes,4,1250
2025-05-21T15:06:47.970873,KXBTCD-25MAY2119-T109249.99,DELTA,5,1000,11,1000,580,yes,4,100
2025-05-21T15:06:47.971437,KXBTCD-25MAY2119-T109249.99,DELTA,5,1000,11,1000,581,no,88,39
2025-05-21T15:06:48.451006,KXBTCD-25MAY2119-T109249.99,DELTA,5,1000,11,1000,582,no,6,-5400
2025-05-21T15:06:48.451335,KXBTCD-25MAY2119-T109249.99,DELTA,5,1000,11,1000,583,no,8,4050
2025-05-21T15:06:48.511412,KXBTCD-25MAY2119-T109249.99,DELTA,5,1000,11,1000,584,no,7,-20000
2025-05-21T15:06:48.571517,KXBTCD-25MAY2119-T109249.99,DELTA,5,1000,11,1000,585,no,9,20000
2025-05-21T15:06:50.831435,KXBTCD-25MAY2119-T109249.99,DELTA,5,1000,11,1000,586,no,8,-4050
2025-05-21T15:06:50.831958,KXBTCD-25MAY2119-T109249.99,DELTA,5,1000,11,1000,587,no,10,3240
2025-05-21T15:06:50.891654,KXBTCD-25MAY2119-T109249.99,DELTA,5,1000,11,1000,588,no,9,-20000
2025-05-21T15:06:50.930584,KXBTCD-25MAY2119-T109249.99,DELTA,5,1000,11,1000,589,no,11,20000
2025-05-21T15:06:52.072451,KXBTCD-25MAY2119-T109249.99,DELTA,5,1000,11,1000,590,no,10,-3240
2025-05-21T15:06:52.072910,KXBTCD-25MAY2119-T109249.99,DELTA,5,1000,11,1000,591,no,12,2700
2025-05-21T15:06:52.130540,KXBTCD-25MAY2119-T109249.99,DELTA,5,1000,11,1000,592,no,11,-20000
2025-05-21T15:06:52.174823,KXBTCD-25MAY2119-T109249.99,DELTA,5,1000,11,1000,593,no,5,20000
2025-05-21T15:06:53.271389,KXBTCD-25MAY2119-T109249.99,DELTA,5,1000,11,1000,594,yes,3,-2000
2025-05-21T15:06:53.291575,KXBTCD-25MAY2119-T109249.99,DELTA,5,1000,11,1000,595,yes,4,-1250
2025-05-21T15:06:53.292551,KXBTCD-25MAY2119-T109249.99,DELTA,5,1000,11,1000,596,no,12,-2700
2025-05-21T15:06:53.292887,KXBTCD-25MAY2119-T109249.99,DELTA,5,1000,11,1000,597,no,6,5400
2025-05-21T15:06:53.293040,KXBTCD-25MAY2119-T109249.99,DELTA,5,1000,11,1000,598,no,86,-2000
2025-05-21T15:06:53.310865,KXBTCD-25MAY2119-T109249.99,DELTA,5,1000,11,1000,599,no,87,-1250
2025-05-21T15:06:53.332069,KXBTCD-25MAY2119-T109249.99,DELTA,5,1000,11,1000,600,yes,4,-100
2025-05-21T15:06:53.370678,KXBTCD-25MAY2119-T109249.99,DELTA,5,1000,11,1000,601,yes,2,2000
2025-05-21T15:06:53.411687,KXBTCD-25MAY2119-T109249.99,DELTA,5,1000,11,1000,602,no,87,2000
2025-05-21T15:06:53.412075,KXBTCD-25MAY2119-T109249.99,DELTA,5,1000,11,1000,603,yes,3,1250
2025-05-21T15:06:53.412327,KXBTCD-25MAY2119-T109249.99,DELTA,5,1000,11,1000,604,no,88,1250
2025-05-21T15:06:53.412570,KXBTCD-25MAY2119-T109249.99,DELTA,5,1000,11,1000,605,no,5,-20000
2025-05-21T15:06:53.471557,KXBTCD-25MAY2119-T109249.99,DELTA,5,1000,11,1000,606,no,7,20000
2025-05-21T15:06:54.370438,KXBTCD-25MAY2119-T109249.99,DELTA,5,1100,11,1000,607,yes,5,100
2025-05-21T15:06:54.512377,KXBTCD-25MAY2119-T109249.99,DELTA,5,1100,11,1000,608,no,6,-5400
2025-05-21T15:06:54.512932,KXBTCD-25MAY2119-T109249.99,DELTA,5,1100,11,1000,609,no,8,4050
2025-05-21T15:06:54.574489,KXBTCD-25MAY2119-T109249.99,DELTA,5,1100,11,1000,610,no,7,-20000
2025-05-21T15:06:54.631029,KXBTCD-25MAY2119-T109249.99,DELTA,5,1100,11,1000,611,no,9,20000
2025-05-21T15:06:54.933569,KXBTCD-25MAY2119-T109249.99,DELTA,5,1100,11,1000,612,yes,2,-2000
2025-05-21T15:06:54.935873,KXBTCD-25MAY2119-T109249.99,DELTA,5,100,11,1000,613,yes,5,-1000
2025-05-21T15:06:54.952304,KXBTCD-25MAY2119-T109249.99,DELTA,5,100,11,1000,614,yes,3,-1250
2025-05-21T15:06:54.956963,KXBTCD-25MAY2119-T109249.99,DELTA,5,100,11,1000,615,no,87,-2000
2025-05-21T15:06:54.980834,KXBTCD-25MAY2119-T109249.99,DELTA,5,100,11,1000,616,no,88,-1250
2025-05-21T15:06:55.019911,KXBTCD-25MAY2119-T109249.99,DELTA,5,100,11,1000,617,no,86,2000
2025-05-21T15:06:55.043918,KXBTCD-25MAY2119-T109249.99,DELTA,5,100,11,1000,618,yes,3,2000
2025-05-21T15:06:55.044657,KXBTCD-25MAY2119-T109249.99,DELTA,5,100,11,1000,619,yes,4,1250
2025-05-21T15:06:55.045085,KXBTCD-25MAY2119-T109249.99,DELTA,5,100,11,1000,620,no,87,1250
2025-05-21T15:06:55.045320,KXBTCD-25MAY2119-T109249.99,DELTA,6,1000,11,1000,621,yes,6,1000
2025-05-21T15:06:55.671609,KXBTCD-25MAY2119-T109249.99,DELTA,6,1000,11,1000,622,no,8,-4050
2025-05-21T15:06:55.672181,KXBTCD-25MAY2119-T109249.99,DELTA,6,1000,11,1000,623,no,10,3240
2025-05-21T15:06:55.731238,KXBTCD-25MAY2119-T109249.99,DELTA,6,1000,11,1000,624,no,9,-20000
2025-05-21T15:06:55.792523,KXBTCD-25MAY2119-T109249.99,DELTA,6,1000,11,1000,625,no,11,20000
2025-05-21T15:06:59.370627,KXBTCD-25MAY2119-T109249.99,DELTA,6,1000,11,1000,626,no,10,-3240
2025-05-21T15:06:59.371417,KXBTCD-25MAY2119-T109249.99,DELTA,6,1000,11,1000,627,no,12,2700
2025-05-21T15:06:59.431340,KXBTCD-25MAY2119-T109249.99,DELTA,6,1000,11,1000,628,no,11,-20000
2025-05-21T15:06:59.470744,KXBTCD-25MAY2119-T109249.99,DELTA,6,1000,11,1000,629,no,5,20000
2025-05-21T15:07:01.830651,KXBTCD-25MAY2119-T109249.99,DELTA,6,1000,11,1000,630,no,12,-2700
2025-05-21T15:07:01.831388,KXBTCD-25MAY2119-T109249.99,DELTA,6,1000,11,1000,631,no,6,5400
2025-05-21T15:07:01.911249,KXBTCD-25MAY2119-T109249.99,DELTA,6,1000,11,1000,632,no,5,-20000
2025-05-21T15:07:01.952867,KXBTCD-25MAY2119-T109249.99,DELTA,6,1000,11,1000,633,no,7,20000
2025-05-21T15:07:03.051862,KXBTCD-25MAY2119-T109249.99,DELTA,6,1000,11,1000,634,no,6,-5400
2025-05-21T15:07:03.052212,KXBTCD-25MAY2119-T109249.99,DELTA,6,1000,11,1000,635,no,8,4050
2025-05-21T15:07:03.110262,KXBTCD-25MAY2119-T109249.99,DELTA,6,1000,11,1000,636,no,7,-20000
2025-05-21T15:07:03.151076,KXBTCD-25MAY2119-T109249.99,DELTA,6,1000,11,1000,637,no,9,20000
2025-05-21T15:07:04.250794,KXBTCD-25MAY2119-T109249.99,DELTA,6,1000,11,1000,638,no,8,-4050
2025-05-21T15:07:04.251182,KXBTCD-25MAY2119-T109249.99,DELTA,6,1000,11,1000,639,no,10,3240
2025-05-21T15:07:04.330476,KXBTCD-25MAY2119-T109249.99,DELTA,6,1000,11,1000,640,no,9,-20000
2025-05-21T15:07:04.370975,KXBTCD-25MAY2119-T109249.99,DELTA,6,1000,11,1000,641,no,11,20000
2025-05-21T15:07:04.611513,KXBTCD-25MAY2119-T109249.99,DELTA,6,1000,11,975,642,no,89,-25
2025-05-21T15:07:05.431727,KXBTCD-25MAY2119-T109249.99,DELTA,6,1000,11,975,643,no,10,-3240
2025-05-21T15:07:05.432495,KXBTCD-25MAY2119-T109249.99,DELTA,6,1000,11,975,644,no,12,2700
2025-05-21T15:07:05.492239,KXBTCD-25MAY2119-T109249.99,DELTA,6,1000,11,975,645,no,11,-20000
2025-05-21T15:07:05.551813,KXBTCD-25MAY2119-T109249.99,DELTA,6,1000,11,975,646,no,5,20000
2025-05-21T15:07:06.652760,KXBTCD-25MAY2119-T109249.99,DELTA,6,1000,11,975,647,no,12,-2700
2025-05-21T15:07:06.653159,KXBTCD-25MAY2119-T109249.99,DELTA,6,1000,11,975,648,no,6,5400
2025-05-21T15:07:06.711767,KXBTCD-25MAY2119-T109249.99,DELTA,6,1000,11,975,649,no,5,-20000
2025-05-21T15:07:06.751609,KXBTCD-25MAY2119-T109249.99,DELTA,6,1000,11,975,650,no,7,20000
2025-05-21T15:07:08.410725,KXBTCD-25MAY2119-T109249.99,DELTA,6,1000,11,975,651,yes,5,-100
2025-05-21T15:07:08.491314,KXBTCD-25MAY2119-T109249.99,DELTA,4,1500,11,975,652,yes,6,-1000
2025-05-21T15:07:08.532266,KXBTCD-25MAY2119-T109249.99,DELTA,5,1000,11,975,653,yes,5,1000
2025-05-21T15:07:08.631607,KXBTCD-25MAY2119-T109249.99,DELTA,5,1000,11,975,654,no,88,-39
2025-05-21T15:07:09.591710,KXBTCD-25MAY2119-T109249.99,DELTA,5,1000,11,975,655,yes,4,100
2025-05-21T15:07:09.611188,KXBTCD-25MAY2119-T109249.99,DELTA,5,1000,11,975,656,no,88,39
2025-05-21T15:07:10.233388,KXBTCD-25MAY2119-T109249.99,DELTA,5,1000,11,975,657,no,6,-5400
2025-05-21T15:07:10.233768,KXBTCD-25MAY2119-T109249.99,DELTA,5,1000,11,975,658,no,8,4050
2025-05-21T15:07:10.291206,KXBTCD-25MAY2119-T109249.99,DELTA,5,1000,11,975,659,no,7,-20000
2025-05-21T15:07:10.332289,KXBTCD-25MAY2119-T109249.99,DELTA,5,1000,11,975,660,no,9,20000
2025-05-21T15:07:12.550825,KXBTCD-25MAY2119-T109249.99,DELTA,5,1000,11,975,661,no,8,-4050
2025-05-21T15:07:12.551061,KXBTCD-25MAY2119-T109249.99,DELTA,5,1000,11,975,662,no,10,3240
2025-05-21T15:07:12.610998,KXBTCD-25MAY2119-T109249.99,DELTA,5,1000,11,975,663,no,9,-20000
2025-05-21T15:07:12.670745,KXBTCD-25MAY2119-T109249.99,DELTA,5,1000,11,975,664,no,11,20000
2025-05-21T15:07:13.790814,KXBTCD-25MAY2119-T109249.99,DELTA,5,1000,11,975,665,no,10,-3240
2025-05-21T15:07:13.791378,KXBTCD-25MAY2119-T109249.99,DELTA,5,1000,11,975,666,no,12,2700
2025-05-21T15:07:13.910362,KXBTCD-25MAY2119-T109249.99,DELTA,5,1000,11,975,667,no,11,-20000
2025-05-21T15:07:13.949936,KXBTCD-25MAY2119-T109249.99,DELTA,5,1000,11,975,668,no,5,20000
2025-05-21T15:07:14.490563,KXBTCD-25MAY2119-T109249.99,DELTA,5,1000,11,975,669,no,88,-39
2025-05-21T15:07:15.672594,KXBTCD-25MAY2119-T109249.99,DELTA,5,1000,11,975,670,no,12,-2700
2025-05-21T15:07:15.675115,KXBTCD-25MAY2119-T109249.99,DELTA,5,1000,11,975,671,no,6,5400
2025-05-21T15:07:15.690644,KXBTCD-25MAY2119-T109249.99,DELTA,5,1000,11,1014,672,no,89,39
2025-05-21T15:07:15.791737,KXBTCD-25MAY2119-T109249.99,DELTA,5,1000,11,1014,673,no,5,-20000
2025-05-21T15:07:15.971142,KXBTCD-25MAY2119-T109249.99,DELTA,5,1000,11,1014,674,no,7,20000
2025-05-21T15:07:17.572791,KXBTCD-25MAY2119-T109249.99,DELTA,5,1000,11,1014,675,no,6,-5400
2025-05-21T15:07:17.572903,KXBTCD-25MAY2119-T109249.99,DELTA,5,1000,11,1014,676,no,8,4050
2025-05-21T15:07:17.691698,KXBTCD-25MAY2119-T109249.99,DELTA,5,1000,11,1014,677,no,7,-20000
2025-05-21T15:07:17.791668,KXBTCD-25MAY2119-T109249.99,DELTA,5,1000,11,1014,678,no,9,20000
2025-05-21T15:07:18.590613,KXBTCD-25MAY2119-T109249.99,DELTA,5,1000,11,1014,679,no,8,-4050
2025-05-21T15:07:18.591424,KXBTCD-25MAY2119-T109249.99,DELTA,5,1000,11,1014,680,no,10,3240
2025-05-21T15:07:18.650736,KXBTCD-25MAY2119-T109249.99,DELTA,5,1000,11,1014,681,no,9,-20000
2025-05-21T15:07:18.691324,KXBTCD-25MAY2119-T109249.99,DELTA,5,1000,11,1014,682,no,11,20000
2025-05-21T15:07:22.054385,KXBTCD-25MAY2119-T109249.99,DELTA,5,1000,11,1014,683,no,10,-3240
2025-05-21T15:07:22.056129,KXBTCD-25MAY2119-T109249.99,DELTA,5,1000,11,1014,684,no,12,2700
2025-05-21T15:07:22.110978,KXBTCD-25MAY2119-T109249.99,DELTA,5,1000,11,1014,685,no,11,-20000
2025-05-21T15:07:22.151101,KXBTCD-25MAY2119-T109249.99,DELTA,5,1000,11,1014,686,no,5,20000
2025-05-21T15:07:24.390240,KXBTCD-25MAY2119-T109249.99,DELTA,5,1000,11,1014,687,no,12,-2700
2025-05-21T15:07:24.390849,KXBTCD-25MAY2119-T109249.99,DELTA,5,1000,11,1014,688,no,6,5400
2025-05-21T15:07:24.450351,KXBTCD-25MAY2119-T109249.99,DELTA,5,1000,11,1014,689,no,5,-20000
2025-05-21T15:07:24.509795,KXBTCD-25MAY2119-T109249.99,DELTA,5,1000,11,1014,690,no,7,20000
2025-05-21T15:07:24.771943,KXBTCD-25MAY2119-T109249.99,DELTA,5,1000,11,1014,691,no,84,4
2025-05-21T15:07:25.431840,KXBTCD-25MAY2119-T109249.99,DELTA,5,1000,11,1014,692,no,6,-5400
2025-05-21T15:07:25.432280,KXBTCD-25MAY2119-T109249.99,DELTA,5,1000,11,1014,693,no,8,4050
2025-05-21T15:07:25.492209,KXBTCD-25MAY2119-T109249.99,DELTA,5,1000,11,1014,694,no,7,-20000
2025-05-21T15:07:25.552285,KXBTCD-25MAY2119-T109249.99,DELTA,5,1000,11,1014,695,no,9,20000
2025-05-21T15:07:26.431854,KXBTCD-25MAY2119-T109249.99,DELTA,5,1000,11,1014,696,no,8,-4050
2025-05-21T15:07:26.432676,KXBTCD-25MAY2119-T109249.99,DELTA,5,1000,11,1014,697,no,10,3240
2025-05-21T15:07:26.490559,KXBTCD-25MAY2119-T109249.99,DELTA,5,1000,11,1014,698,no,9,-20000
2025-05-21T15:07:26.531085,KXBTCD-25MAY2119-T109249.99,DELTA,5,1000,11,1014,699,no,11,20000
2025-05-21T15:07:27.491979,KXBTCD-25MAY2119-T109249.99,DELTA,5,1000,11,1014,700,no,10,-3240
2025-05-21T15:07:27.492409,KXBTCD-25MAY2119-T109249.99,DELTA,5,1000,11,1014,701,no,12,2700
2025-05-21T15:07:27.551027,KXBTCD-25MAY2119-T109249.99,DELTA,5,1000,11,1014,702,no,11,-20000
2025-05-21T15:07:27.590948,KXBTCD-25MAY2119-T109249.99,DELTA,5,1000,11,1014,703,no,5,20000
2025-05-21T15:07:28.512440,KXBTCD-25MAY2119-T109249.99,DELTA,5,1000,11,1014,704,no,12,-2700
2025-05-21T15:07:28.513162,KXBTCD-25MAY2119-T109249.99,DELTA,5,1000,11,1014,705,no,6,5400
2025-05-21T15:07:28.590959,KXBTCD-25MAY2119-T109249.99,DELTA,5,1000,11,1014,706,no,5,-20000
2025-05-21T15:07:28.652407,KXBTCD-25MAY2119-T109249.99,DELTA,5,1000,11,1014,707,no,7,20000
2025-05-21T15:07:30.751700,KXBTCD-25MAY2119-T109249.99,DELTA,5,1000,11,1014,708,yes,3,-2000
2025-05-21T15:07:30.771650,KXBTCD-25MAY2119-T109249.99,DELTA,5,1000,11,1014,709,yes,4,-1250
2025-05-21T15:07:30.772264,KXBTCD-25MAY2119-T109249.99,DELTA,5,1000,11,1014,710,no,86,-2000
2025-05-21T15:07:30.791467,KXBTCD-25MAY2119-T109249.99,DELTA,5,1000,11,39,711,no,89,-975
2025-05-21T15:07:30.792208,KXBTCD-25MAY2119-T109249.99,DELTA,5,1000,11,39,712,no,87,-1250
2025-05-21T15:07:30.851602,KXBTCD-25MAY2119-T109249.99,DELTA,5,1000,11,39,713,yes,3,1250
2025-05-21T15:07:30.852329,KXBTCD-25MAY2119-T109249.99,DELTA,5,1000,10,1000,714,no,90,1000
2025-05-21T15:07:30.853071,KXBTCD-25MAY2119-T109249.99,DELTA,5,1000,10,1000,715,no,88,1250
2025-05-21T15:07:30.853345,KXBTCD-25MAY2119-T109249.99,DELTA,5,1000,10,1000,716,no,87,2000
2025-05-21T15:07:30.853553,KXBTCD-25MAY2119-T109249.99,DELTA,5,1000,10,1000,717,yes,2,2000
2025-05-21T15:07:32.010393,KXBTCD-25MAY2119-T109249.99,DELTA,5,1000,10,1000,718,no,6,-5400
2025-05-21T15:07:32.011331,KXBTCD-25MAY2119-T109249.99,DELTA,5,1000,10,1000,719,no,8,4050
2025-05-21T15:07:32.070728,KXBTCD-25MAY2119-T109249.99,DELTA,5,1000,10,1000,720,no,7,-20000
2025-05-21T15:07:32.110287,KXBTCD-25MAY2119-T109249.99,DELTA,5,1000,10,1000,721,no,9,20000
2025-05-21T15:07:34.990657,KXBTCD-25MAY2119-T109249.99,DELTA,5,1000,10,1000,722,no,8,-4050
2025-05-21T15:07:34.991343,KXBTCD-25MAY2119-T109249.99,DELTA,5,1000,10,1000,723,no,10,3240
2025-05-21T15:07:35.051083,KXBTCD-25MAY2119-T109249.99,DELTA,5,1000,10,1000,724,no,9,-20000
2025-05-21T15:07:35.122154,KXBTCD-25MAY2119-T109249.99,DELTA,5,1000,10,1000,725,no,11,20000
2025-05-21T15:07:35.690446,KXBTCD-25MAY2119-T109249.99,DELTA,5,1000,10,1000,726,yes,2,-2000
2025-05-21T15:07:35.690903,KXBTCD-25MAY2119-T109249.99,DELTA,5,1000,10,1000,727,yes,3,-1250
2025-05-21T15:07:35.710198,KXBTCD-25MAY2119-T109249.99,DELTA,5,1000,10,1000,728,no,87,-2000
2025-05-21T15:07:35.710525,KXBTCD-25MAY2119-T109249.99,DELTA,5,1000,11,39,729,no,90,-1000
2025-05-21T15:07:35.730655,KXBTCD-25MAY2119-T109249.99,DELTA,5,1000,11,39,730,no,88,-1250
2025-05-21T15:07:35.790281,KXBTCD-25MAY2119-T109249.99,DELTA,5,1000,11,39,731,yes,3,2000
2025-05-21T15:07:35.790682,KXBTCD-25MAY2119-T109249.99,DELTA,5,1000,11,1039,732,no,89,1000
2025-05-21T15:07:35.790997,KXBTCD-25MAY2119-T109249.99,DELTA,5,1000,11,1039,733,no,87,1250
2025-05-21T15:07:35.791176,KXBTCD-25MAY2119-T109249.99,DELTA,5,1000,11,1039,734,no,86,2000
2025-05-21T15:07:35.791294,KXBTCD-25MAY2119-T109249.99,DELTA,5,1000,11,1039,735,yes,4,1250
2025-05-21T15:07:35.990624,KXBTCD-25MAY2119-T109249.99,DELTA,5,1000,11,1039,736,no,10,-3240
2025-05-21T15:07:35.991241,KXBTCD-25MAY2119-T109249.99,DELTA,5,1000,11,1039,737,no,12,2700
2025-05-21T15:07:36.051421,KXBTCD-25MAY2119-T109249.99,DELTA,5,1000,11,1039,738,no,11,-20000
2025-05-21T15:07:36.091608,KXBTCD-25MAY2119-T109249.99,DELTA,5,1000,11,1039,739,no,5,20000
2025-05-21T15:07:36.650386,KXBTCD-25MAY2119-T109249.99,DELTA,5,1000,11,1039,740,yes,3,-2000
2025-05-21T15:07:36.673001,KXBTCD-25MAY2119-T109249.99,DELTA,5,1000,11,1039,741,yes,4,-1250
2025-05-21T15:07:36.673750,KXBTCD-25MAY2119-T109249.99,DELTA,5,1000,11,1039,742,no,86,-2000
2025-05-21T15:07:36.691032,KXBTCD-25MAY2119-T109249.99,DELTA,5,1000,11,39,743,no,89,-1000
2025-05-21T15:07:36.691631,KXBTCD-25MAY2119-T109249.99,DELTA,5,1000,11,39,744,no,87,-1250
2025-05-21T15:07:36.729644,KXBTCD-25MAY2119-T109249.99,DELTA,5,1000,11,39,745,no,87,2000
2025-05-21T15:07:36.750695,KXBTCD-25MAY2119-T109249.99,DELTA,5,1000,11,39,746,yes,3,1250
2025-05-21T15:07:36.751984,KXBTCD-25MAY2119-T109249.99,DELTA,5,1000,10,1000,747,no,90,1000
2025-05-21T15:07:36.752374,KXBTCD-25MAY2119-T109249.99,DELTA,5,1000,10,1000,748,yes,2,2000
2025-05-21T15:07:36.752593,KXBTCD-25MAY2119-T109249.99,DELTA,5,1000,10,1000,749,no,88,1250
2025-05-21T15:07:36.911127,KXBTCD-25MAY2119-T109249.99,DELTA,5,1000,10,1000,750,no,12,-2700
2025-05-21T15:07:36.911627,KXBTCD-25MAY2119-T109249.99,DELTA,5,1000,10,1000,751,no,6,5400
2025-05-21T15:07:36.970566,KXBTCD-25MAY2119-T109249.99,DELTA,5,1000,10,1000,752,no,5,-20000
2025-05-21T15:07:37.010892,KXBTCD-25MAY2119-T109249.99,DELTA,5,1000,10,1000,753,no,7,20000
2025-05-21T15:07:37.890960,KXBTCD-25MAY2119-T109249.99,DELTA,5,1000,10,1000,754,no,6,-5400
2025-05-21T15:07:37.891569,KXBTCD-25MAY2119-T109249.99,DELTA,5,1000,10,1000,755,no,8,4050
2025-05-21T15:07:37.951049,KXBTCD-25MAY2119-T109249.99,DELTA,5,1000,10,1000,756,no,7,-20000
2025-05-21T15:07:38.011273,KXBTCD-25MAY2119-T109249.99,DELTA,5,1000,10,1000,757,no,9,20000
2025-05-21T15:07:38.873687,KXBTCD-25MAY2119-T109249.99,DELTA,5,1000,10,1000,758,no,8,-4050
2025-05-21T15:07:38.873952,KXBTCD-25MAY2119-T109249.99,DELTA,5,1000,10,1000,759,no,10,3240
2025-05-21T15:07:38.930304,KXBTCD-25MAY2119-T109249.99,DELTA,5,1000,10,1000,760,no,9,-20000
2025-05-21T15:07:38.970389,KXBTCD-25MAY2119-T109249.99,DELTA,5,1000,10,1000,761,no,11,20000
2025-05-21T15:07:39.570727,KXBTCD-25MAY2119-T109249.99,DELTA,5,1000,10,900,762,no,90,-100
2025-05-21T15:07:42.331341,KXBTCD-25MAY2119-T109249.99,DELTA,5,1000,10,900,763,no,10,-3240
2025-05-21T15:07:42.332466,KXBTCD-25MAY2119-T109249.99,DELTA,5,1000,10,900,764,no,12,2700
2025-05-21T15:07:42.390052,KXBTCD-25MAY2119-T109249.99,DELTA,5,1000,10,900,765,no,11,-20000
2025-05-21T15:07:42.451109,KXBTCD-25MAY2119-T109249.99,DELTA,5,1000,10,900,766,no,5,20000
2025-05-21T15:07:44.550291,KXBTCD-25MAY2119-T109249.99,DELTA,5,1000,10,900,767,no,12,-2700
2025-05-21T15:07:44.550792,KXBTCD-25MAY2119-T109249.99,DELTA,5,1000,10,900,768,no,6,5400
2025-05-21T15:07:44.610041,KXBTCD-25MAY2119-T109249.99,DELTA,5,1000,10,900,769,no,5,-20000
2025-05-21T15:07:44.671313,KXBTCD-25MAY2119-T109249.99,DELTA,5,1000,10,900,770,no,7,20000
2025-05-21T15:07:45.570829,KXBTCD-25MAY2119-T109249.99,DELTA,5,1000,10,900,771,no,6,-5400
2025-05-21T15:07:45.571472,KXBTCD-25MAY2119-T109249.99,DELTA,5,1000,10,900,772,no,8,4050
2025-05-21T15:07:45.631165,KXBTCD-25MAY2119-T109249.99,DELTA,5,1000,10,900,773,no,7,-20000
2025-05-21T15:07:45.690075,KXBTCD-25MAY2119-T109249.99,DELTA,5,1000,10,900,774,no,9,20000
2025-05-21T15:07:46.512548,KXBTCD-25MAY2119-T109249.99,DELTA,5,1000,10,900,775,no,8,-4050
2025-05-21T15:07:46.513373,KXBTCD-25MAY2119-T109249.99,DELTA,5,1000,10,900,776,no,10,3240
2025-05-21T15:07:46.572783,KXBTCD-25MAY2119-T109249.99,DELTA,5,1000,10,900,777,no,9,-20000
2025-05-21T15:07:46.630892,KXBTCD-25MAY2119-T109249.99,DELTA,5,1000,10,900,778,no,11,20000
2025-05-21T15:07:47.490689,KXBTCD-25MAY2119-T109249.99,DELTA,5,1000,10,900,779,no,10,-3240
2025-05-21T15:07:47.491274,KXBTCD-25MAY2119-T109249.99,DELTA,5,1000,10,900,780,no,12,2700
2025-05-21T15:07:47.550931,KXBTCD-25MAY2119-T109249.99,DELTA,5,1000,10,900,781,no,11,-20000
2025-05-21T15:07:47.609581,KXBTCD-25MAY2119-T109249.99,DELTA,5,1000,10,900,782,no,5,20000
2025-05-21T15:07:48.131628,KXBTCD-25MAY2119-T109249.99,DELTA,5,1000,10,900,783,yes,4,-250
2025-05-21T15:07:48.431339,KXBTCD-25MAY2119-T109249.99,DELTA,5,1000,10,900,784,no,12,-2700
2025-05-21T15:07:48.431914,KXBTCD-25MAY2119-T109249.99,DELTA,5,1000,10,900,785,no,6,5400
2025-05-21T15:07:48.490105,KXBTCD-25MAY2119-T109249.99,DELTA,5,1000,10,900,786,no,5,-20000
2025-05-21T15:07:48.560061,KXBTCD-25MAY2119-T109249.99,DELTA,5,1000,10,900,787,no,7,20000
2025-05-21T15:07:51.150599,KXBTCD-25MAY2119-T109249.99,DELTA,5,1000,10,1150,788,no,90,250
2025-05-21T15:07:51.190826,KXBTCD-25MAY2119-T109249.99,DELTA,5,1000,10,1150,789,no,80,-250
2025-05-21T15:07:51.891078,KXBTCD-25MAY2119-T109249.99,DELTA,5,1000,10,1150,790,no,6,-5400
2025-05-21T15:07:51.892080,KXBTCD-25MAY2119-T109249.99,DELTA,5,1000,10,1150,791,no,8,4050
2025-05-21T15:07:51.950501,KXBTCD-25MAY2119-T109249.99,DELTA,5,1000,10,1150,792,no,7,-20000
2025-05-21T15:07:52.011738,KXBTCD-25MAY2119-T109249.99,DELTA,5,1000,10,1150,793,no,9,20000
2025-05-21T15:07:54.011787,KXBTCD-25MAY2119-T109249.99,DELTA,5,1000,10,1150,794,no,8,-4050
2025-05-21T15:07:54.012591,KXBTCD-25MAY2119-T109249.99,DELTA,5,1000,10,1150,795,no,10,3240
2025-05-21T15:07:54.092258,KXBTCD-25MAY2119-T109249.99,DELTA,5,1000,10,1150,796,no,9,-20000
2025-05-21T15:07:54.130823,KXBTCD-25MAY2119-T109249.99,DELTA,5,1000,10,1150,797,no,11,20000
2025-05-21T15:07:54.950336,KXBTCD-25MAY2119-T109249.99,DELTA,5,1000,10,1150,798,no,10,-3240
2025-05-21T15:07:54.950907,KXBTCD-25MAY2119-T109249.99,DELTA,5,1000,10,1150,799,no,12,2700
2025-05-21T15:07:55.011447,KXBTCD-25MAY2119-T109249.99,DELTA,5,1000,10,1150,800,no,11,-20000
2025-05-21T15:07:55.051051,KXBTCD-25MAY2119-T109249.99,DELTA,5,1000,10,1150,801,no,5,20000
2025-05-21T15:07:55.955671,KXBTCD-25MAY2119-T109249.99,DELTA,5,1000,10,1150,802,no,12,-2700
2025-05-21T15:07:55.956389,KXBTCD-25MAY2119-T109249.99,DELTA,5,1000,10,1150,803,no,6,5400
2025-05-21T15:07:56.011255,KXBTCD-25MAY2119-T109249.99,DELTA,5,1000,10,1150,804,no,5,-20000
2025-05-21T15:07:56.050789,KXBTCD-25MAY2119-T109249.99,DELTA,5,1000,10,1150,805,no,7,20000
2025-05-21T15:07:56.672145,KXBTCD-25MAY2119-T109249.99,DELTA,5,1000,10,1150,806,yes,2,-2000
2025-05-21T15:07:56.672741,KXBTCD-25MAY2119-T109249.99,DELTA,5,1000,10,1150,807,no,87,-2000
2025-05-21T15:07:56.690195,KXBTCD-25MAY2119-T109249.99,DELTA,5,1000,10,250,808,no,90,-900
2025-05-21T15:07:56.690651,KXBTCD-25MAY2119-T109249.99,DELTA,5,1000,10,250,809,no,88,-1250
2025-05-21T15:07:56.789857,KXBTCD-25MAY2119-T109249.99,DELTA,5,1000,10,250,810,no,87,1250
2025-05-21T15:07:56.790534,KXBTCD-25MAY2119-T109249.99,DELTA,5,1000,10,250,811,no,89,1000
2025-05-21T15:07:56.790923,KXBTCD-25MAY2119-T109249.99,DELTA,5,1000,10,250,812,yes,3,2000
2025-05-21T15:07:56.810284,KXBTCD-25MAY2119-T109249.99,DELTA,5,1000,10,250,813,no,86,2000
2025-05-21T15:07:56.910882,KXBTCD-25MAY2119-T109249.99,DELTA,5,1000,10,250,814,no,6,-5400
2025-05-21T15:07:56.911670,KXBTCD-25MAY2119-T109249.99,DELTA,5,1000,10,250,815,no,8,4050
2025-05-21T15:07:56.971030,KXBTCD-25MAY2119-T109249.99,DELTA,5,1000,10,250,816,no,7,-20000
2025-05-21T15:07:57.010477,KXBTCD-25MAY2119-T109249.99,DELTA,5,1000,10,250,817,no,9,20000
2025-05-21T15:07:57.151171,KXBTCD-25MAY2119-T109249.99,DELTA,5,1000,11,1039,818,no,90,-250
2025-05-21T15:07:57.151443,KXBTCD-25MAY2119-T109249.99,DELTA,5,1000,11,1039,819,no,80,250
2025-05-21T15:07:57.969129,KXBTCD-25MAY2119-T109249.99,DELTA,5,1000,11,1039,820,no,8,-4050
2025-05-21T15:07:57.970102,KXBTCD-25MAY2119-T109249.99,DELTA,5,1000,11,1039,821,no,10,3240
2025-05-21T15:07:58.031565,KXBTCD-25MAY2119-T109249.99,DELTA,5,1000,11,1039,822,no,9,-20000
2025-05-21T15:07:58.090785,KXBTCD-25MAY2119-T109249.99,DELTA,5,1000,11,1039,823,no,11,20000
2025-05-21T15:07:58.230136,KXBTCD-25MAY2119-T109249.99,DELTA,5,1000,11,1039,824,yes,3,-2000
2025-05-21T15:07:58.251174,KXBTCD-25MAY2119-T109249.99,DELTA,5,1000,11,1039,825,no,86,-2000
2025-05-21T15:07:58.251570,KXBTCD-25MAY2119-T109249.99,DELTA,5,1000,11,39,826,no,89,-1000
2025-05-21T15:07:58.270400,KXBTCD-25MAY2119-T109249.99,DELTA,5,1000,11,39,827,no,87,-1250
2025-05-21T15:07:58.310501,KXBTCD-25MAY2119-T109249.99,DELTA,5,1000,10,1000,828,no,90,1000
2025-05-21T15:07:58.330761,KXBTCD-25MAY2119-T109249.99,DELTA,5,1000,10,1000,829,yes,2,2000
2025-05-21T15:07:58.331509,KXBTCD-25MAY2119-T109249.99,DELTA,5,1000,10,1000,830,no,87,2000
2025-05-21T15:07:58.331965,KXBTCD-25MAY2119-T109249.99,DELTA,5,1000,10,1000,831,no,88,1250
2025-05-21T15:08:01.550032,KXBTCD-25MAY2119-T109249.99,DELTA,5,1000,10,1000,832,no,10,-3240
2025-05-21T15:08:01.551500,KXBTCD-25MAY2119-T109249.99,DELTA,5,1000,10,1000,833,no,12,2700
2025-05-21T15:08:01.610532,KXBTCD-25MAY2119-T109249.99,DELTA,5,1000,10,1000,834,no,11,-20000
2025-05-21T15:08:01.651598,KXBTCD-25MAY2119-T109249.99,DELTA,5,1000,10,1000,835,no,5,20000
2025-05-21T15:08:03.711074,KXBTCD-25MAY2119-T109249.99,DELTA,5,1000,10,1000,836,no,12,-2700
2025-05-21T15:08:03.711941,KXBTCD-25MAY2119-T109249.99,DELTA,5,1000,10,1000,837,no,6,5400
2025-05-21T15:08:03.770956,KXBTCD-25MAY2119-T109249.99,DELTA,5,1000,10,1000,838,no,5,-20000
2025-05-21T15:08:03.810532,KXBTCD-25MAY2119-T109249.99,DELTA,5,1000,10,1000,839,no,7,20000
2025-05-21T15:08:04.630907,KXBTCD-25MAY2119-T109249.99,DELTA,5,1000,10,1000,840,no,6,-5400
2025-05-21T15:08:04.631644,KXBTCD-25MAY2119-T109249.99,DELTA,5,1000,10,1000,841,no,8,4050
2025-05-21T15:08:04.693643,KXBTCD-25MAY2119-T109249.99,DELTA,5,1000,10,1000,842,no,7,-20000
2025-05-21T15:08:04.731262,KXBTCD-25MAY2119-T109249.99,DELTA,5,1000,10,1000,843,no,9,20000
2025-05-21T15:08:05.571186,KXBTCD-25MAY2119-T109249.99,DELTA,5,1000,10,1000,844,no,8,-4050
2025-05-21T15:08:05.571984,KXBTCD-25MAY2119-T109249.99,DELTA,5,1000,10,1000,845,no,10,3240
2025-05-21T15:08:05.631213,KXBTCD-25MAY2119-T109249.99,DELTA,5,1000,10,1000,846,no,9,-20000
2025-05-21T15:08:05.671389,KXBTCD-25MAY2119-T109249.99,DELTA,5,1000,10,1000,847,no,11,20000
2025-05-21T15:08:06.491331,KXBTCD-25MAY2119-T109249.99,DELTA,5,1000,10,1000,848,no,10,-3240
2025-05-21T15:08:06.492135,KXBTCD-25MAY2119-T109249.99,DELTA,5,1000,10,1000,849,no,12,2700
2025-05-21T15:08:06.551225,KXBTCD-25MAY2119-T109249.99,DELTA,5,1000,10,1000,850,no,11,-20000
2025-05-21T15:08:06.591246,KXBTCD-25MAY2119-T109249.99,DELTA,5,1000,10,1000,851,no,5,20000
2025-05-21T15:08:07.111257,KXBTCD-25MAY2119-T109249.99,DELTA,5,1000,10,1000,852,yes,4,250
2025-05-21T15:08:07.471677,KXBTCD-25MAY2119-T109249.99,DELTA,5,1000,10,1000,853,no,12,-2700
2025-05-21T15:08:07.472286,KXBTCD-25MAY2119-T109249.99,DELTA,5,1000,10,1000,854,no,6,5400
2025-05-21T15:08:07.530991,KXBTCD-25MAY2119-T109249.99,DELTA,5,1000,10,1000,855,no,5,-20000
2025-05-21T15:08:07.570000,KXBTCD-25MAY2119-T109249.99,DELTA,5,1000,10,1000,856,no,7,20000
2025-05-21T15:08:09.151966,KXBTCD-25MAY2119-T109249.99,DELTA,5,1000,10,1000,857,yes,4,-250
2025-05-21T15:08:10.810424,KXBTCD-25MAY2119-T109249.99,DELTA,5,1000,10,1000,858,no,6,-5400
2025-05-21T15:08:10.811205,KXBTCD-25MAY2119-T109249.99,DELTA,5,1000,10,1000,859,no,8,4050
2025-05-21T15:08:10.870998,KXBTCD-25MAY2119-T109249.99,DELTA,5,1000,10,1000,860,no,7,-20000
2025-05-21T15:08:10.911446,KXBTCD-25MAY2119-T109249.99,DELTA,5,1000,10,1000,861,no,9,20000
2025-05-21T15:08:12.971105,KXBTCD-25MAY2119-T109249.99,DELTA,5,1000,10,1000,862,no,8,-4050
2025-05-21T15:08:12.971874,KXBTCD-25MAY2119-T109249.99,DELTA,5,1000,10,1000,863,no,50,648
2025-05-21T15:08:13.029600,KXBTCD-25MAY2119-T109249.99,DELTA,5,1000,10,1000,864,no,9,-20000
2025-05-21T15:08:13.070134,KXBTCD-25MAY2119-T109249.99,DELTA,5,1000,10,1000,865,no,5,20000
2025-05-21T15:08:18.091445,KXBTCD-25MAY2119-T109249.99,DELTA,5,1000,10,1000,866,no,80,-250
2025-05-21T15:08:18.092503,KXBTCD-25MAY2119-T109249.99,DELTA,5,1000,10,1250,867,no,90,250
2025-05-21T15:08:35.251970,KXBTCD-25MAY2119-T109249.99,DELTA,5,1000,10,1250,868,yes,2,-2000
2025-05-21T15:08:35.270384,KXBTCD-25MAY2119-T109249.99,DELTA,4,100,10,1250,869,yes,5,-1000
2025-05-21T15:08:35.271433,KXBTCD-25MAY2119-T109249.99,DELTA,4,100,10,1250,870,yes,3,-1250
2025-05-21T15:08:35.290322,KXBTCD-25MAY2119-T109249.99,DELTA,4,100,10,1250,871,yes,3,-80000
2025-05-21T15:08:35.291127,KXBTCD-25MAY2119-T109249.99,DELTA,4,100,10,1250,872,no,87,-2000
2025-05-21T15:08:35.311051,KXBTCD-25MAY2119-T109249.99,DELTA,4,100,10,250,873,no,90,-1000
2025-05-21T15:08:35.312086,KXBTCD-25MAY2119-T109249.99,DELTA,4,100,10,250,874,no,88,-1250
2025-05-21T15:08:35.417521,KXBTCD-25MAY2119-T109249.99,DELTA,2,250,10,250,875,yes,4,-100
2025-05-21T15:08:35.430977,KXBTCD-25MAY2119-T109249.99,DELTA,2,1500,10,250,876,yes,2,1250
2025-05-21T15:08:35.431794,KXBTCD-25MAY2119-T109249.99,DELTA,2,81500,10,250,877,yes,2,80000
2025-05-21T15:08:35.432359,KXBTCD-25MAY2119-T109249.99,DELTA,2,81500,9,1000,878,no,91,1000
2025-05-21T15:08:35.432898,KXBTCD-25MAY2119-T109249.99,DELTA,4,1000,9,1000,879,yes,4,1000
2025-05-21T15:08:35.433171,KXBTCD-25MAY2119-T109249.99,DELTA,4,1000,9,1000,880,no,88,2000
2025-05-21T15:08:35.449765,KXBTCD-25MAY2119-T109249.99,DELTA,4,1000,9,1000,881,no,89,1250
2025-05-21T15:08:35.470034,KXBTCD-25MAY2119-T109249.99,DELTA,4,1000,9,1000,882,no,80,250
2025-05-21T15:08:35.490720,KXBTCD-25MAY2119-T109249.99,DELTA,4,1000,9,1000,883,yes,2,-250
2025-05-21T15:08:35.491061,KXBTCD-25MAY2119-T109249.99,DELTA,4,1000,9,1000,884,no,90,-250
2025-05-21T15:08:35.510529,KXBTCD-25MAY2119-T109249.99,DELTA,2,81250,9,1000,885,yes,4,-1000
2025-05-21T15:08:35.530124,KXBTCD-25MAY2119-T109249.99,DELTA,2,81250,9,1000,886,no,80,-250
2025-05-21T15:08:35.550364,KXBTCD-25MAY2119-T109249.99,DELTA,2,80000,9,1000,887,yes,2,-1250
2025-05-21T15:08:35.550872,KXBTCD-25MAY2119-T109249.99,DELTA,2,80000,11,1289,888,no,91,-1000
2025-05-21T15:08:35.612506,KXBTCD-25MAY2119-T109249.99,DELTA,2,80000,10,1000,889,no,90,1000
2025-05-21T15:08:35.632211,KXBTCD-25MAY2119-T109249.99,DELTA,2,80000,10,1000,890,no,89,-39
2025-05-21T15:08:35.712924,KXBTCD-25MAY2119-T109249.99,DELTA,2,80000,11,1250,891,no,90,-1000
2025-05-21T15:08:36.051095,KXBTCD-25MAY2119-T109249.99,DELTA,2,80000,11,2250,892,no,89,1000
2025-05-21T15:08:36.229957,KXBTCD-25MAY2119-T109249.99,DELTA,2,80100,11,2250,893,yes,2,100
2025-05-21T15:08:36.310499,KXBTCD-25MAY2119-T109249.99,DELTA,3,1000,11,2250,894,yes,3,1000
2025-05-21T15:08:36.790235,KXBTCD-25MAY2119-T109249.99,DELTA,3,1000,10,39,895,no,90,39
2025-05-21T15:08:36.848827,KXBTCD-25MAY2119-T109249.99,DELTA,3,1000,10,39,896,no,89,-1000
2025-05-21T15:08:36.890279,KXBTCD-25MAY2119-T109249.99,DELTA,3,1000,9,1000,897,no,91,1000
2025-05-21T15:08:37.150857,KXBTCD-25MAY2119-T109249.99,DELTA,3,1000,9,1000,898,no,90,250
2025-05-21T15:08:37.171945,KXBTCD-25MAY2119-T109249.99,DELTA,3,1000,8,250,899,no,92,250
2025-05-21T15:08:37.191868,KXBTCD-25MAY2119-T109249.99,DELTA,3,1000,8,250,900,no,82,-250
2025-05-21T15:08:38.189934,KXBTCD-25MAY2119-T109249.99,DELTA,3,1000,8,250,901,no,50,-648
2025-05-21T15:08:38.190108,KXBTCD-25MAY2119-T109249.99,DELTA,3,1000,8,250,902,no,6,5400
2025-05-21T15:08:38.250058,KXBTCD-25MAY2119-T109249.99,DELTA,3,1000,8,250,903,no,5,-20000
2025-05-21T15:08:38.290957,KXBTCD-25MAY2119-T109249.99,DELTA,3,1000,8,250,904,no,7,20000
2025-05-21T15:08:40.370618,KXBTCD-25MAY2119-T109249.99,DELTA,3,1000,8,250,905,yes,2,-100
2025-05-21T15:08:40.430427,KXBTCD-25MAY2119-T109249.99,DELTA,2,80000,8,250,906,yes,3,-1000
2025-05-21T15:08:40.670414,KXBTCD-25MAY2119-T109249.99,DELTA,2,80000,8,250,907,no,6,-5400
2025-05-21T15:08:40.671081,KXBTCD-25MAY2119-T109249.99,DELTA,2,80000,8,250,908,no,8,4050
2025-05-21T15:08:40.730159,KXBTCD-25MAY2119-T109249.99,DELTA,2,80000,8,250,909,no,7,-20000
2025-05-21T15:08:40.778683,KXBTCD-25MAY2119-T109249.99,DELTA,2,80000,8,250,910,no,9,20000
2025-05-21T15:08:41.369463,KXBTCD-25MAY2119-T109249.99,DELTA,3,100,8,250,911,yes,3,100
2025-05-21T15:08:41.450539,KXBTCD-25MAY2119-T109249.99,DELTA,4,1000,8,250,912,yes,4,1000
2025-05-21T15:08:41.831352,KXBTCD-25MAY2119-T109249.99,DELTA,4,1000,8,250,913,no,8,-4050
2025-05-21T15:08:41.831888,KXBTCD-25MAY2119-T109249.99,DELTA,4,1000,8,250,914,no,10,3240
2025-05-21T15:08:41.910883,KXBTCD-25MAY2119-T109249.99,DELTA,4,1000,8,250,915,no,9,-20000
2025-05-21T15:08:41.950876,KXBTCD-25MAY2119-T109249.99,DELTA,4,1000,8,250,916,no,11,20000
2025-05-21T15:08:43.053621,KXBTCD-25MAY2119-T109249.99,DELTA,4,1000,8,250,917,no,10,-3240
2025-05-21T15:08:43.054258,KXBTCD-25MAY2119-T109249.99,DELTA,4,1000,8,250,918,no,12,2700
2025-05-21T15:08:43.111776,KXBTCD-25MAY2119-T109249.99,DELTA,4,1000,8,250,919,no,11,-20000
2025-05-21T15:08:43.152831,KXBTCD-25MAY2119-T109249.99,DELTA,4,1000,8,250,920,no,5,20000
2025-05-21T15:08:44.229417,KXBTCD-25MAY2119-T109249.99,DELTA,4,1000,8,250,921,no,12,-2700
2025-05-21T15:08:44.229890,KXBTCD-25MAY2119-T109249.99,DELTA,4,1000,8,250,922,no,6,5400
2025-05-21T15:08:44.293181,KXBTCD-25MAY2119-T109249.99,DELTA,4,1000,8,250,923,no,5,-20000
2025-05-21T15:08:44.330672,KXBTCD-25MAY2119-T109249.99,DELTA,4,1000,8,250,924,no,7,20000
2025-05-21T15:08:44.471116,KXBTCD-25MAY2119-T109249.99,DELTA,3,100,8,250,925,yes,4,-1000
2025-05-21T15:08:44.490839,KXBTCD-25MAY2119-T109249.99,DELTA,3,100,8,250,926,yes,2,-80000
2025-05-21T15:08:44.491235,KXBTCD-25MAY2119-T109249.99,DELTA,3,100,8,250,927,no,88,-2000
2025-05-21T15:08:44.512796,KXBTCD-25MAY2119-T109249.99,DELTA,3,100,8,250,928,no,91,-1000
2025-05-21T15:08:44.513438,KXBTCD-25MAY2119-T109249.99,DELTA,3,100,8,250,929,no,89,-1250
2025-05-21T15:08:44.591009,KXBTCD-25MAY2119-T109249.99,DELTA,3,100,8,1250,930,no,92,1000
2025-05-21T15:08:44.611490,KXBTCD-25MAY2119-T109249.99,DELTA,3,100,8,1250,931,yes,1,80000
2025-05-21T15:08:44.612123,KXBTCD-25MAY2119-T109249.99,DELTA,3,100,8,1250,932,no,90,1250
2025-05-21T15:08:44.612572,KXBTCD-25MAY2119-T109249.99,DELTA,3,100,8,1250,933,no,89,2000
2025-05-21T15:08:44.631263,KXBTCD-25MAY2119-T109249.99,DELTA,3,1100,8,1250,934,yes,3,1000
2025-05-21T15:08:45.450093,KXBTCD-25MAY2119-T109249.99,DELTA,3,1100,8,1250,935,no,6,-5400
2025-05-21T15:08:45.450448,KXBTCD-25MAY2119-T109249.99,DELTA,3,1100,8,1250,936,no,8,4050
2025-05-21T15:08:45.510695,KXBTCD-25MAY2119-T109249.99,DELTA,3,1100,8,1250,937,no,7,-20000
2025-05-21T15:08:45.551567,KXBTCD-25MAY2119-T109249.99,DELTA,3,1100,8,1250,938,no,9,20000
2025-05-21T15:08:49.672142,KXBTCD-25MAY2119-T109249.99,DELTA,3,1100,8,1250,939,no,8,-4050
2025-05-21T15:08:49.672786,KXBTCD-25MAY2119-T109249.99,DELTA,3,1100,8,1250,940,no,10,3240
2025-05-21T15:08:49.889763,KXBTCD-25MAY2119-T109249.99,DELTA,3,1100,8,1250,941,no,9,-20000
2025-05-21T15:08:49.990203,KXBTCD-25MAY2119-T109249.99,DELTA,3,1100,8,1250,942,no,11,20000
2025-05-21T15:08:53.470598,KXBTCD-25MAY2119-T109249.99,DELTA,3,1100,8,1250,943,no,10,-3240
2025-05-21T15:08:53.471191,KXBTCD-25MAY2119-T109249.99,DELTA,3,1100,8,1250,944,no,12,2700
2025-05-21T15:08:53.530030,KXBTCD-25MAY2119-T109249.99,DELTA,3,1100,8,1250,945,no,11,-20000
2025-05-21T15:08:53.589663,KXBTCD-25MAY2119-T109249.99,DELTA,3,1100,8,1250,946,no,5,20000
2025-05-21T15:08:54.670804,KXBTCD-25MAY2119-T109249.99,DELTA,3,1100,8,1250,947,no,12,-2700
2025-05-21T15:08:54.671348,KXBTCD-25MAY2119-T109249.99,DELTA,3,1100,8,1250,948,no,6,5400
2025-05-21T15:08:54.732006,KXBTCD-25MAY2119-T109249.99,DELTA,3,1100,8,1250,949,no,5,-20000
2025-05-21T15:08:54.769643,KXBTCD-25MAY2119-T109249.99,DELTA,3,1100,8,1250,950,no,7,20000
2025-05-21T15:08:55.930202,KXBTCD-25MAY2119-T109249.99,DELTA,3,1100,8,1250,951,no,6,-5400
2025-05-21T15:08:55.930817,KXBTCD-25MAY2119-T109249.99,DELTA,3,1100,8,1250,952,no,8,4050
2025-05-21T15:08:56.010396,KXBTCD-25MAY2119-T109249.99,DELTA,3,1100,8,1250,953,no,7,-20000
2025-05-21T15:08:56.052502,KXBTCD-25MAY2119-T109249.99,DELTA,3,1100,8,1250,954,no,9,20000
2025-05-21T15:08:57.171216,KXBTCD-25MAY2119-T109249.99,DELTA,3,1100,8,1250,955,no,8,-4050
2025-05-21T15:08:57.171961,KXBTCD-25MAY2119-T109249.99,DELTA,3,1100,8,1250,956,no,10,3240
2025-05-21T15:08:57.230167,KXBTCD-25MAY2119-T109249.99,DELTA,3,1100,8,1250,957,no,9,-20000
2025-05-21T15:08:57.269830,KXBTCD-25MAY2119-T109249.99,DELTA,3,1100,8,1250,958,no,11,20000
2025-05-21T15:08:57.654851,KXBTCD-25MAY2119-T109249.99,DELTA,3,100,8,1250,959,yes,3,-1000
2025-05-21T15:08:57.655223,KXBTCD-25MAY2119-T109249.99,DELTA,3,100,8,1250,960,yes,1,-80000
2025-05-21T15:08:57.655537,KXBTCD-25MAY2119-T109249.99,DELTA,3,100,8,1250,961,no,89,-2000
2025-05-21T15:08:57.655703,KXBTCD-25MAY2119-T109249.99,DELTA,3,100,8,250,962,no,92,-1000
2025-05-21T15:08:57.668946,KXBTCD-25MAY2119-T109249.99,DELTA,3,100,8,250,963,no,90,-1250
2025-05-21T15:08:57.711225,KXBTCD-25MAY2119-T109249.99,DELTA,3,100,8,250,964,no,90,2000
2025-05-21T15:08:57.711863,KXBTCD-25MAY2119-T109249.99,DELTA,3,100,7,1000,965,no,93,1000
2025-05-21T15:08:57.712279,KXBTCD-25MAY2119-T109249.99,DELTA,3,100,7,1000,966,no,91,1250
2025-05-21T15:08:58.410531,KXBTCD-25MAY2119-T109249.99,DELTA,3,100,7,1000,967,no,10,-3240
2025-05-21T15:08:58.411460,KXBTCD-25MAY2119-T109249.99,DELTA,3,100,7,1000,968,no,12,2700
2025-05-21T15:08:58.490238,KXBTCD-25MAY2119-T109249.99,DELTA,3,100,7,1000,969,no,11,-20000
2025-05-21T15:08:58.530247,KXBTCD-25MAY2119-T109249.99,DELTA,3,100,7,1000,970,no,5,20000
2025-05-21T15:09:02.171470,KXBTCD-25MAY2119-T109249.99,DELTA,3,100,7,1000,971,no,12,-2700
2025-05-21T15:09:02.172538,KXBTCD-25MAY2119-T109249.99,DELTA,3,100,7,1000,972,no,6,5400
2025-05-21T15:09:02.251480,KXBTCD-25MAY2119-T109249.99,DELTA,3,100,7,1000,973,no,5,-20000
2025-05-21T15:09:02.291396,KXBTCD-25MAY2119-T109249.99,DELTA,3,100,7,1000,974,no,7,20000
2025-05-21T15:09:04.870356,KXBTCD-25MAY2119-T109249.99,DELTA,3,100,7,1000,975,no,6,-5400
2025-05-21T15:09:04.870682,KXBTCD-25MAY2119-T109249.99,DELTA,3,100,7,1000,976,no,8,4050
2025-05-21T15:09:04.930180,KXBTCD-25MAY2119-T109249.99,DELTA,3,100,7,1000,977,no,7,-20000
2025-05-21T15:09:04.969814,KXBTCD-25MAY2119-T109249.99,DELTA,3,100,7,1000,978,no,9,20000
2025-05-21T15:09:06.091137,KXBTCD-25MAY2119-T109249.99,DELTA,3,100,7,1000,979,no,8,-4050
2025-05-21T15:09:06.092250,KXBTCD-25MAY2119-T109249.99,DELTA,3,100,7,1000,980,no,10,3240
2025-05-21T15:09:06.171915,KXBTCD-25MAY2119-T109249.99,DELTA,3,100,7,1000,981,no,9,-20000
2025-05-21T15:09:06.231469,KXBTCD-25MAY2119-T109249.99,DELTA,3,100,7,1000,982,no,11,20000
2025-05-21T15:09:07.317459,KXBTCD-25MAY2119-T109249.99,DELTA,3,100,7,1000,983,no,10,-3240
2025-05-21T15:09:07.318145,KXBTCD-25MAY2119-T109249.99,DELTA,3,100,7,1000,984,no,12,2700
2025-05-21T15:09:07.379599,KXBTCD-25MAY2119-T109249.99,DELTA,3,100,7,1000,985,no,11,-20000
2025-05-21T15:09:07.435720,KXBTCD-25MAY2119-T109249.99,DELTA,3,100,7,1000,986,no,5,20000
2025-05-21T15:09:08.491059,KXBTCD-25MAY2119-T109249.99,DELTA,3,100,7,1000,987,no,12,-2700
2025-05-21T15:09:08.491975,KXBTCD-25MAY2119-T109249.99,DELTA,3,100,7,1000,988,no,6,5400
2025-05-21T15:09:08.550285,KXBTCD-25MAY2119-T109249.99,DELTA,3,100,7,1000,989,no,5,-20000
2025-05-21T15:09:08.589870,KXBTCD-25MAY2119-T109249.99,DELTA,3,100,7,1000,990,no,7,20000
2025-05-21T15:09:09.671282,KXBTCD-25MAY2119-T109249.99,DELTA,3,100,7,1000,991,no,6,-5400
2025-05-21T15:09:09.672251,KXBTCD-25MAY2119-T109249.99,DELTA,3,100,7,1000,992,no,8,4050
2025-05-21T15:09:09.730858,KXBTCD-25MAY2119-T109249.99,DELTA,3,100,7,1000,993,no,7,-20000
2025-05-21T15:09:09.770327,KXBTCD-25MAY2119-T109249.99,DELTA,3,100,7,1000,994,no,9,20000
2025-05-21T15:09:13.390169,KXBTCD-25MAY2119-T109249.99,DELTA,3,100,7,1000,995,no,8,-4050
2025-05-21T15:09:13.391200,KXBTCD-25MAY2119-T109249.99,DELTA,3,100,7,1000,996,no,10,3240
2025-05-21T15:09:13.450201,KXBTCD-25MAY2119-T109249.99,DELTA,3,100,7,1000,997,no,9,-20000
2025-05-21T15:09:13.489974,KXBTCD-25MAY2119-T109249.99,DELTA,3,100,7,1000,998,no,11,20000
2025-05-21T15:09:13.590754,KXBTCD-25MAY2119-T109249.99,DELTA,,0,7,1000,999,yes,3,-100
2025-05-21T15:09:13.591641,KXBTCD-25MAY2119-T109249.99,DELTA,,0,7,1000,1000,no,90,-39
2025-05-21T15:09:14.609746,KXBTCD-25MAY2119-T109249.99,DELTA,2,100,7,1000,1001,yes,2,100
2025-05-21T15:09:14.610571,KXBTCD-25MAY2119-T109249.99,DELTA,2,100,7,1000,1002,no,90,39
2025-05-21T15:09:14.669544,KXBTCD-25MAY2119-T109249.99,DELTA,2,1100,7,1000,1003,yes,2,1000
2025-05-21T15:09:15.288981,KXBTCD-25MAY2119-T109249.99,DELTA,2,1100,7,1000,1004,no,90,-39
2025-05-21T15:09:16.050875,KXBTCD-25MAY2119-T109249.99,DELTA,2,1100,7,1000,1005,no,91,39
2025-05-21T15:09:16.129958,KXBTCD-25MAY2119-T109249.99,DELTA,2,1100,7,1000,1006,no,10,-3240
2025-05-21T15:09:16.130255,KXBTCD-25MAY2119-T109249.99,DELTA,2,1100,7,1000,1007,no,12,2700
2025-05-21T15:09:16.191488,KXBTCD-25MAY2119-T109249.99,DELTA,2,1100,7,1000,1008,no,11,-20000
2025-05-21T15:09:16.251158,KXBTCD-25MAY2119-T109249.99,DELTA,2,1100,7,1000,1009,no,5,20000
2025-05-21T15:09:17.291262,KXBTCD-25MAY2119-T109249.99,DELTA,2,1100,7,1000,1010,no,12,-2700
2025-05-21T15:09:17.291898,KXBTCD-25MAY2119-T109249.99,DELTA,2,1100,7,1000,1011,no,6,5400
2025-05-21T15:09:17.350583,KXBTCD-25MAY2119-T109249.99,DELTA,2,1100,7,1000,1012,no,5,-20000
2025-05-21T15:09:17.391097,KXBTCD-25MAY2119-T109249.99,DELTA,2,1100,7,1000,1013,no,7,20000
2025-05-21T15:09:18.550310,KXBTCD-25MAY2119-T109249.99,DELTA,2,1100,7,1000,1014,no,6,-5400
2025-05-21T15:09:18.550983,KXBTCD-25MAY2119-T109249.99,DELTA,2,1100,7,1000,1015,no,8,4050
2025-05-21T15:09:18.610267,KXBTCD-25MAY2119-T109249.99,DELTA,2,1100,7,1000,1016,no,7,-20000
2025-05-21T15:09:18.671725,KXBTCD-25MAY2119-T109249.99,DELTA,2,1100,7,1000,1017,no,9,20000
2025-05-21T15:09:19.711310,KXBTCD-25MAY2119-T109249.99,DELTA,2,1100,7,1000,1018,no,8,-4050
2025-05-21T15:09:19.711649,KXBTCD-25MAY2119-T109249.99,DELTA,2,1100,7,1000,1019,no,10,3240
2025-05-21T15:09:19.771833,KXBTCD-25MAY2119-T109249.99,DELTA,2,1100,7,1000,1020,no,9,-20000
2025-05-21T15:09:20.049786,KXBTCD-25MAY2119-T109249.99,DELTA,2,1100,7,1000,1021,no,11,20000
2025-05-21T15:09:20.171388,KXBTCD-25MAY2119-T109249.99,DELTA,2,1100,6,250,1022,no,94,250
2025-05-21T15:09:20.230468,KXBTCD-25MAY2119-T109249.99,DELTA,2,1100,6,250,1023,no,84,-250
2025-05-21T15:09:20.910749,KXBTCD-25MAY2119-T109249.99,DELTA,2,1100,6,250,1024,no,10,-3240
2025-05-21T15:09:20.911225,KXBTCD-25MAY2119-T109249.99,DELTA,2,1100,6,250,1025,no,12,2700
2025-05-21T15:09:20.970611,KXBTCD-25MAY2119-T109249.99,DELTA,2,1100,6,250,1026,no,11,-20000
2025-05-21T15:09:21.010424,KXBTCD-25MAY2119-T109249.99,DELTA,2,1100,6,250,1027,no,5,20000
2025-05-21T15:09:25.030938,KXBTCD-25MAY2119-T109249.99,DELTA,2,1100,6,250,1028,no,12,-2700
2025-05-21T15:09:27.230510,KXBTCD-25MAY2119-T109249.99,DELTA,2,100,6,250,1029,yes,2,-1000
2025-05-21T15:09:27.231242,KXBTCD-25MAY2119-T109249.99,DELTA,2,100,6,250,1030,no,90,-2000
2025-05-21T15:09:27.249890,KXBTCD-25MAY2119-T109249.99,DELTA,2,100,6,250,1031,no,93,-1000
2025-05-21T15:09:27.250609,KXBTCD-25MAY2119-T109249.99,DELTA,2,100,6,250,1032,no,91,-1250
2025-05-21T15:09:27.350529,KXBTCD-25MAY2119-T109249.99,DELTA,2,100,6,250,1033,no,91,2000
2025-05-21T15:09:27.351570,KXBTCD-25MAY2119-T109249.99,DELTA,2,100,6,250,1034,no,92,1250
2025-05-21T15:09:27.352287,KXBTCD-25MAY2119-T109249.99,DELTA,2,100,6,1250,1035,no,94,1000
2025-05-21T15:09:38.129705,KXBTCD-25MAY2119-T109249.99,DELTA,2,100,6,1250,1036,no,6,5400
2025-05-21T15:09:38.189270,KXBTCD-25MAY2119-T109249.99,DELTA,2,100,6,1250,1037,no,5,-20000
2025-05-21T15:09:38.229610,KXBTCD-25MAY2119-T109249.99,DELTA,2,100,6,1250,1038,no,7,20000
2025-05-21T15:09:49.650708,KXBTCD-25MAY2119-T109249.99,DELTA,2,100,6,1250,1039,no,6,-5400
2025-05-21T15:09:49.651768,KXBTCD-25MAY2119-T109249.99,DELTA,2,100,6,1250,1040,no,50,648
2025-05-21T15:09:49.709843,KXBTCD-25MAY2119-T109249.99,DELTA,2,100,6,1250,1041,no,7,-20000
2025-05-21T15:09:49.750626,KXBTCD-25MAY2119-T109249.99,DELTA,2,100,6,1250,1042,no,5,20000
2025-05-21T15:09:52.912470,KXBTCD-25MAY2119-T109249.99,DELTA,2,100,6,1250,1043,no,91,-2000
2025-05-21T15:09:52.929568,KXBTCD-25MAY2119-T109249.99,DELTA,2,100,6,250,1044,no,94,-1000
2025-05-21T15:09:52.929730,KXBTCD-25MAY2119-T109249.99,DELTA,2,100,6,250,1045,no,92,-1250
2025-05-21T15:09:52.990195,KXBTCD-25MAY2119-T109249.99,DELTA,2,100,6,250,1046,no,93,1250
2025-05-21T15:09:52.990378,KXBTCD-25MAY2119-T109249.99,DELTA,2,100,6,250,1047,no,92,2000
2025-05-21T15:09:52.990502,KXBTCD-25MAY2119-T109249.99,DELTA,2,100,5,1000,1048,no,95,1000
2025-05-21T15:09:56.431018,KXBTCD-25MAY2119-T109249.99,DELTA,2,100,5,1000,1049,no,92,-2000
2025-05-21T15:09:56.431135,KXBTCD-25MAY2119-T109249.99,DELTA,2,100,6,250,1050,no,95,-1000
2025-05-21T15:09:56.449263,KXBTCD-25MAY2119-T109249.99,DELTA,2,100,6,250,1051,no,93,-1250
2025-05-21T15:09:56.509785,KXBTCD-25MAY2119-T109249.99,DELTA,2,100,6,1250,1052,no,94,1000
2025-05-21T15:09:56.509912,KXBTCD-25MAY2119-T109249.99,DELTA,2,100,6,1250,1053,no,92,1250
2025-05-21T15:09:56.509995,KXBTCD-25MAY2119-T109249.99,DELTA,2,100,6,1250,1054,no,91,2000
2025-05-21T15:09:57.030506,KXBTCD-25MAY2119-T109249.99,DELTA,2,100,6,1250,1055,no,91,-2000
2025-05-21T15:09:57.032115,KXBTCD-25MAY2119-T109249.99,DELTA,2,100,6,250,1056,no,94,-1000
2025-05-21T15:09:57.050002,KXBTCD-25MAY2119-T109249.99,DELTA,2,100,6,250,1057,no,92,-1250
2025-05-21T15:09:57.090998,KXBTCD-25MAY2119-T109249.99,DELTA,2,100,6,250,1058,no,93,1250
2025-05-21T15:09:57.091939,KXBTCD-25MAY2119-T109249.99,DELTA,2,100,5,1000,1059,no,95,1000
2025-05-21T15:09:57.092590,KXBTCD-25MAY2119-T109249.99,DELTA,2,100,5,1000,1060,no,92,2000
2025-05-21T15:09:57.710637,KXBTCD-25MAY2119-T109249.99,DELTA,2,100,5,1000,1061,no,92,-2000
2025-05-21T15:09:57.731740,KXBTCD-25MAY2119-T109249.99,DELTA,2,100,6,250,1062,no,95,-1000
2025-05-21T15:09:57.732408,KXBTCD-25MAY2119-T109249.99,DELTA,2,100,6,250,1063,no,93,-1250
2025-05-21T15:09:57.790776,KXBTCD-25MAY2119-T109249.99,DELTA,2,100,8,250,1064,no,94,-250
2025-05-21T15:09:57.791960,KXBTCD-25MAY2119-T109249.99,DELTA,2,100,8,250,1065,no,84,250
2025-05-21T15:09:57.850878,KXBTCD-25MAY2119-T109249.99,DELTA,2,100,6,1000,1066,no,94,1000
2025-05-21T15:09:57.853091,KXBTCD-25MAY2119-T109249.99,DELTA,2,100,6,1000,1067,no,91,2000
2025-05-21T15:09:57.853774,KXBTCD-25MAY2119-T109249.99,DELTA,2,100,6,1000,1068,no,92,1250
2025-05-21T15:09:57.969684,KXBTCD-25MAY2119-T109249.99,DELTA,2,100,8,1500,1069,no,94,-1000
2025-05-21T15:09:57.969961,KXBTCD-25MAY2119-T109249.99,DELTA,2,100,8,1500,1070,no,84,-250
2025-05-21T15:09:57.990492,KXBTCD-25MAY2119-T109249.99,DELTA,2,100,6,250,1071,no,94,250
2025-05-21T15:09:58.090693,KXBTCD-25MAY2119-T109249.99,DELTA,2,100,6,250,1072,no,93,1000
2025-05-21T15:09:58.189633,KXBTCD-25MAY2119-T109249.99,DELTA,2,100,6,250,1073,no,93,-1000
2025-05-21T15:09:58.369788,KXBTCD-25MAY2119-T109249.99,DELTA,2,100,6,1250,1074,no,94,1000
2025-05-21T15:10:02.569386,KXBTCD-25MAY2119-T109249.99,DELTA,2,100,6,1250,1075,no,50,-648
2025-05-21T15:10:02.570022,KXBTCD-25MAY2119-T109249.99,DELTA,2,100,6,1250,1076,no,51,635
2025-05-21T15:10:07.931617,KXBTCD-25MAY2119-T109249.99,DELTA,2,1100,6,1250,1077,yes,2,1000
2025-05-21T15:10:07.932304,KXBTCD-25MAY2119-T109249.99,DELTA,2,1100,6,1250,1078,no,91,-2000
2025-05-21T15:10:07.932575,KXBTCD-25MAY2119-T109249.99,DELTA,2,1100,6,250,1079,no,94,-1000
2025-05-21T15:10:07.950756,KXBTCD-25MAY2119-T109249.99,DELTA,2,1100,6,250,1080,no,92,-1250
2025-05-21T15:10:08.011327,KXBTCD-25MAY2119-T109249.99,DELTA,2,1100,6,250,1081,no,91,1250
2025-05-21T15:10:08.011899,KXBTCD-25MAY2119-T109249.99,DELTA,2,1100,6,250,1082,no,93,1000
2025-05-21T15:10:08.108779,KXBTCD-25MAY2119-T109249.99,DELTA,2,1100,6,250,1083,no,90,2000
2025-05-21T15:10:13.588948,KXBTCD-25MAY2119-T109249.99,DELTA,2,100,6,250,1084,yes,2,-1000
2025-05-21T15:10:13.589492,KXBTCD-25MAY2119-T109249.99,DELTA,2,100,6,250,1085,no,90,-2000
2025-05-21T15:10:13.609942,KXBTCD-25MAY2119-T109249.99,DELTA,2,100,6,250,1086,no,93,-1000
2025-05-21T15:10:13.610204,KXBTCD-25MAY2119-T109249.99,DELTA,2,100,6,250,1087,no,91,-1250
2025-05-21T15:10:13.710790,KXBTCD-25MAY2119-T109249.99,DELTA,2,100,6,250,1088,no,92,1250
2025-05-21T15:10:13.711168,KXBTCD-25MAY2119-T109249.99,DELTA,2,100,6,1250,1089,no,94,1000
2025-05-21T15:10:13.711327,KXBTCD-25MAY2119-T109249.99,DELTA,2,100,6,1250,1090,no,91,2000
2025-05-21T15:10:15.091248,KXBTCD-25MAY2119-T109249.99,DELTA,2,33,6,1250,1091,yes,2,-67
