timestamp,market_ticker,type,yes_bid_price_cents,yes_bid_qty,yes_ask_price_cents,yes_ask_qty_on_no_side,sequence_num,delta_side,delta_price_cents,delta_quantity
2025-05-21T16:00:23.081702,KXBTCD-25MAY2120-T108999.99,SNAPSHOT,33,50,38,50,1,,,
2025-05-21T16:00:28.403337,KXBTCD-25MAY2120-T108999.99,DELTA,33,50,38,50,2,no,40,200
2025-05-21T16:00:28.522572,KXBTCD-25MAY2120-T108999.99,DELTA,33,50,38,50,3,no,3,-9
2025-05-21T16:00:28.542668,KXBTCD-25MAY2120-T108999.99,DELTA,33,50,38,50,4,no,41,9
2025-05-21T16:00:29.084160,KXBTCD-25MAY2120-T108999.99,DELTA,33,50,38,50,5,yes,32,-100
2025-05-21T16:00:29.323051,KXBTCD-25MAY2120-T108999.99,DELTA,33,50,38,50,6,no,61,-100
2025-05-21T16:00:29.383983,KXBTCD-25MAY2120-T108999.99,DELTA,33,50,59,9,7,no,62,-50
2025-05-21T16:00:29.384720,KXBTCD-25MAY2120-T108999.99,DELTA,33,50,59,59,8,no,41,50
2025-05-21T16:00:30.071553,KXBTCD-25MAY2120-T108999.99,DELTA,2,9,59,59,9,yes,33,-50
2025-05-21T16:00:30.072019,KXBTCD-25MAY2120-T108999.99,DELTA,31,50,59,59,10,yes,31,50
2025-05-21T16:00:30.103798,KXBTCD-25MAY2120-T108999.99,DELTA,2,9,59,59,11,yes,31,-50
2025-05-21T16:00:30.104121,KXBTCD-25MAY2120-T108999.99,DELTA,2,59,59,59,12,yes,2,50
2025-05-21T16:00:30.122441,KXBTCD-25MAY2120-T108999.99,DELTA,30,100,59,59,13,yes,30,100
2025-05-21T16:00:30.143682,KXBTCD-25MAY2120-T108999.99,DELTA,30,100,38,100,14,no,62,100
2025-05-21T16:00:30.163079,KXBTCD-25MAY2120-T108999.99,DELTA,30,100,38,100,15,no,42,9
2025-05-21T16:00:30.163255,KXBTCD-25MAY2120-T108999.99,DELTA,32,9,38,100,16,yes,32,9
2025-05-21T16:00:30.182894,KXBTCD-25MAY2120-T108999.99,DELTA,32,9,38,100,17,yes,2,-50
2025-05-21T16:00:30.183045,KXBTCD-25MAY2120-T108999.99,DELTA,32,9,38,100,18,yes,31,50
2025-05-21T16:00:30.203339,KXBTCD-25MAY2120-T108999.99,DELTA,32,9,38,100,19,no,41,-50
2025-05-21T16:00:30.203483,KXBTCD-25MAY2120-T108999.99,DELTA,32,9,37,50,20,no,63,50
2025-05-21T16:00:30.267390,KXBTCD-25MAY2120-T108999.99,DELTA,32,9,37,50,21,yes,2,-9
2025-05-21T16:00:30.267997,KXBTCD-25MAY2120-T108999.99,DELTA,32,9,37,50,22,no,41,-9
2025-05-21T16:00:30.383586,KXBTCD-25MAY2120-T108999.99,DELTA,32,9,37,50,23,yes,2,9
2025-05-21T16:00:30.384486,KXBTCD-25MAY2120-T108999.99,DELTA,32,9,37,50,24,no,41,9
2025-05-21T16:00:30.462990,KXBTCD-25MAY2120-T108999.99,DELTA,32,9,37,50,25,no,41,-9
2025-05-21T16:00:30.463496,KXBTCD-25MAY2120-T108999.99,DELTA,32,9,37,50,26,yes,2,-9
2025-05-21T16:00:30.563165,KXBTCD-25MAY2120-T108999.99,DELTA,32,9,37,50,27,no,41,9
2025-05-21T16:00:30.563593,KXBTCD-25MAY2120-T108999.99,DELTA,32,9,37,50,28,yes,2,9
2025-05-21T16:00:32.823623,KXBTCD-25MAY2120-T108999.99,DELTA,32,9,37,50,29,no,4,3012
2025-05-21T16:00:32.823962,KXBTCD-25MAY2120-T108999.99,DELTA,32,9,37,50,30,no,2,2944
2025-05-21T16:00:32.843459,KXBTCD-25MAY2120-T108999.99,DELTA,32,9,37,50,31,no,1,44545
2025-05-21T16:00:32.844318,KXBTCD-25MAY2120-T108999.99,DELTA,32,9,37,50,32,no,1,15024
2025-05-21T16:00:32.963401,KXBTCD-25MAY2120-T108999.99,DELTA,32,9,37,50,33,no,42,-9
2025-05-21T16:00:32.963943,KXBTCD-25MAY2120-T108999.99,DELTA,31,50,37,50,34,yes,32,-9
2025-05-21T16:00:33.043158,KXBTCD-25MAY2120-T108999.99,DELTA,31,50,37,48,35,no,63,-2
2025-05-21T16:00:33.102929,KXBTCD-25MAY2120-T108999.99,DELTA,31,50,38,100,36,no,63,-48
2025-05-21T16:00:33.103196,KXBTCD-25MAY2120-T108999.99,DELTA,30,100,38,100,37,yes,31,-50
2025-05-21T16:00:33.343992,KXBTCD-25MAY2120-T108999.99,DELTA,30,100,37,50,38,no,63,50
2025-05-21T16:00:33.344830,KXBTCD-25MAY2120-T108999.99,DELTA,31,50,37,50,39,yes,31,50
2025-05-21T16:00:33.403154,KXBTCD-25MAY2120-T108999.99,DELTA,31,50,38,100,40,no,63,-50
2025-05-21T16:00:33.403513,KXBTCD-25MAY2120-T108999.99,DELTA,30,100,38,100,41,yes,31,-50
2025-05-21T16:00:34.443895,KXBTCD-25MAY2120-T108999.99,DELTA,31,50,38,100,42,yes,31,50
2025-05-21T16:00:34.444582,KXBTCD-25MAY2120-T108999.99,DELTA,31,50,37,50,43,no,63,50
2025-05-21T16:00:37.565038,KXBTCD-25MAY2120-T108999.99,DELTA,31,50,37,50,44,yes,30,-100
2025-05-21T16:00:37.664612,KXBTCD-25MAY2120-T108999.99,DELTA,31,50,37,50,45,no,1,-32400
2025-05-21T16:00:37.665669,KXBTCD-25MAY2120-T108999.99,DELTA,31,50,37,50,46,no,5,6480
2025-05-21T16:00:37.682468,KXBTCD-25MAY2120-T108999.99,DELTA,2,9,37,50,47,yes,31,-50
2025-05-21T16:00:37.683211,KXBTCD-25MAY2120-T108999.99,DELTA,2,59,37,50,48,yes,2,50
2025-05-21T16:00:37.723484,KXBTCD-25MAY2120-T108999.99,DELTA,2,9,37,50,49,yes,2,-50
2025-05-21T16:00:37.724482,KXBTCD-25MAY2120-T108999.99,DELTA,32,50,37,50,50,yes,32,50
2025-05-21T16:00:38.262872,KXBTCD-25MAY2120-T108999.99,DELTA,32,50,37,50,51,yes,31,100
2025-05-21T16:00:47.386321,KXBTCD-25MAY2120-T108999.99,DELTA,32,50,37,50,52,yes,6,3000
2025-05-21T16:00:47.387348,KXBTCD-25MAY2120-T108999.99,DELTA,32,50,37,50,53,yes,3,80000
2025-05-21T16:00:47.406638,KXBTCD-25MAY2120-T108999.99,DELTA,32,50,37,50,54,no,13,8000
2025-05-21T16:00:47.407469,KXBTCD-25MAY2120-T108999.99,DELTA,32,50,37,50,55,no,51,3000
2025-05-21T16:00:47.444600,KXBTCD-25MAY2120-T108999.99,DELTA,32,50,37,50,56,no,3,80000
2025-05-21T16:00:47.704075,KXBTCD-25MAY2120-T108999.99,DELTA,32,50,37,50,57,yes,2,-9
2025-05-21T16:00:47.705279,KXBTCD-25MAY2120-T108999.99,DELTA,32,50,37,50,58,no,41,-9
2025-05-21T16:00:49.204010,KXBTCD-25MAY2120-T108999.99,DELTA,32,50,37,50,59,yes,1,-32400
2025-05-21T16:00:49.205033,KXBTCD-25MAY2120-T108999.99,DELTA,32,50,37,50,60,yes,7,4628
2025-05-21T16:00:49.262725,KXBTCD-25MAY2120-T108999.99,DELTA,32,50,37,50,61,no,5,-6480
2025-05-21T16:00:49.262985,KXBTCD-25MAY2120-T108999.99,DELTA,32,50,37,50,62,no,14,2314
2025-05-21T16:00:49.322774,KXBTCD-25MAY2120-T108999.99,DELTA,32,50,37,50,63,yes,8,9
2025-05-21T16:00:49.323074,KXBTCD-25MAY2120-T108999.99,DELTA,32,50,37,50,64,no,52,9
2025-05-21T16:00:49.463885,KXBTCD-25MAY2120-T108999.99,DELTA,32,50,37,50,65,no,41,2000
2025-05-21T16:00:49.464109,KXBTCD-25MAY2120-T108999.99,DELTA,32,50,36,1000,66,no,64,1000
2025-05-21T16:00:49.483670,KXBTCD-25MAY2120-T108999.99,DELTA,32,50,36,1000,67,yes,2,20000
2025-05-21T16:00:49.483828,KXBTCD-25MAY2120-T108999.99,DELTA,32,50,36,1000,68,yes,2,2000
2025-05-21T16:00:49.486163,KXBTCD-25MAY2120-T108999.99,DELTA,32,50,36,1000,69,no,6,20000
2025-05-21T16:00:49.487209,KXBTCD-25MAY2120-T108999.99,DELTA,32,50,36,1000,70,yes,2,1000
2025-05-21T16:00:49.523053,KXBTCD-25MAY2120-T108999.99,DELTA,32,50,36,1000,71,no,63,-50
2025-05-21T16:00:49.523152,KXBTCD-25MAY2120-T108999.99,DELTA,32,50,35,50,72,no,65,50
2025-05-21T16:00:49.622234,KXBTCD-25MAY2120-T108999.99,DELTA,32,50,35,50,73,no,6,-20000
2025-05-21T16:00:49.662912,KXBTCD-25MAY2120-T108999.99,DELTA,32,50,35,50,74,yes,31,-100
2025-05-21T16:00:49.743446,KXBTCD-25MAY2120-T108999.99,DELTA,32,50,35,50,75,no,64,-1000
2025-05-21T16:00:49.804340,KXBTCD-25MAY2120-T108999.99,DELTA,32,50,38,100,76,no,65,-50
2025-05-21T16:00:49.805276,KXBTCD-25MAY2120-T108999.99,DELTA,32,50,37,50,77,no,63,50
2025-05-21T16:00:50.142564,KXBTCD-25MAY2120-T108999.99,DELTA,32,50,37,50,78,no,62,-100
2025-05-21T16:00:50.144697,KXBTCD-25MAY2120-T108999.99,DELTA,32,50,48,9,79,no,63,-50
2025-05-21T16:00:50.145526,KXBTCD-25MAY2120-T108999.99,DELTA,32,50,48,59,80,no,52,50
2025-05-21T16:00:50.264684,KXBTCD-25MAY2120-T108999.99,DELTA,32,50,36,1000,81,no,64,1000
2025-05-21T16:00:50.265716,KXBTCD-25MAY2120-T108999.99,DELTA,32,50,36,1000,82,no,5,20000
2025-05-21T16:00:50.266712,KXBTCD-25MAY2120-T108999.99,DELTA,32,50,36,1000,83,yes,2,-20000
2025-05-21T16:00:50.283194,KXBTCD-25MAY2120-T108999.99,DELTA,32,50,36,1000,84,yes,2,-2000
2025-05-21T16:00:50.302416,KXBTCD-25MAY2120-T108999.99,DELTA,32,50,36,1000,85,yes,2,-1000
2025-05-21T16:00:50.323695,KXBTCD-25MAY2120-T108999.99,DELTA,32,50,36,1000,86,no,52,-50
2025-05-21T16:00:50.324627,KXBTCD-25MAY2120-T108999.99,DELTA,32,50,35,50,87,no,65,50
2025-05-21T16:00:50.383920,KXBTCD-25MAY2120-T108999.99,DELTA,32,50,35,50,88,no,64,-1000
2025-05-21T16:00:50.444172,KXBTCD-25MAY2120-T108999.99,DELTA,32,50,48,9,89,no,65,-50
2025-05-21T16:00:50.445141,KXBTCD-25MAY2120-T108999.99,DELTA,32,50,48,59,90,no,52,50
2025-05-21T16:00:50.445780,KXBTCD-25MAY2120-T108999.99,DELTA,8,9,48,59,91,yes,32,-50
2025-05-21T16:00:50.446252,KXBTCD-25MAY2120-T108999.99,DELTA,8,59,48,59,92,yes,8,50
2025-05-21T16:00:50.517544,KXBTCD-25MAY2120-T108999.99,DELTA,8,59,48,9,93,no,52,-50
2025-05-21T16:00:50.518469,KXBTCD-25MAY2120-T108999.99,DELTA,8,59,34,50,94,no,66,50
2025-05-21T16:00:50.523303,KXBTCD-25MAY2120-T108999.99,DELTA,8,59,34,1050,95,no,66,1000
2025-05-21T16:00:50.564119,KXBTCD-25MAY2120-T108999.99,DELTA,8,20059,34,1050,96,yes,8,20000
2025-05-21T16:00:50.565064,KXBTCD-25MAY2120-T108999.99,DELTA,8,21059,34,1050,97,yes,8,1000
2025-05-21T16:00:50.565848,KXBTCD-25MAY2120-T108999.99,DELTA,8,22309,34,1050,98,yes,8,1250
2025-05-21T16:00:50.566564,KXBTCD-25MAY2120-T108999.99,DELTA,8,24309,34,1050,99,yes,8,2000
2025-05-21T16:00:50.602804,KXBTCD-25MAY2120-T108999.99,DELTA,8,24309,33,9,100,no,67,9
2025-05-21T16:00:50.603508,KXBTCD-25MAY2120-T108999.99,DELTA,9,9,33,9,101,yes,9,9
2025-05-21T16:00:50.643522,KXBTCD-25MAY2120-T108999.99,DELTA,9,9,33,9,102,no,66,-1000
2025-05-21T16:00:50.683609,KXBTCD-25MAY2120-T108999.99,DELTA,9,9,33,9,103,yes,8,-1000
2025-05-21T16:00:50.764583,KXBTCD-25MAY2120-T108999.99,DELTA,9,9,33,1009,104,no,67,1000
2025-05-21T16:00:50.803311,KXBTCD-25MAY2120-T108999.99,DELTA,9,1009,33,1009,105,yes,9,1000
2025-05-21T16:00:50.864375,KXBTCD-25MAY2120-T108999.99,DELTA,9,1009,33,1009,106,yes,8,-50
2025-05-21T16:00:50.865118,KXBTCD-25MAY2120-T108999.99,DELTA,10,50,33,1009,107,yes,10,50
2025-05-21T16:00:50.988323,KXBTCD-25MAY2120-T108999.99,DELTA,10,50,33,1009,108,yes,8,-9
2025-05-21T16:00:50.989168,KXBTCD-25MAY2120-T108999.99,DELTA,10,50,33,1009,109,no,52,-9
2025-05-21T16:00:50.989758,KXBTCD-25MAY2120-T108999.99,DELTA,10,50,33,1009,110,yes,9,-1000
2025-05-21T16:00:51.043491,KXBTCD-25MAY2120-T108999.99,DELTA,9,9,33,1009,111,yes,10,-50
2025-05-21T16:00:51.043890,KXBTCD-25MAY2120-T108999.99,DELTA,9,59,33,1009,112,yes,9,50
2025-05-21T16:00:51.104079,KXBTCD-25MAY2120-T108999.99,DELTA,9,50,33,1009,113,yes,9,-9
2025-05-21T16:00:51.104921,KXBTCD-25MAY2120-T108999.99,DELTA,11,9,33,1009,114,yes,11,9
2025-05-21T16:00:51.105531,KXBTCD-25MAY2120-T108999.99,DELTA,11,1009,33,1009,115,yes,11,1000
2025-05-21T16:00:51.106184,KXBTCD-25MAY2120-T108999.99,DELTA,11,1009,33,1000,116,no,67,-9
2025-05-21T16:00:51.106631,KXBTCD-25MAY2120-T108999.99,DELTA,11,1009,32,9,117,no,68,9
2025-05-21T16:00:51.169444,KXBTCD-25MAY2120-T108999.99,DELTA,11,1009,32,9,118,yes,9,-50
2025-05-21T16:00:51.170333,KXBTCD-25MAY2120-T108999.99,DELTA,12,50,32,9,119,yes,12,50
2025-05-21T16:00:51.228656,KXBTCD-25MAY2120-T108999.99,DELTA,12,50,32,9,120,yes,11,-1000
2025-05-21T16:00:51.229017,KXBTCD-25MAY2120-T108999.99,DELTA,12,50,32,9,121,yes,8,-1250
2025-05-21T16:00:51.282708,KXBTCD-25MAY2120-T108999.99,DELTA,11,9,32,9,122,yes,12,-50
2025-05-21T16:00:51.282961,KXBTCD-25MAY2120-T108999.99,DELTA,11,9,32,9,123,yes,9,50
2025-05-21T16:00:51.323323,KXBTCD-25MAY2120-T108999.99,DELTA,13,1000,32,9,124,yes,13,1000
2025-05-21T16:00:51.362905,KXBTCD-25MAY2120-T108999.99,DELTA,30,100,32,9,125,yes,30,100
2025-05-21T16:00:51.384646,KXBTCD-25MAY2120-T108999.99,DELTA,30,100,32,9,126,no,62,100
2025-05-21T16:00:51.384861,KXBTCD-25MAY2120-T108999.99,DELTA,30,100,32,9,127,yes,9,-50
2025-05-21T16:00:51.385025,KXBTCD-25MAY2120-T108999.99,DELTA,30,100,32,9,128,yes,14,50
2025-05-21T16:00:51.444628,KXBTCD-25MAY2120-T108999.99,DELTA,30,100,32,9,129,yes,14,-50
2025-05-21T16:00:51.445423,KXBTCD-25MAY2120-T108999.99,DELTA,31,50,32,9,130,yes,31,50
2025-05-21T16:00:51.445989,KXBTCD-25MAY2120-T108999.99,DELTA,31,50,32,9,131,yes,13,-1000
2025-05-21T16:00:51.543515,KXBTCD-25MAY2120-T108999.99,DELTA,31,50,32,9,132,yes,11,-9
2025-05-21T16:00:51.544632,KXBTCD-25MAY2120-T108999.99,DELTA,31,50,33,1000,133,no,68,-9
2025-05-21T16:00:51.545476,KXBTCD-25MAY2120-T108999.99,DELTA,31,50,33,1000,134,yes,8,1000
2025-05-21T16:00:51.563207,KXBTCD-25MAY2120-T108999.99,DELTA,31,50,33,1000,135,yes,7,-4628
2025-05-21T16:00:51.563926,KXBTCD-25MAY2120-T108999.99,DELTA,31,50,33,1000,136,yes,9,3600
2025-05-21T16:00:51.684468,KXBTCD-25MAY2120-T108999.99,DELTA,31,50,33,1000,137,yes,8,-20000
2025-05-21T16:00:51.684663,KXBTCD-25MAY2120-T108999.99,DELTA,31,50,33,1000,138,yes,10,1250
2025-05-21T16:00:51.704446,KXBTCD-25MAY2120-T108999.99,DELTA,31,50,33,1000,139,yes,8,-2000
2025-05-21T16:00:51.704675,KXBTCD-25MAY2120-T108999.99,DELTA,31,50,33,1000,140,yes,8,-1000
2025-05-21T16:00:51.804250,KXBTCD-25MAY2120-T108999.99,DELTA,31,50,33,1000,141,yes,11,9
2025-05-21T16:00:51.824551,KXBTCD-25MAY2120-T108999.99,DELTA,31,50,33,1000,142,yes,10,20000
2025-05-21T16:00:51.825055,KXBTCD-25MAY2120-T108999.99,DELTA,31,50,33,1000,143,yes,10,2000
2025-05-21T16:00:51.825394,KXBTCD-25MAY2120-T108999.99,DELTA,31,50,33,1000,144,yes,10,1000
2025-05-21T16:00:52.184542,KXBTCD-25MAY2120-T108999.99,DELTA,31,50,33,1000,145,yes,21,24
2025-05-21T16:00:52.203715,KXBTCD-25MAY2120-T108999.99,DELTA,31,50,33,1000,146,no,62,24
2025-05-21T16:00:52.809029,KXBTCD-25MAY2120-T108999.99,DELTA,31,50,33,1000,147,yes,9,-3600
2025-05-21T16:00:52.809944,KXBTCD-25MAY2120-T108999.99,DELTA,31,50,33,1000,148,yes,7,4628
2025-05-21T16:00:52.923924,KXBTCD-25MAY2120-T108999.99,DELTA,31,50,33,1000,149,yes,11,-9
2025-05-21T16:00:52.924548,KXBTCD-25MAY2120-T108999.99,DELTA,31,50,33,1000,150,yes,10,-20000
2025-05-21T16:00:52.944768,KXBTCD-25MAY2120-T108999.99,DELTA,31,50,33,1000,151,yes,22,9
2025-05-21T16:00:52.945630,KXBTCD-25MAY2120-T108999.99,DELTA,31,50,33,1000,152,yes,10,-2000
2025-05-21T16:00:52.946197,KXBTCD-25MAY2120-T108999.99,DELTA,31,50,33,1000,153,yes,10,-1000
2025-05-21T16:00:52.963833,KXBTCD-25MAY2120-T108999.99,DELTA,31,50,33,1000,154,yes,10,-1250
2025-05-21T16:00:53.084941,KXBTCD-25MAY2120-T108999.99,DELTA,31,50,33,1000,155,yes,8,1000
2025-05-21T16:00:53.085773,KXBTCD-25MAY2120-T108999.99,DELTA,31,50,33,1000,156,yes,8,2000
2025-05-21T16:00:53.086346,KXBTCD-25MAY2120-T108999.99,DELTA,31,50,33,1000,157,yes,8,20000
2025-05-21T16:00:53.086895,KXBTCD-25MAY2120-T108999.99,DELTA,31,50,33,1000,158,yes,8,1250
2025-05-21T16:00:53.983449,KXBTCD-25MAY2120-T108999.99,DELTA,31,50,33,1000,159,yes,7,-4628
2025-05-21T16:00:53.983723,KXBTCD-25MAY2120-T108999.99,DELTA,31,50,33,1000,160,yes,9,3600
2025-05-21T16:00:54.103824,KXBTCD-25MAY2120-T108999.99,DELTA,31,50,33,1000,161,yes,8,-20000
2025-05-21T16:00:54.123077,KXBTCD-25MAY2120-T108999.99,DELTA,31,50,33,1000,162,yes,8,-2000
2025-05-21T16:00:54.123476,KXBTCD-25MAY2120-T108999.99,DELTA,31,50,33,1000,163,yes,8,-1000
2025-05-21T16:00:54.142545,KXBTCD-25MAY2120-T108999.99,DELTA,31,50,33,1000,164,yes,8,-1250
2025-05-21T16:00:54.252966,KXBTCD-25MAY2120-T108999.99,DELTA,31,50,33,1000,165,yes,10,20000
2025-05-21T16:00:54.253506,KXBTCD-25MAY2120-T108999.99,DELTA,31,50,33,1000,166,yes,10,1000
2025-05-21T16:00:54.263398,KXBTCD-25MAY2120-T108999.99,DELTA,31,50,33,1000,167,yes,10,2000
2025-05-21T16:00:54.263728,KXBTCD-25MAY2120-T108999.99,DELTA,31,50,33,1000,168,yes,10,1250
2025-05-21T16:00:54.563718,KXBTCD-25MAY2120-T108999.99,DELTA,31,50,33,1000,169,yes,30,-100
2025-05-21T16:00:55.683837,KXBTCD-25MAY2120-T108999.99,DELTA,31,50,33,1000,170,yes,30,100
2025-05-21T16:00:56.462716,KXBTCD-25MAY2120-T108999.99,DELTA,31,50,33,1000,171,yes,30,-100
2025-05-21T16:00:56.523482,KXBTCD-25MAY2120-T108999.99,DELTA,22,9,33,1000,172,yes,31,-50
2025-05-21T16:00:56.524325,KXBTCD-25MAY2120-T108999.99,DELTA,22,9,33,1000,173,yes,11,50
2025-05-21T16:00:56.663936,KXBTCD-25MAY2120-T108999.99,DELTA,22,9,33,1000,174,yes,10,-1000
2025-05-21T16:00:56.784194,KXBTCD-25MAY2120-T108999.99,DELTA,22,9,33,1000,175,yes,12,1000
2025-05-21T16:00:57.207952,KXBTCD-25MAY2120-T108999.99,DELTA,30,100,33,1000,176,yes,30,100
2025-05-21T16:00:57.242811,KXBTCD-25MAY2120-T108999.99,DELTA,30,100,33,1000,177,yes,11,-50
2025-05-21T16:00:57.243858,KXBTCD-25MAY2120-T108999.99,DELTA,31,50,33,1000,178,yes,31,50
2025-05-21T16:00:57.362531,KXBTCD-25MAY2120-T108999.99,DELTA,31,50,33,1000,179,yes,12,-1000
2025-05-21T16:00:57.503724,KXBTCD-25MAY2120-T108999.99,DELTA,31,50,33,1000,180,yes,10,1000
2025-05-21T16:00:58.129768,KXBTCD-25MAY2120-T108999.99,DELTA,31,50,33,1000,181,no,13,-8000
2025-05-21T16:00:58.166134,KXBTCD-25MAY2120-T108999.99,DELTA,31,50,33,1000,182,no,14,8000
2025-05-21T16:00:58.942610,KXBTCD-25MAY2120-T108999.99,DELTA,31,50,33,1000,183,yes,9,-3600
2025-05-21T16:00:58.942884,KXBTCD-25MAY2120-T108999.99,DELTA,31,50,33,1000,184,yes,7,4628
2025-05-21T16:00:58.982976,KXBTCD-25MAY2120-T108999.99,DELTA,31,50,33,1000,185,no,14,-2314
2025-05-21T16:00:58.983145,KXBTCD-25MAY2120-T108999.99,DELTA,31,50,33,1000,186,no,15,2160
2025-05-21T16:00:59.062911,KXBTCD-25MAY2120-T108999.99,DELTA,31,50,33,1000,187,yes,10,-20000
2025-05-21T16:00:59.083298,KXBTCD-25MAY2120-T108999.99,DELTA,31,50,33,1000,188,yes,10,-2000
2025-05-21T16:00:59.083823,KXBTCD-25MAY2120-T108999.99,DELTA,31,50,33,1000,189,yes,10,-1000
2025-05-21T16:00:59.103789,KXBTCD-25MAY2120-T108999.99,DELTA,31,50,33,1000,190,yes,10,-1250
2025-05-21T16:00:59.203680,KXBTCD-25MAY2120-T108999.99,DELTA,31,50,33,1000,191,yes,8,1250
2025-05-21T16:00:59.204637,KXBTCD-25MAY2120-T108999.99,DELTA,31,50,33,1000,192,yes,8,1000
2025-05-21T16:00:59.205145,KXBTCD-25MAY2120-T108999.99,DELTA,31,50,33,1000,193,yes,8,20000
2025-05-21T16:00:59.223590,KXBTCD-25MAY2120-T108999.99,DELTA,31,50,33,1000,194,yes,8,2000
2025-05-21T16:00:59.483370,KXBTCD-25MAY2120-T108999.99,DELTA,31,50,33,1000,195,yes,8,-1250
2025-05-21T16:00:59.864352,KXBTCD-25MAY2120-T108999.99,DELTA,31,29,33,1000,196,yes,31,-21
2025-05-21T16:00:59.924146,KXBTCD-25MAY2120-T108999.99,DELTA,31,29,33,1000,197,no,66,-50
2025-05-21T16:00:59.924479,KXBTCD-25MAY2120-T108999.99,DELTA,30,100,33,1000,198,yes,31,-29
2025-05-21T16:01:00.144982,KXBTCD-25MAY2120-T108999.99,DELTA,30,100,38,124,199,no,67,-1000
2025-05-21T16:01:00.164140,KXBTCD-25MAY2120-T108999.99,DELTA,30,100,37,1000,200,no,63,1000
2025-05-21T16:01:00.184507,KXBTCD-25MAY2120-T108999.99,DELTA,30,100,35,50,201,no,65,50
2025-05-21T16:01:00.204669,KXBTCD-25MAY2120-T108999.99,DELTA,31,50,35,50,202,yes,31,50
2025-05-21T16:01:00.224735,KXBTCD-25MAY2120-T108999.99,DELTA,31,50,37,1000,203,no,65,-50
2025-05-21T16:01:00.284487,KXBTCD-25MAY2120-T108999.99,DELTA,30,100,37,1000,204,yes,31,-50
2025-05-21T16:01:00.324110,KXBTCD-25MAY2120-T108999.99,DELTA,30,100,38,124,205,no,63,-1000
2025-05-21T16:01:00.425362,KXBTCD-25MAY2120-T108999.99,DELTA,30,100,37,1000,206,no,63,1000
2025-05-21T16:01:00.484002,KXBTCD-25MAY2120-T108999.99,DELTA,30,100,37,1000,207,yes,8,1250
2025-05-21T16:01:01.246295,KXBTCD-25MAY2120-T108999.99,DELTA,30,100,37,1000,208,yes,8,-1250
2025-05-21T16:01:01.263829,KXBTCD-25MAY2120-T108999.99,DELTA,30,100,36,50,209,no,64,50
2025-05-21T16:01:01.303701,KXBTCD-25MAY2120-T108999.99,DELTA,30,100,37,1000,210,no,64,-50
2025-05-21T16:01:01.325050,KXBTCD-25MAY2120-T108999.99,DELTA,31,50,37,1000,211,yes,31,50
2025-05-21T16:01:01.363480,KXBTCD-25MAY2120-T108999.99,DELTA,30,100,37,1000,212,yes,31,-50
2025-05-21T16:01:01.383857,KXBTCD-25MAY2120-T108999.99,DELTA,30,100,38,124,213,no,63,-1000
2025-05-21T16:01:01.463502,KXBTCD-25MAY2120-T108999.99,DELTA,30,100,38,124,214,yes,7,-4628
2025-05-21T16:01:01.464347,KXBTCD-25MAY2120-T108999.99,DELTA,30,100,38,124,215,yes,9,3600
2025-05-21T16:01:01.504022,KXBTCD-25MAY2120-T108999.99,DELTA,30,100,37,1000,216,no,63,1000
2025-05-21T16:01:01.583188,KXBTCD-25MAY2120-T108999.99,DELTA,30,100,37,1000,217,yes,8,-20000
2025-05-21T16:01:01.584604,KXBTCD-25MAY2120-T108999.99,DELTA,30,100,37,1000,218,yes,8,-2000
2025-05-21T16:01:01.585585,KXBTCD-25MAY2120-T108999.99,DELTA,30,100,37,1000,219,yes,10,1250
2025-05-21T16:01:01.603012,KXBTCD-25MAY2120-T108999.99,DELTA,30,100,37,1000,220,yes,8,-1000
2025-05-21T16:01:01.723904,KXBTCD-25MAY2120-T108999.99,DELTA,30,100,37,1000,221,yes,10,1000
2025-05-21T16:01:01.724815,KXBTCD-25MAY2120-T108999.99,DELTA,30,100,37,1000,222,yes,10,20000
2025-05-21T16:01:01.725433,KXBTCD-25MAY2120-T108999.99,DELTA,30,100,37,1000,223,yes,10,2000
2025-05-21T16:01:02.344557,KXBTCD-25MAY2120-T108999.99,DELTA,30,100,36,50,224,no,64,50
2025-05-21T16:01:02.403435,KXBTCD-25MAY2120-T108999.99,DELTA,22,9,36,50,225,yes,30,-100
2025-05-21T16:01:02.404606,KXBTCD-25MAY2120-T108999.99,DELTA,31,50,36,50,226,yes,31,50
2025-05-21T16:01:02.464348,KXBTCD-25MAY2120-T108999.99,DELTA,22,9,36,50,227,yes,31,-50
2025-05-21T16:01:02.465224,KXBTCD-25MAY2120-T108999.99,DELTA,22,9,36,50,228,yes,11,50
2025-05-21T16:01:02.482923,KXBTCD-25MAY2120-T108999.99,DELTA,22,9,36,50,229,no,63,-1000
2025-05-21T16:01:02.582917,KXBTCD-25MAY2120-T108999.99,DELTA,22,9,35,1000,230,no,65,1000
2025-05-21T16:01:02.602694,KXBTCD-25MAY2120-T108999.99,DELTA,22,9,35,1000,231,yes,10,-1000
2025-05-21T16:01:02.663132,KXBTCD-25MAY2120-T108999.99,DELTA,22,9,35,1000,232,no,64,-50
2025-05-21T16:01:02.663747,KXBTCD-25MAY2120-T108999.99,DELTA,22,9,34,50,233,no,66,50
2025-05-21T16:01:02.722851,KXBTCD-25MAY2120-T108999.99,DELTA,22,9,34,50,234,yes,12,1000
2025-05-21T16:01:02.744654,KXBTCD-25MAY2120-T108999.99,DELTA,22,9,34,50,235,yes,9,-3600
2025-05-21T16:01:02.745398,KXBTCD-25MAY2120-T108999.99,DELTA,22,9,34,50,236,yes,10,3240
2025-05-21T16:01:02.803878,KXBTCD-25MAY2120-T108999.99,DELTA,22,9,34,50,237,no,65,-1000
2025-05-21T16:01:02.862980,KXBTCD-25MAY2120-T108999.99,DELTA,22,9,33,9,238,no,67,9
2025-05-21T16:01:02.863383,KXBTCD-25MAY2120-T108999.99,DELTA,22,9,33,9,239,yes,13,9
2025-05-21T16:01:02.883371,KXBTCD-25MAY2120-T108999.99,DELTA,22,9,33,9,240,yes,10,-20000
2025-05-21T16:01:02.883556,KXBTCD-25MAY2120-T108999.99,DELTA,22,9,33,9,241,yes,10,-2000
2025-05-21T16:01:02.906867,KXBTCD-25MAY2120-T108999.99,DELTA,22,9,33,9,242,yes,10,-1250
2025-05-21T16:01:02.907163,KXBTCD-25MAY2120-T108999.99,DELTA,22,9,33,1009,243,no,67,1000
2025-05-21T16:01:03.003565,KXBTCD-25MAY2120-T108999.99,DELTA,22,9,33,1009,244,yes,11,2000
2025-05-21T16:01:03.003836,KXBTCD-25MAY2120-T108999.99,DELTA,22,9,33,1009,245,yes,11,20000
2025-05-21T16:01:03.022883,KXBTCD-25MAY2120-T108999.99,DELTA,22,9,33,1009,246,yes,11,1250
2025-05-21T16:01:04.022757,KXBTCD-25MAY2120-T108999.99,DELTA,30,100,33,1009,247,yes,30,100
2025-05-21T16:01:04.071247,KXBTCD-25MAY2120-T108999.99,DELTA,30,100,33,1009,248,yes,10,-3240
2025-05-21T16:01:04.071644,KXBTCD-25MAY2120-T108999.99,DELTA,30,100,33,1009,249,yes,7,4628
2025-05-21T16:01:04.087892,KXBTCD-25MAY2120-T108999.99,DELTA,30,100,33,1009,250,yes,11,-50
2025-05-21T16:01:04.088346,KXBTCD-25MAY2120-T108999.99,DELTA,31,50,33,1009,251,yes,31,50
2025-05-21T16:01:04.144588,KXBTCD-25MAY2120-T108999.99,DELTA,31,50,33,1009,252,yes,11,-20000
2025-05-21T16:01:04.145370,KXBTCD-25MAY2120-T108999.99,DELTA,31,50,33,1009,253,yes,13,-9
2025-05-21T16:01:04.145663,KXBTCD-25MAY2120-T108999.99,DELTA,31,50,33,1000,254,no,67,-9
2025-05-21T16:01:04.145867,KXBTCD-25MAY2120-T108999.99,DELTA,31,50,33,1000,255,yes,11,-2000
2025-05-21T16:01:04.163740,KXBTCD-25MAY2120-T108999.99,DELTA,31,50,33,1000,256,yes,11,-1250
2025-05-21T16:01:04.184180,KXBTCD-25MAY2120-T108999.99,DELTA,31,50,33,1000,257,yes,12,-1000
2025-05-21T16:01:04.204650,KXBTCD-25MAY2120-T108999.99,DELTA,31,50,33,1000,258,yes,8,2000
2025-05-21T16:01:04.223244,KXBTCD-25MAY2120-T108999.99,DELTA,31,50,33,1000,259,yes,8,20000
2025-05-21T16:01:04.283436,KXBTCD-25MAY2120-T108999.99,DELTA,31,50,33,1000,260,yes,8,1000
2025-05-21T16:01:05.383381,KXBTCD-25MAY2120-T108999.99,DELTA,31,50,33,1000,261,yes,7,-4628
2025-05-21T16:01:05.384439,KXBTCD-25MAY2120-T108999.99,DELTA,31,50,33,1000,262,yes,9,3600
2025-05-21T16:01:05.443903,KXBTCD-25MAY2120-T108999.99,DELTA,31,50,33,1000,263,yes,8,-20000
2025-05-21T16:01:05.463012,KXBTCD-25MAY2120-T108999.99,DELTA,31,50,33,1000,264,yes,8,-2000
2025-05-21T16:01:05.463675,KXBTCD-25MAY2120-T108999.99,DELTA,31,50,33,1000,265,yes,10,1250
2025-05-21T16:01:05.464192,KXBTCD-25MAY2120-T108999.99,DELTA,31,50,33,1000,266,yes,30,-100
2025-05-21T16:01:05.464924,KXBTCD-25MAY2120-T108999.99,DELTA,31,50,33,1000,267,yes,8,-1000
2025-05-21T16:01:05.523951,KXBTCD-25MAY2120-T108999.99,DELTA,31,50,33,1000,268,yes,10,1000
2025-05-21T16:01:05.525119,KXBTCD-25MAY2120-T108999.99,DELTA,31,50,33,1000,269,yes,10,2000
2025-05-21T16:01:05.525917,KXBTCD-25MAY2120-T108999.99,DELTA,31,50,33,1000,270,yes,10,20000
2025-05-21T16:01:06.343542,KXBTCD-25MAY2120-T108999.99,DELTA,31,50,33,1000,271,yes,30,100
2025-05-21T16:01:06.683278,KXBTCD-25MAY2120-T108999.99,DELTA,31,50,33,1000,272,yes,9,-3600
2025-05-21T16:01:06.683970,KXBTCD-25MAY2120-T108999.99,DELTA,31,50,33,1000,273,yes,10,3240
2025-05-21T16:01:06.763045,KXBTCD-25MAY2120-T108999.99,DELTA,31,50,33,1000,274,yes,10,-20000
2025-05-21T16:01:06.764025,KXBTCD-25MAY2120-T108999.99,DELTA,31,50,33,1000,275,yes,10,-2000
2025-05-21T16:01:06.783393,KXBTCD-25MAY2120-T108999.99,DELTA,31,50,33,1000,276,yes,10,-1000
2025-05-21T16:01:06.784031,KXBTCD-25MAY2120-T108999.99,DELTA,31,50,33,1000,277,yes,10,-1250
2025-05-21T16:01:06.842483,KXBTCD-25MAY2120-T108999.99,DELTA,31,50,33,1000,278,yes,11,2000
2025-05-21T16:01:06.842890,KXBTCD-25MAY2120-T108999.99,DELTA,31,50,33,1000,279,yes,11,20000
2025-05-21T16:01:06.843138,KXBTCD-25MAY2120-T108999.99,DELTA,31,50,33,1000,280,yes,11,1250
2025-05-21T16:01:06.843363,KXBTCD-25MAY2120-T108999.99,DELTA,31,50,33,1000,281,yes,11,1000
2025-05-21T16:01:07.703762,KXBTCD-25MAY2120-T108999.99,DELTA,31,50,33,1000,282,no,66,-50
2025-05-21T16:01:07.705222,KXBTCD-25MAY2120-T108999.99,DELTA,31,50,33,1000,283,no,64,50
2025-05-21T16:01:07.783146,KXBTCD-25MAY2120-T108999.99,DELTA,31,50,36,50,284,no,67,-1000
2025-05-21T16:01:07.844201,KXBTCD-25MAY2120-T108999.99,DELTA,31,50,38,124,285,no,64,-50
2025-05-21T16:01:07.844991,KXBTCD-25MAY2120-T108999.99,DELTA,31,50,37,50,286,no,63,50
2025-05-21T16:01:07.845565,KXBTCD-25MAY2120-T108999.99,DELTA,31,50,35,1000,287,no,65,1000
2025-05-21T16:01:07.902687,KXBTCD-25MAY2120-T108999.99,DELTA,31,50,35,1000,288,no,63,-50
2025-05-21T16:01:07.903686,KXBTCD-25MAY2120-T108999.99,DELTA,31,50,35,1000,289,no,64,50
2025-05-21T16:01:07.923052,KXBTCD-25MAY2120-T108999.99,DELTA,31,50,36,50,290,no,65,-1000
2025-05-21T16:01:07.962759,KXBTCD-25MAY2120-T108999.99,DELTA,31,50,36,1050,291,no,64,1000
2025-05-21T16:01:07.983402,KXBTCD-25MAY2120-T108999.99,DELTA,31,50,36,1000,292,no,64,-50
2025-05-21T16:01:07.984046,KXBTCD-25MAY2120-T108999.99,DELTA,31,50,36,1000,293,no,63,50
2025-05-21T16:01:08.023621,KXBTCD-25MAY2120-T108999.99,DELTA,31,50,37,50,294,no,64,-1000
2025-05-21T16:01:08.043463,KXBTCD-25MAY2120-T108999.99,DELTA,31,50,38,124,295,no,63,-50
2025-05-21T16:01:08.044424,KXBTCD-25MAY2120-T108999.99,DELTA,31,50,36,50,296,no,64,50
2025-05-21T16:01:08.064615,KXBTCD-25MAY2120-T108999.99,DELTA,31,50,36,1050,297,no,64,1000
2025-05-21T16:01:08.082553,KXBTCD-25MAY2120-T108999.99,DELTA,31,50,36,1050,298,yes,30,-100
2025-05-21T16:01:08.104232,KXBTCD-25MAY2120-T108999.99,DELTA,31,50,36,1000,299,no,64,-50
2025-05-21T16:01:08.105095,KXBTCD-25MAY2120-T108999.99,DELTA,31,50,36,1000,300,no,63,50
2025-05-21T16:01:08.124102,KXBTCD-25MAY2120-T108999.99,DELTA,31,50,37,50,301,no,64,-1000
2025-05-21T16:01:08.166910,KXBTCD-25MAY2120-T108999.99,DELTA,31,50,35,1000,302,no,65,1000
2025-05-21T16:01:08.167884,KXBTCD-25MAY2120-T108999.99,DELTA,31,50,35,1000,303,no,63,-50
2025-05-21T16:01:08.168746,KXBTCD-25MAY2120-T108999.99,DELTA,31,50,35,1000,304,no,64,50
2025-05-21T16:01:08.813769,KXBTCD-25MAY2120-T108999.99,DELTA,31,50,35,1000,305,no,62,-100
2025-05-21T16:01:08.814551,KXBTCD-25MAY2120-T108999.99,DELTA,31,150,35,1000,306,yes,31,100
2025-05-21T16:01:08.871261,KXBTCD-25MAY2120-T108999.99,DELTA,31,100,35,1000,307,yes,31,-50
2025-05-21T16:01:08.872080,KXBTCD-25MAY2120-T108999.99,DELTA,32,50,35,1000,308,yes,32,50
2025-05-21T16:01:08.926181,KXBTCD-25MAY2120-T108999.99,DELTA,32,50,36,50,309,no,65,-1000
2025-05-21T16:01:10.337015,KXBTCD-25MAY2120-T108999.99,DELTA,32,50,35,1000,310,no,65,1000
2025-05-21T16:01:10.337910,KXBTCD-25MAY2120-T108999.99,DELTA,32,50,35,1000,311,no,61,100
2025-05-21T16:01:10.338533,KXBTCD-25MAY2120-T108999.99,DELTA,32,50,35,1000,312,yes,31,-100
2025-05-21T16:01:10.543573,KXBTCD-25MAY2120-T108999.99,DELTA,32,50,35,1000,313,yes,10,-3240
2025-05-21T16:01:10.544561,KXBTCD-25MAY2120-T108999.99,DELTA,32,50,35,1000,314,yes,7,4628
2025-05-21T16:01:10.623845,KXBTCD-25MAY2120-T108999.99,DELTA,32,50,35,1000,315,yes,11,-20000
2025-05-21T16:01:10.624915,KXBTCD-25MAY2120-T108999.99,DELTA,32,50,35,1000,316,yes,11,-2000
2025-05-21T16:01:10.649963,KXBTCD-25MAY2120-T108999.99,DELTA,32,50,35,1000,317,yes,11,-1000
2025-05-21T16:01:10.653406,KXBTCD-25MAY2120-T108999.99,DELTA,32,50,35,1000,318,yes,11,-1250
2025-05-21T16:01:10.704080,KXBTCD-25MAY2120-T108999.99,DELTA,32,50,35,1000,319,yes,8,2000
2025-05-21T16:01:10.704724,KXBTCD-25MAY2120-T108999.99,DELTA,32,50,35,1000,320,yes,8,1000
2025-05-21T16:01:10.705235,KXBTCD-25MAY2120-T108999.99,DELTA,32,50,35,1000,321,yes,8,20000
2025-05-21T16:01:10.847862,KXBTCD-25MAY2120-T108999.99,DELTA,32,150,35,1000,322,yes,32,100
2025-05-21T16:01:10.921455,KXBTCD-25MAY2120-T108999.99,DELTA,32,100,35,1000,323,yes,32,-50
2025-05-21T16:01:10.922364,KXBTCD-25MAY2120-T108999.99,DELTA,33,50,35,1000,324,yes,33,50
2025-05-21T16:01:13.326024,KXBTCD-25MAY2120-T108999.99,DELTA,33,50,35,1000,325,yes,7,-4628
2025-05-21T16:01:13.327209,KXBTCD-25MAY2120-T108999.99,DELTA,33,50,35,1000,326,yes,9,3600
2025-05-21T16:01:13.329959,KXBTCD-25MAY2120-T108999.99,DELTA,33,50,35,1000,327,yes,8,-20000
2025-05-21T16:01:13.330742,KXBTCD-25MAY2120-T108999.99,DELTA,33,50,35,1000,328,yes,10,1250
2025-05-21T16:01:13.331429,KXBTCD-25MAY2120-T108999.99,DELTA,33,50,35,1000,329,yes,8,-2000
2025-05-21T16:01:13.332061,KXBTCD-25MAY2120-T108999.99,DELTA,33,50,35,1000,330,yes,8,-1000
2025-05-21T16:01:13.338136,KXBTCD-25MAY2120-T108999.99,DELTA,33,50,35,1000,331,yes,10,1000
2025-05-21T16:01:13.340713,KXBTCD-25MAY2120-T108999.99,DELTA,33,50,35,1000,332,yes,10,20000
2025-05-21T16:01:13.341250,KXBTCD-25MAY2120-T108999.99,DELTA,33,50,35,1000,333,yes,10,2000
2025-05-21T16:02:32.093349,KXBTCD-25MAY2120-T108999.99,SNAPSHOT,26,100,31,1000,1,,,
2025-05-21T16:02:32.866438,KXBTCD-25MAY2120-T108999.99,DELTA,26,100,31,1000,2,no,68,-50
2025-05-21T16:02:32.867211,KXBTCD-25MAY2120-T108999.99,DELTA,26,100,31,1000,3,no,66,50
2025-05-21T16:02:32.958497,KXBTCD-25MAY2120-T108999.99,DELTA,26,100,33,100,4,no,69,-1000
2025-05-21T16:02:32.986629,KXBTCD-25MAY2120-T108999.99,DELTA,26,100,32,1000,5,no,68,1000
2025-05-21T16:02:33.007656,KXBTCD-25MAY2120-T108999.99,DELTA,22,9,32,1000,6,yes,26,-100
2025-05-21T16:02:33.008578,KXBTCD-25MAY2120-T108999.99,DELTA,22,9,32,1000,7,no,67,-100
2025-05-21T16:02:33.107325,KXBTCD-25MAY2120-T108999.99,DELTA,22,9,34,50,8,no,68,-1000
2025-05-21T16:02:33.147838,KXBTCD-25MAY2120-T108999.99,DELTA,22,9,33,1000,9,no,67,1000
2025-05-21T16:02:33.545587,KXBTCD-25MAY2120-T108999.99,DELTA,22,9,33,1000,10,yes,7,-4628
2025-05-21T16:02:33.545881,KXBTCD-25MAY2120-T108999.99,DELTA,22,9,33,1000,11,yes,8,4050
2025-05-21T16:02:33.625256,KXBTCD-25MAY2120-T108999.99,DELTA,22,9,33,1000,12,yes,8,-20000
2025-05-21T16:02:33.625431,KXBTCD-25MAY2120-T108999.99,DELTA,22,9,33,1000,13,yes,8,-2000
2025-05-21T16:02:33.646086,KXBTCD-25MAY2120-T108999.99,DELTA,22,9,33,1000,14,yes,8,-1000
2025-05-21T16:02:33.646232,KXBTCD-25MAY2120-T108999.99,DELTA,22,9,33,1000,15,yes,8,-1250
2025-05-21T16:02:33.664345,KXBTCD-25MAY2120-T108999.99,DELTA,22,9,32,9,16,no,68,9
2025-05-21T16:02:33.667268,KXBTCD-25MAY2120-T108999.99,DELTA,22,9,32,9,17,yes,9,9
2025-05-21T16:02:33.686377,KXBTCD-25MAY2120-T108999.99,DELTA,22,9,32,9,18,yes,9,1000
2025-05-21T16:02:33.705117,KXBTCD-25MAY2120-T108999.99,DELTA,22,9,32,9,19,yes,9,1250
2025-05-21T16:02:33.705804,KXBTCD-25MAY2120-T108999.99,DELTA,22,9,32,9,20,yes,9,2000
2025-05-21T16:02:33.706234,KXBTCD-25MAY2120-T108999.99,DELTA,22,9,32,9,21,yes,9,20000
2025-05-21T16:02:33.766392,KXBTCD-25MAY2120-T108999.99,DELTA,21,24,32,9,22,yes,22,-9
2025-05-21T16:02:33.866142,KXBTCD-25MAY2120-T108999.99,DELTA,21,24,32,9,23,yes,10,9
2025-05-21T16:02:33.945960,KXBTCD-25MAY2120-T108999.99,DELTA,21,24,32,9,24,yes,10,-9
2025-05-21T16:02:34.114177,KXBTCD-25MAY2120-T108999.99,DELTA,21,24,32,9,25,no,65,100
2025-05-21T16:02:34.115370,KXBTCD-25MAY2120-T108999.99,DELTA,21,24,32,9,26,yes,11,9
2025-05-21T16:02:34.116141,KXBTCD-25MAY2120-T108999.99,DELTA,27,100,32,9,27,yes,27,100
2025-05-21T16:02:34.146962,KXBTCD-25MAY2120-T108999.99,DELTA,27,100,33,1000,28,no,68,-9
2025-05-21T16:02:34.168179,KXBTCD-25MAY2120-T108999.99,DELTA,27,100,33,1000,29,yes,9,-9
2025-05-21T16:02:34.412277,KXBTCD-25MAY2120-T108999.99,DELTA,27,100,33,1000,30,yes,21,-24
2025-05-21T16:02:34.492807,KXBTCD-25MAY2120-T108999.99,DELTA,27,100,33,1000,31,yes,22,24
2025-05-21T16:02:34.494279,KXBTCD-25MAY2120-T108999.99,DELTA,27,100,33,1000,32,no,62,-24
2025-05-21T16:02:34.495431,KXBTCD-25MAY2120-T108999.99,DELTA,27,100,33,1000,33,no,61,24
2025-05-21T16:02:34.657669,KXBTCD-25MAY2120-T108999.99,DELTA,27,100,33,1000,34,no,66,-50
2025-05-21T16:02:34.658187,KXBTCD-25MAY2120-T108999.99,DELTA,27,100,33,1000,35,no,65,50
2025-05-21T16:02:34.666170,KXBTCD-25MAY2120-T108999.99,DELTA,27,100,33,1000,36,yes,8,-4050
2025-05-21T16:02:34.666833,KXBTCD-25MAY2120-T108999.99,DELTA,27,100,33,1000,37,yes,7,4628
2025-05-21T16:02:34.831213,KXBTCD-25MAY2120-T108999.99,DELTA,27,100,35,150,38,no,67,-1000
2025-05-21T16:02:34.832045,KXBTCD-25MAY2120-T108999.99,DELTA,27,100,35,150,39,yes,9,-20000
2025-05-21T16:02:34.832488,KXBTCD-25MAY2120-T108999.99,DELTA,27,100,35,150,40,yes,9,-2000
2025-05-21T16:02:34.832732,KXBTCD-25MAY2120-T108999.99,DELTA,27,100,35,150,41,yes,9,-1000
2025-05-21T16:02:34.832908,KXBTCD-25MAY2120-T108999.99,DELTA,27,100,34,1000,42,no,66,1000
2025-05-21T16:02:34.833110,KXBTCD-25MAY2120-T108999.99,DELTA,27,100,34,1000,43,yes,9,-1250
2025-05-21T16:02:34.833552,KXBTCD-25MAY2120-T108999.99,DELTA,27,100,34,1000,44,yes,8,1000
2025-05-21T16:02:34.833708,KXBTCD-25MAY2120-T108999.99,DELTA,27,100,34,1000,45,yes,8,2000
2025-05-21T16:02:34.833865,KXBTCD-25MAY2120-T108999.99,DELTA,27,100,34,1000,46,yes,8,20000
2025-05-21T16:02:34.847301,KXBTCD-25MAY2120-T108999.99,DELTA,27,100,34,1000,47,yes,11,-9
2025-05-21T16:02:34.848261,KXBTCD-25MAY2120-T108999.99,DELTA,27,100,34,1000,48,no,52,9
2025-05-21T16:02:34.848694,KXBTCD-25MAY2120-T108999.99,DELTA,27,100,34,1000,49,yes,23,9
2025-05-21T16:02:34.892197,KXBTCD-25MAY2120-T108999.99,DELTA,23,9,34,1000,50,yes,27,-100
2025-05-21T16:02:34.906319,KXBTCD-25MAY2120-T108999.99,DELTA,23,9,34,1000,51,yes,8,1250
2025-05-21T16:02:35.032880,KXBTCD-25MAY2120-T108999.99,DELTA,23,9,34,3000,52,no,66,2000
2025-05-21T16:02:35.047048,KXBTCD-25MAY2120-T108999.99,DELTA,23,9,34,3000,53,no,65,-50
2025-05-21T16:02:35.047709,KXBTCD-25MAY2120-T108999.99,DELTA,23,9,34,3050,54,no,66,50
2025-05-21T16:02:35.087127,KXBTCD-25MAY2120-T108999.99,DELTA,23,9,34,3050,55,yes,8,-1250
2025-05-21T16:02:35.108453,KXBTCD-25MAY2120-T108999.99,DELTA,23,9,34,3050,56,no,65,-100
2025-05-21T16:02:35.167636,KXBTCD-25MAY2120-T108999.99,DELTA,23,9,34,1050,57,no,66,-2000
2025-05-21T16:02:35.168207,KXBTCD-25MAY2120-T108999.99,DELTA,23,9,34,50,58,no,66,-1000
2025-05-21T16:02:35.168525,KXBTCD-25MAY2120-T108999.99,DELTA,23,9,34,50,59,yes,9,9
2025-05-21T16:02:35.168806,KXBTCD-25MAY2120-T108999.99,DELTA,23,9,33,9,60,no,67,9
2025-05-21T16:02:35.192286,KXBTCD-25MAY2120-T108999.99,DELTA,23,9,33,1009,61,no,67,1000
2025-05-21T16:02:35.206671,KXBTCD-25MAY2120-T108999.99,DELTA,23,9,33,1009,62,no,41,2000
2025-05-21T16:02:35.207863,KXBTCD-25MAY2120-T108999.99,DELTA,23,9,33,1009,63,no,66,-50
2025-05-21T16:02:35.208560,KXBTCD-25MAY2120-T108999.99,DELTA,23,9,33,1009,64,no,52,50
2025-05-21T16:02:35.352223,KXBTCD-25MAY2120-T108999.99,DELTA,23,9,33,9,65,no,67,-1000
2025-05-21T16:02:35.386577,KXBTCD-25MAY2120-T108999.99,DELTA,23,9,33,9,66,no,53,1000
2025-05-21T16:02:35.807318,KXBTCD-25MAY2120-T108999.99,DELTA,23,9,33,9,67,yes,7,-4628
2025-05-21T16:02:35.808226,KXBTCD-25MAY2120-T108999.99,DELTA,23,9,33,9,68,yes,8,4050
2025-05-21T16:02:35.888271,KXBTCD-25MAY2120-T108999.99,DELTA,23,9,33,9,69,yes,8,-20000
2025-05-21T16:02:35.889206,KXBTCD-25MAY2120-T108999.99,DELTA,23,9,33,9,70,yes,9,1250
2025-05-21T16:02:35.890111,KXBTCD-25MAY2120-T108999.99,DELTA,23,9,33,9,71,yes,8,-2000
2025-05-21T16:02:35.907595,KXBTCD-25MAY2120-T108999.99,DELTA,23,9,33,9,72,yes,8,-1000
2025-05-21T16:02:35.927394,KXBTCD-25MAY2120-T108999.99,DELTA,22,24,33,9,73,yes,23,-9
2025-05-21T16:02:35.948244,KXBTCD-25MAY2120-T108999.99,DELTA,22,24,33,9,74,yes,9,9
2025-05-21T16:02:35.949614,KXBTCD-25MAY2120-T108999.99,DELTA,22,24,33,9,75,no,52,-9
2025-05-21T16:02:35.949771,KXBTCD-25MAY2120-T108999.99,DELTA,22,24,33,9,76,no,54,9
2025-05-21T16:02:35.949876,KXBTCD-25MAY2120-T108999.99,DELTA,22,24,33,9,77,yes,9,2000
2025-05-21T16:02:35.949966,KXBTCD-25MAY2120-T108999.99,DELTA,22,24,33,9,78,yes,9,20000
2025-05-21T16:02:35.950121,KXBTCD-25MAY2120-T108999.99,DELTA,22,24,33,9,79,yes,9,1000
2025-05-21T16:02:35.967833,KXBTCD-25MAY2120-T108999.99,DELTA,22,24,39,24,80,no,67,-9
2025-05-21T16:02:35.968000,KXBTCD-25MAY2120-T108999.99,DELTA,22,24,39,24,81,no,54,9
2025-05-21T16:02:36.065531,KXBTCD-25MAY2120-T108999.99,DELTA,28,100,39,24,82,yes,28,100
2025-05-21T16:02:36.410604,KXBTCD-25MAY2120-T108999.99,DELTA,22,24,39,24,83,yes,28,-100
2025-05-21T16:02:36.688294,KXBTCD-25MAY2120-T108999.99,DELTA,22,24,39,24,84,yes,9,-9
2025-05-21T16:02:36.689107,KXBTCD-25MAY2120-T108999.99,DELTA,22,24,39,24,85,yes,10,9
2025-05-21T16:02:36.806860,KXBTCD-25MAY2120-T108999.99,DELTA,22,24,36,100,86,no,64,100
2025-05-21T16:02:36.807739,KXBTCD-25MAY2120-T108999.99,DELTA,22,24,36,100,87,yes,9,-9
2025-05-21T16:02:36.889182,KXBTCD-25MAY2120-T108999.99,DELTA,22,24,36,100,88,yes,10,9
2025-05-21T16:02:36.911103,KXBTCD-25MAY2120-T108999.99,DELTA,22,24,36,100,89,no,52,-50
2025-05-21T16:02:36.912038,KXBTCD-25MAY2120-T108999.99,DELTA,22,24,35,50,90,no,65,50
2025-05-21T16:02:36.912663,KXBTCD-25MAY2120-T108999.99,DELTA,22,24,35,50,91,no,53,-1000
2025-05-21T16:02:37.091020,KXBTCD-25MAY2120-T108999.99,DELTA,22,24,35,1050,92,no,65,1000
2025-05-21T16:02:37.091809,KXBTCD-25MAY2120-T108999.99,DELTA,22,24,35,1050,93,no,54,-9
2025-05-21T16:02:37.092344,KXBTCD-25MAY2120-T108999.99,DELTA,22,24,35,1059,94,no,65,9
2025-05-21T16:02:37.092710,KXBTCD-25MAY2120-T108999.99,DELTA,22,24,35,1059,95,yes,8,-4050
2025-05-21T16:02:37.093016,KXBTCD-25MAY2120-T108999.99,DELTA,22,24,35,1059,96,yes,7,4628
2025-05-21T16:02:37.315483,KXBTCD-25MAY2120-T108999.99,DELTA,22,24,35,1059,97,yes,9,-20000
2025-05-21T16:02:37.316176,KXBTCD-25MAY2120-T108999.99,DELTA,22,24,35,59,98,no,65,-1000
2025-05-21T16:02:37.491948,KXBTCD-25MAY2120-T108999.99,DELTA,22,24,35,59,99,yes,9,-2000
2025-05-21T16:02:37.492541,KXBTCD-25MAY2120-T108999.99,DELTA,22,24,34,1000,100,no,66,1000
2025-05-21T16:02:37.495540,KXBTCD-25MAY2120-T108999.99,DELTA,22,24,34,1000,101,no,65,-9
2025-05-21T16:02:37.496597,KXBTCD-25MAY2120-T108999.99,DELTA,22,24,34,1009,102,no,66,9
2025-05-21T16:02:37.497469,KXBTCD-25MAY2120-T108999.99,DELTA,22,24,34,1009,103,yes,9,-1000
2025-05-21T16:02:37.613181,KXBTCD-25MAY2120-T108999.99,DELTA,22,24,34,1009,104,yes,9,-1250
2025-05-21T16:02:37.696779,KXBTCD-25MAY2120-T108999.99,DELTA,22,24,34,1009,105,no,54,-9
2025-05-21T16:02:37.697012,KXBTCD-25MAY2120-T108999.99,DELTA,22,24,34,1009,106,no,52,9
2025-05-21T16:02:37.709918,KXBTCD-25MAY2120-T108999.99,DELTA,22,24,34,1009,107,yes,8,1000
2025-05-21T16:02:37.710344,KXBTCD-25MAY2120-T108999.99,DELTA,22,24,34,1009,108,yes,8,2000
2025-05-21T16:02:37.710678,KXBTCD-25MAY2120-T108999.99,DELTA,22,24,34,1009,109,yes,8,20000
2025-05-21T16:02:37.710980,KXBTCD-25MAY2120-T108999.99,DELTA,28,100,34,1009,110,yes,28,100
2025-05-21T16:02:37.987270,KXBTCD-25MAY2120-T108999.99,DELTA,28,100,34,1000,111,no,66,-9
2025-05-21T16:02:37.988211,KXBTCD-25MAY2120-T108999.99,DELTA,28,100,33,9,112,no,67,9
2025-05-21T16:02:37.989044,KXBTCD-25MAY2120-T108999.99,DELTA,28,100,33,9,113,yes,10,-9
2025-05-21T16:02:37.989610,KXBTCD-25MAY2120-T108999.99,DELTA,28,100,33,9,114,yes,9,9
2025-05-21T16:02:38.337624,KXBTCD-25MAY2120-T108999.99,DELTA,22,24,33,9,115,yes,28,-100
2025-05-21T16:02:38.338098,KXBTCD-25MAY2120-T108999.99,DELTA,10,9,33,9,116,yes,22,-24
2025-05-21T16:02:38.338465,KXBTCD-25MAY2120-T108999.99,DELTA,24,24,33,9,117,yes,24,24
2025-05-21T16:02:38.683412,KXBTCD-25MAY2120-T108999.99,DELTA,24,24,33,9,118,yes,8,-1000
2025-05-21T16:02:38.683653,KXBTCD-25MAY2120-T108999.99,DELTA,24,24,33,9,119,no,61,-24
2025-05-21T16:02:38.683791,KXBTCD-25MAY2120-T108999.99,DELTA,24,24,33,9,120,no,59,24
2025-05-21T16:02:38.683901,KXBTCD-25MAY2120-T108999.99,DELTA,24,24,33,9,121,no,52,-9
2025-05-21T16:02:38.700403,KXBTCD-25MAY2120-T108999.99,DELTA,24,24,33,9,122,yes,10,-9
2025-05-21T16:02:38.700632,KXBTCD-25MAY2120-T108999.99,DELTA,24,24,33,9,123,yes,9,9
2025-05-21T16:02:38.846643,KXBTCD-25MAY2120-T108999.99,DELTA,26,24,33,9,124,yes,26,24
2025-05-21T16:02:38.846938,KXBTCD-25MAY2120-T108999.99,DELTA,26,24,33,9,125,yes,24,-24
2025-05-21T16:02:38.847027,KXBTCD-25MAY2120-T108999.99,DELTA,26,24,33,9,126,yes,8,1000
2025-05-21T16:02:38.851795,KXBTCD-25MAY2120-T108999.99,DELTA,26,24,33,9,127,yes,7,-4628
2025-05-21T16:02:38.851924,KXBTCD-25MAY2120-T108999.99,DELTA,26,24,33,9,128,yes,8,4050
2025-05-21T16:02:38.853664,KXBTCD-25MAY2120-T108999.99,DELTA,26,24,33,9,129,no,59,-24
2025-05-21T16:02:38.905660,KXBTCD-25MAY2120-T108999.99,DELTA,26,24,33,9,130,no,57,24
2025-05-21T16:02:38.908510,KXBTCD-25MAY2120-T108999.99,DELTA,26,24,33,9,131,yes,8,-20000
2025-05-21T16:02:39.111995,KXBTCD-25MAY2120-T108999.99,DELTA,26,24,33,9,132,yes,8,-2000
2025-05-21T16:02:39.112894,KXBTCD-25MAY2120-T108999.99,DELTA,26,24,33,9,133,no,65,-50
2025-05-21T16:02:39.113517,KXBTCD-25MAY2120-T108999.99,DELTA,26,24,33,9,134,no,64,50
2025-05-21T16:02:39.207843,KXBTCD-25MAY2120-T108999.99,DELTA,26,24,33,9,135,yes,8,-1000
2025-05-21T16:02:39.308672,KXBTCD-25MAY2120-T108999.99,DELTA,26,24,33,9,136,no,41,-2000
2025-05-21T16:02:39.387110,KXBTCD-25MAY2120-T108999.99,DELTA,26,24,33,9,137,yes,9,1000
2025-05-21T16:02:39.387883,KXBTCD-25MAY2120-T108999.99,DELTA,26,24,34,1000,138,no,67,-9
2025-05-21T16:02:39.388309,KXBTCD-25MAY2120-T108999.99,DELTA,26,24,34,1000,139,yes,9,20000
2025-05-21T16:02:39.388836,KXBTCD-25MAY2120-T108999.99,DELTA,26,24,34,1000,140,yes,9,2000
2025-05-21T16:02:39.396742,KXBTCD-25MAY2120-T108999.99,DELTA,26,24,34,1000,141,yes,9,-9
2025-05-21T16:02:39.397454,KXBTCD-25MAY2120-T108999.99,DELTA,26,24,36,150,142,no,66,-1000
2025-05-21T16:02:39.405461,KXBTCD-25MAY2120-T108999.99,DELTA,31,100,36,150,143,yes,31,100
2025-05-21T16:02:39.605362,KXBTCD-25MAY2120-T108999.99,DELTA,31,100,36,2150,144,no,64,2000
2025-05-21T16:02:39.605540,KXBTCD-25MAY2120-T108999.99,DELTA,31,100,35,1000,145,no,65,1000
2025-05-21T16:02:39.605620,KXBTCD-25MAY2120-T108999.99,DELTA,31,100,35,1000,146,no,64,-100
2025-05-21T16:02:39.805965,KXBTCD-25MAY2120-T108999.99,DELTA,31,100,35,1000,147,no,64,-2000
2025-05-21T16:02:39.906123,KXBTCD-25MAY2120-T108999.99,DELTA,31,100,35,1000,148,no,41,2000
2025-05-21T16:02:40.086917,KXBTCD-25MAY2120-T108999.99,DELTA,31,100,35,1000,149,yes,9,-9
2025-05-21T16:02:41.102538,KXBTCD-25MAY2120-T108999.99,DELTA,31,100,35,1000,150,yes,27,9
2025-05-21T16:02:41.103329,KXBTCD-25MAY2120-T108999.99,DELTA,31,100,35,1000,151,yes,9,1250
2025-05-21T16:02:41.103750,KXBTCD-25MAY2120-T108999.99,DELTA,31,100,35,1000,152,yes,26,-24
2025-05-21T16:02:41.104211,KXBTCD-25MAY2120-T108999.99,DELTA,31,100,35,1000,153,yes,24,24
2025-05-21T16:02:41.104967,KXBTCD-25MAY2120-T108999.99,DELTA,31,100,35,1000,154,no,57,-24
2025-05-21T16:02:41.319625,KXBTCD-25MAY2120-T108999.99,DELTA,27,9,35,1000,155,yes,31,-100
2025-05-21T16:02:41.319838,KXBTCD-25MAY2120-T108999.99,DELTA,27,9,35,1000,156,no,59,24
2025-05-21T16:02:41.319969,KXBTCD-25MAY2120-T108999.99,DELTA,27,9,35,1000,157,no,64,-50
2025-05-21T16:02:41.320085,KXBTCD-25MAY2120-T108999.99,DELTA,27,9,35,1050,158,no,65,50
2025-05-21T16:02:41.320194,KXBTCD-25MAY2120-T108999.99,DELTA,27,9,35,50,159,no,65,-1000
2025-05-21T16:02:41.320297,KXBTCD-25MAY2120-T108999.99,DELTA,27,9,34,1000,160,no,66,1000
2025-05-21T16:02:41.320396,KXBTCD-25MAY2120-T108999.99,DELTA,27,9,34,1009,161,no,66,9
2025-05-21T16:02:41.320496,KXBTCD-25MAY2120-T108999.99,DELTA,24,24,34,1009,162,yes,27,-9
2025-05-21T16:02:41.320597,KXBTCD-25MAY2120-T108999.99,DELTA,24,24,34,1009,163,yes,10,9
2025-05-21T16:02:41.320692,KXBTCD-25MAY2120-T108999.99,DELTA,24,24,34,1009,164,yes,10,9
2025-05-21T16:02:41.320789,KXBTCD-25MAY2120-T108999.99,DELTA,24,24,34,1009,165,no,63,100
2025-05-21T16:02:41.479456,KXBTCD-25MAY2120-T108999.99,DELTA,24,24,34,1009,166,no,63,-100
2025-05-21T16:02:41.493652,KXBTCD-25MAY2120-T108999.99,DELTA,24,24,34,1000,167,no,66,-9
2025-05-21T16:02:41.493991,KXBTCD-25MAY2120-T108999.99,DELTA,24,24,33,9,168,no,67,9
2025-05-21T16:02:41.663277,KXBTCD-25MAY2120-T108999.99,DELTA,24,24,33,9,169,no,65,-50
2025-05-21T16:02:41.663764,KXBTCD-25MAY2120-T108999.99,DELTA,24,24,33,9,170,no,66,50
2025-05-21T16:02:41.664497,KXBTCD-25MAY2120-T108999.99,DELTA,24,24,33,9,171,no,66,-1000
2025-05-21T16:02:41.691190,KXBTCD-25MAY2120-T108999.99,DELTA,24,24,33,1009,172,no,67,1000
2025-05-21T16:02:41.759925,KXBTCD-25MAY2120-T108999.99,DELTA,28,100,33,1009,173,yes,28,100
2025-05-21T16:02:41.766034,KXBTCD-25MAY2120-T108999.99,DELTA,28,100,33,1009,174,no,60,9
2025-05-21T16:02:41.864949,KXBTCD-25MAY2120-T108999.99,DELTA,28,100,33,1000,175,no,67,-9
2025-05-21T16:02:41.884954,KXBTCD-25MAY2120-T108999.99,DELTA,28,100,33,1000,176,yes,10,-9
2025-05-21T16:02:42.005486,KXBTCD-25MAY2120-T108999.99,DELTA,24,24,33,1000,177,yes,28,-100
2025-05-21T16:02:42.545529,KXBTCD-25MAY2120-T108999.99,DELTA,24,24,33,1000,178,no,63,100
2025-05-21T16:02:42.646174,KXBTCD-25MAY2120-T108999.99,DELTA,24,24,33,1000,179,no,60,-9
2025-05-21T16:02:42.886578,KXBTCD-25MAY2120-T108999.99,DELTA,24,24,33,1000,180,yes,8,-4050
2025-05-21T16:02:42.886806,KXBTCD-25MAY2120-T108999.99,DELTA,24,24,33,1000,181,yes,7,4628
2025-05-21T16:02:42.965190,KXBTCD-25MAY2120-T108999.99,DELTA,24,24,33,1000,182,yes,9,-20000
2025-05-21T16:02:42.984463,KXBTCD-25MAY2120-T108999.99,DELTA,24,24,33,1000,183,yes,9,-2000
2025-05-21T16:02:42.984746,KXBTCD-25MAY2120-T108999.99,DELTA,24,24,33,1000,184,yes,9,-1000
2025-05-21T16:02:43.006631,KXBTCD-25MAY2120-T108999.99,DELTA,24,24,33,1000,185,yes,9,-1250
2025-05-21T16:02:43.064699,KXBTCD-25MAY2120-T108999.99,DELTA,24,24,33,1000,186,yes,8,2000
2025-05-21T16:02:43.064905,KXBTCD-25MAY2120-T108999.99,DELTA,24,24,33,1000,187,yes,8,1000
2025-05-21T16:02:43.065580,KXBTCD-25MAY2120-T108999.99,DELTA,24,24,33,1000,188,yes,8,20000
2025-05-21T16:02:43.065685,KXBTCD-25MAY2120-T108999.99,DELTA,24,24,33,1000,189,yes,8,1250
2025-05-21T16:02:43.165679,KXBTCD-25MAY2120-T108999.99,DELTA,29,100,33,1000,190,yes,29,100
2025-05-21T16:02:43.425938,KXBTCD-25MAY2120-T108999.99,DELTA,29,100,33,1000,191,no,63,-100
2025-05-21T16:02:43.546640,KXBTCD-25MAY2120-T108999.99,DELTA,29,100,33,1000,192,yes,10,-9
2025-05-21T16:02:43.565497,KXBTCD-25MAY2120-T108999.99,DELTA,29,100,33,1000,193,yes,25,9
2025-05-21T16:02:44.466594,KXBTCD-25MAY2120-T108999.99,DELTA,29,100,33,1000,194,yes,8,-1250
2025-05-21T16:02:44.546016,KXBTCD-25MAY2120-T108999.99,DELTA,29,100,33,1000,195,no,66,-50
2025-05-21T16:02:44.546850,KXBTCD-25MAY2120-T108999.99,DELTA,29,100,33,1000,196,no,65,50
2025-05-21T16:02:44.586198,KXBTCD-25MAY2120-T108999.99,DELTA,29,100,33,1000,197,no,64,100
2025-05-21T16:02:44.647421,KXBTCD-25MAY2120-T108999.99,DELTA,29,100,35,50,198,no,67,-1000
2025-05-21T16:02:44.727563,KXBTCD-25MAY2120-T108999.99,DELTA,29,100,34,1000,199,no,66,1000
2025-05-21T16:02:53.547963,KXBTCD-25MAY2120-T108999.99,DELTA,29,100,34,1000,200,yes,8,1250
2025-05-21T16:02:53.571031,KXBTCD-25MAY2120-T108999.99,DELTA,29,100,34,1000,201,no,65,-50
2025-05-21T16:02:53.571370,KXBTCD-25MAY2120-T108999.99,DELTA,29,100,34,1050,202,no,66,50
2025-05-21T16:02:53.657197,KXBTCD-25MAY2120-T108999.99,DELTA,29,100,34,1050,203,yes,8,-1250
2025-05-21T16:02:53.676781,KXBTCD-25MAY2120-T108999.99,DELTA,29,100,34,50,204,no,66,-1000
2025-05-21T16:02:53.744370,KXBTCD-25MAY2120-T108999.99,DELTA,29,100,33,1000,205,no,67,1000
2025-05-21T16:02:54.389888,KXBTCD-25MAY2120-T108999.99,DELTA,29,100,33,1000,206,yes,8,1250
2025-05-21T16:02:56.445270,KXBTCD-25MAY2120-T108999.99,DELTA,29,100,33,1000,207,no,64,-100
2025-05-21T16:02:56.469416,KXBTCD-25MAY2120-T108999.99,DELTA,25,9,33,1000,208,yes,29,-100
2025-05-21T16:02:57.246220,KXBTCD-25MAY2120-T108999.99,DELTA,28,100,33,1000,209,yes,28,100
2025-05-21T16:02:57.247014,KXBTCD-25MAY2120-T108999.99,DELTA,28,100,33,1000,210,no,64,100
2025-05-21T16:02:57.358160,KXBTCD-25MAY2120-T108999.99,DELTA,28,100,33,1000,211,yes,25,-9
2025-05-21T16:02:57.358938,KXBTCD-25MAY2120-T108999.99,DELTA,28,100,33,1000,212,yes,9,9
2025-05-21T16:02:57.651376,KXBTCD-25MAY2120-T108999.99,DELTA,28,100,33,1000,213,no,64,-100
2025-05-21T16:02:58.574320,KXBTCD-25MAY2120-T108999.99,DELTA,28,100,33,1000,214,no,64,100
2025-05-21T16:02:58.790896,KXBTCD-25MAY2120-T108999.99,DELTA,28,100,33,1000,215,no,64,-100
2025-05-21T16:02:59.809732,KXBTCD-25MAY2120-T108999.99,DELTA,28,100,33,1000,216,no,65,100
2025-05-21T16:03:00.703470,KXBTCD-25MAY2120-T108999.99,DELTA,28,100,33,1000,217,yes,24,-24
2025-05-21T16:03:00.704333,KXBTCD-25MAY2120-T108999.99,DELTA,28,100,33,1000,218,yes,23,24
2025-05-21T16:03:00.704895,KXBTCD-25MAY2120-T108999.99,DELTA,28,100,33,1000,219,no,59,-24
2025-05-21T16:03:00.705543,KXBTCD-25MAY2120-T108999.99,DELTA,28,100,33,1000,220,no,60,24
2025-05-21T16:03:00.848384,KXBTCD-25MAY2120-T108999.99,DELTA,28,100,33,1000,221,no,66,-50
2025-05-21T16:03:00.848727,KXBTCD-25MAY2120-T108999.99,DELTA,28,100,33,1050,222,no,67,50
2025-05-21T16:03:00.979529,KXBTCD-25MAY2120-T108999.99,DELTA,28,100,33,50,223,no,67,-1000
2025-05-21T16:03:00.992240,KXBTCD-25MAY2120-T108999.99,DELTA,28,100,33,50,224,yes,9,-9
2025-05-21T16:03:00.992413,KXBTCD-25MAY2120-T108999.99,DELTA,28,100,33,50,225,yes,24,9
2025-05-21T16:03:00.992482,KXBTCD-25MAY2120-T108999.99,DELTA,28,100,32,1000,226,no,68,1000
2025-05-21T16:03:01.730506,KXBTCD-25MAY2120-T108999.99,DELTA,28,100,32,1000,227,no,65,-100
2025-05-21T16:03:01.731091,KXBTCD-25MAY2120-T108999.99,DELTA,24,9,32,1000,228,yes,28,-100
2025-05-21T16:03:01.879291,KXBTCD-25MAY2120-T108999.99,DELTA,23,24,32,1000,229,yes,24,-9
2025-05-21T16:03:01.883539,KXBTCD-25MAY2120-T108999.99,DELTA,23,24,32,1000,230,yes,9,9
2025-05-21T16:03:02.891250,KXBTCD-25MAY2120-T108999.99,DELTA,27,100,32,1000,231,yes,27,100
2025-05-21T16:03:02.897684,KXBTCD-25MAY2120-T108999.99,DELTA,27,100,32,1000,232,no,65,100
2025-05-21T16:03:03.572945,KXBTCD-25MAY2120-T108999.99,DELTA,27,100,32,1000,233,no,65,-100
2025-05-21T16:03:04.507744,KXBTCD-25MAY2120-T108999.99,DELTA,27,100,32,1000,234,no,66,100
2025-05-21T16:03:04.812219,KXBTCD-25MAY2120-T108999.99,DELTA,27,100,32,1000,235,no,5,20000
2025-05-21T16:03:06.480470,KXBTCD-25MAY2120-T108999.99,DELTA,23,24,32,1000,236,yes,27,-100
2025-05-21T16:03:07.577122,KXBTCD-25MAY2120-T108999.99,DELTA,26,100,32,1000,237,yes,26,100
2025-05-21T16:03:08.465202,KXBTCD-25MAY2120-T108999.99,DELTA,26,100,32,1000,238,yes,23,-24
2025-05-21T16:03:08.465730,KXBTCD-25MAY2120-T108999.99,DELTA,26,100,32,1000,239,yes,21,24
2025-05-21T16:03:08.493890,KXBTCD-25MAY2120-T108999.99,DELTA,26,100,32,1000,240,no,60,-24
2025-05-21T16:03:08.494546,KXBTCD-25MAY2120-T108999.99,DELTA,26,100,32,1000,241,no,62,24
2025-05-21T16:03:08.588783,KXBTCD-25MAY2120-T108999.99,DELTA,26,100,32,1000,242,yes,9,-9
2025-05-21T16:03:08.589136,KXBTCD-25MAY2120-T108999.99,DELTA,26,100,32,1000,243,yes,22,9
2025-05-21T16:03:10.066856,KXBTCD-25MAY2120-T108999.99,DELTA,26,100,32,1000,244,yes,7,-4628
2025-05-21T16:03:10.067759,KXBTCD-25MAY2120-T108999.99,DELTA,26,100,32,1000,245,no,19,-1705
2025-05-21T16:03:10.232384,KXBTCD-25MAY2120-T108999.99,DELTA,26,100,32,1000,246,yes,8,-20000
2025-05-21T16:03:10.233052,KXBTCD-25MAY2120-T108999.99,DELTA,26,100,32,1000,247,yes,8,-2000
2025-05-21T16:03:10.233300,KXBTCD-25MAY2120-T108999.99,DELTA,26,100,32,1000,248,yes,8,-1000
2025-05-21T16:03:10.252622,KXBTCD-25MAY2120-T108999.99,DELTA,26,100,32,1000,249,yes,8,-1250
2025-05-21T16:03:12.086851,KXBTCD-25MAY2120-T108999.99,DELTA,26,100,32,1000,250,no,67,-50
2025-05-21T16:03:12.087749,KXBTCD-25MAY2120-T108999.99,DELTA,26,100,31,50,251,no,69,50
2025-05-21T16:03:12.227338,KXBTCD-25MAY2120-T108999.99,DELTA,26,100,31,50,252,no,68,-1000
2025-05-21T16:03:12.349083,KXBTCD-25MAY2120-T108999.99,DELTA,26,100,30,1000,253,no,70,1000
2025-05-21T16:03:12.485666,KXBTCD-25MAY2120-T108999.99,DELTA,26,100,30,1000,254,no,66,-100
2025-05-21T16:03:13.656306,KXBTCD-25MAY2120-T108999.99,DELTA,26,100,30,1000,255,no,67,100
2025-05-21T16:03:15.365084,KXBTCD-25MAY2120-T108999.99,DELTA,26,100,30,1000,256,no,69,-50
2025-05-21T16:03:15.366017,KXBTCD-25MAY2120-T108999.99,DELTA,26,100,30,1000,257,no,67,50
2025-05-21T16:03:15.506788,KXBTCD-25MAY2120-T108999.99,DELTA,26,100,30,1000,258,no,41,-2000
2025-05-21T16:03:15.527461,KXBTCD-25MAY2120-T108999.99,DELTA,26,100,30,1000,259,no,67,-100
2025-05-21T16:03:15.528365,KXBTCD-25MAY2120-T108999.99,DELTA,26,100,33,50,260,no,70,-1000
2025-05-21T16:03:15.529055,KXBTCD-25MAY2120-T108999.99,DELTA,22,9,33,50,261,yes,26,-100
2025-05-21T16:03:15.626745,KXBTCD-25MAY2120-T108999.99,DELTA,22,9,32,1000,262,no,68,1000
2025-05-21T16:03:15.652338,KXBTCD-25MAY2120-T108999.99,DELTA,22,9,32,3000,263,no,68,2000
2025-05-21T16:03:15.746120,KXBTCD-25MAY2120-T108999.99,DELTA,22,9,32,1000,264,no,68,-2000
2025-05-21T16:03:15.927671,KXBTCD-25MAY2120-T108999.99,DELTA,22,9,32,1000,265,no,41,2000
2025-05-21T16:03:16.366327,KXBTCD-25MAY2120-T108999.99,DELTA,22,9,32,1000,266,no,65,100
2025-05-21T16:03:16.385429,KXBTCD-25MAY2120-T108999.99,DELTA,27,100,32,1000,267,yes,27,100
2025-05-21T16:03:16.486082,KXBTCD-25MAY2120-T108999.99,DELTA,27,100,32,1000,268,yes,22,-9
2025-05-21T16:03:16.486438,KXBTCD-25MAY2120-T108999.99,DELTA,27,100,32,1000,269,yes,7,9
2025-05-21T16:03:16.686008,KXBTCD-25MAY2120-T108999.99,DELTA,27,100,32,1000,270,yes,7,4628
2025-05-21T16:03:16.745586,KXBTCD-25MAY2120-T108999.99,DELTA,27,100,32,1000,271,no,19,1705
2025-05-21T16:03:16.806891,KXBTCD-25MAY2120-T108999.99,DELTA,27,100,32,1000,272,yes,8,1250
2025-05-21T16:03:16.807633,KXBTCD-25MAY2120-T108999.99,DELTA,27,100,32,1000,273,yes,8,20000
2025-05-21T16:03:16.828365,KXBTCD-25MAY2120-T108999.99,DELTA,27,100,32,1000,274,yes,8,1000
2025-05-21T16:03:16.829673,KXBTCD-25MAY2120-T108999.99,DELTA,27,100,32,1000,275,yes,8,2000
2025-05-21T16:03:26.596136,KXBTCD-25MAY2120-T108999.99,DELTA,21,24,32,1000,276,yes,27,-100
2025-05-21T16:03:26.731670,KXBTCD-25MAY2120-T108999.99,DELTA,21,24,31,9,277,no,69,9
2025-05-21T16:03:26.732644,KXBTCD-25MAY2120-T108999.99,DELTA,21,24,31,9,278,yes,9,9
2025-05-21T16:03:26.733315,KXBTCD-25MAY2120-T108999.99,DELTA,21,24,31,9,279,yes,7,-9
2025-05-21T16:03:26.734480,KXBTCD-25MAY2120-T108999.99,DELTA,21,24,31,9,280,yes,9,9
2025-05-21T16:03:27.271637,KXBTCD-25MAY2120-T108999.99,DELTA,21,24,31,9,281,no,67,-50
2025-05-21T16:03:27.272193,KXBTCD-25MAY2120-T108999.99,DELTA,21,24,31,9,282,no,68,50
2025-05-21T16:03:27.417040,KXBTCD-25MAY2120-T108999.99,DELTA,21,24,31,9,283,no,68,-1000
2025-05-21T16:03:27.420912,KXBTCD-25MAY2120-T108999.99,DELTA,21,24,31,9,284,no,52,9
2025-05-21T16:03:27.425418,KXBTCD-25MAY2120-T108999.99,DELTA,21,24,31,1009,285,no,69,1000
2025-05-21T16:03:27.596768,KXBTCD-25MAY2120-T108999.99,DELTA,27,100,31,1009,286,yes,27,100
2025-05-21T16:03:28.586282,KXBTCD-25MAY2120-T108999.99,DELTA,27,100,31,1009,287,no,65,-100
2025-05-21T16:03:28.789997,KXBTCD-25MAY2120-T108999.99,DELTA,27,100,31,1009,288,yes,22,9
2025-05-21T16:03:28.790965,KXBTCD-25MAY2120-T108999.99,DELTA,27,100,31,1000,289,no,69,-9
2025-05-21T16:03:28.791537,KXBTCD-25MAY2120-T108999.99,DELTA,27,100,31,1000,290,yes,9,-9
2025-05-21T16:03:28.791868,KXBTCD-25MAY2120-T108999.99,DELTA,27,100,31,1000,291,no,52,-9
2025-05-21T16:03:28.792146,KXBTCD-25MAY2120-T108999.99,DELTA,27,100,31,1000,292,yes,9,-9
2025-05-21T16:03:29.545736,KXBTCD-25MAY2120-T108999.99,DELTA,27,100,31,1000,293,no,66,100
2025-05-21T16:03:30.009789,KXBTCD-25MAY2120-T108999.99,DELTA,27,100,31,1000,294,yes,7,-4628
2025-05-21T16:03:30.009970,KXBTCD-25MAY2120-T108999.99,DELTA,27,100,31,1000,295,yes,8,4050
2025-05-21T16:03:30.187162,KXBTCD-25MAY2120-T108999.99,DELTA,27,100,31,1000,296,yes,8,-20000
2025-05-21T16:03:30.187886,KXBTCD-25MAY2120-T108999.99,DELTA,27,100,31,1000,297,yes,8,-2000
2025-05-21T16:03:30.188687,KXBTCD-25MAY2120-T108999.99,DELTA,27,100,31,1000,298,yes,8,-1000
2025-05-21T16:03:30.189350,KXBTCD-25MAY2120-T108999.99,DELTA,27,100,31,1000,299,yes,8,-1250
2025-05-21T16:03:30.359530,KXBTCD-25MAY2120-T108999.99,DELTA,27,100,31,1000,300,yes,9,1000
2025-05-21T16:03:30.360187,KXBTCD-25MAY2120-T108999.99,DELTA,27,100,31,1000,301,yes,9,20000
2025-05-21T16:03:30.360625,KXBTCD-25MAY2120-T108999.99,DELTA,27,100,31,1000,302,yes,9,2000
2025-05-21T16:03:30.361073,KXBTCD-25MAY2120-T108999.99,DELTA,27,100,31,1000,303,yes,9,1250
2025-05-21T16:03:31.000190,KXBTCD-25MAY2120-T108999.99,DELTA,22,9,31,1000,304,yes,27,-100
2025-05-21T16:03:31.175771,KXBTCD-25MAY2120-T108999.99,DELTA,22,9,31,1000,305,no,68,-50
2025-05-21T16:03:31.175988,KXBTCD-25MAY2120-T108999.99,DELTA,22,9,31,1050,306,no,69,50
2025-05-21T16:03:31.176324,KXBTCD-25MAY2120-T108999.99,DELTA,22,9,30,9,307,no,70,9
2025-05-21T16:03:31.176394,KXBTCD-25MAY2120-T108999.99,DELTA,22,9,30,9,308,yes,10,9
2025-05-21T16:03:31.176577,KXBTCD-25MAY2120-T108999.99,DELTA,21,24,30,9,309,yes,22,-9
2025-05-21T16:03:31.176645,KXBTCD-25MAY2120-T108999.99,DELTA,21,24,30,9,310,yes,10,9
2025-05-21T16:03:31.176858,KXBTCD-25MAY2120-T108999.99,DELTA,21,24,30,9,311,no,69,-1000
2025-05-21T16:03:31.179692,KXBTCD-25MAY2120-T108999.99,DELTA,21,24,30,9,312,no,66,-100
2025-05-21T16:03:31.350295,KXBTCD-25MAY2120-T108999.99,DELTA,21,24,30,9,313,yes,8,-4050
2025-05-21T16:03:31.350894,KXBTCD-25MAY2120-T108999.99,DELTA,21,24,30,9,314,yes,7,4628
2025-05-21T16:03:31.352010,KXBTCD-25MAY2120-T108999.99,DELTA,21,24,30,1009,315,no,70,1000
2025-05-21T16:03:31.367791,KXBTCD-25MAY2120-T108999.99,DELTA,21,24,30,1009,316,yes,9,-20000
2025-05-21T16:03:31.387246,KXBTCD-25MAY2120-T108999.99,DELTA,21,24,30,1009,317,yes,9,-2000
2025-05-21T16:03:31.388215,KXBTCD-25MAY2120-T108999.99,DELTA,21,24,30,1009,318,yes,9,-1000
2025-05-21T16:03:31.530344,KXBTCD-25MAY2120-T108999.99,DELTA,21,24,30,1009,319,yes,9,-1250
2025-05-21T16:03:31.534997,KXBTCD-25MAY2120-T108999.99,DELTA,21,24,30,1000,320,no,70,-9
2025-05-21T16:03:31.536461,KXBTCD-25MAY2120-T108999.99,DELTA,21,24,30,1000,321,yes,10,-9
2025-05-21T16:03:31.538190,KXBTCD-25MAY2120-T108999.99,DELTA,21,24,30,1000,322,yes,8,1250
2025-05-21T16:03:31.539249,KXBTCD-25MAY2120-T108999.99,DELTA,21,24,30,1000,323,yes,8,1000
2025-05-21T16:03:31.541365,KXBTCD-25MAY2120-T108999.99,DELTA,21,24,30,1000,324,yes,8,20000
2025-05-21T16:03:31.542049,KXBTCD-25MAY2120-T108999.99,DELTA,21,24,30,1000,325,yes,8,2000
2025-05-21T16:03:31.646104,KXBTCD-25MAY2120-T108999.99,DELTA,25,100,30,1000,326,yes,25,100
2025-05-21T16:03:32.046196,KXBTCD-25MAY2120-T108999.99,DELTA,25,100,30,1000,327,no,69,-50
2025-05-21T16:03:32.047090,KXBTCD-25MAY2120-T108999.99,DELTA,25,100,30,1000,328,no,68,50
2025-05-21T16:03:32.168217,KXBTCD-25MAY2120-T108999.99,DELTA,25,100,30,1000,329,yes,10,-9
2025-05-21T16:03:32.169233,KXBTCD-25MAY2120-T108999.99,DELTA,25,100,30,1000,330,yes,9,9
2025-05-21T16:03:32.170061,KXBTCD-25MAY2120-T108999.99,DELTA,25,100,32,50,331,no,70,-1000
2025-05-21T16:03:32.267503,KXBTCD-25MAY2120-T108999.99,DELTA,25,100,38,24,332,no,68,-50
2025-05-21T16:03:32.268260,KXBTCD-25MAY2120-T108999.99,DELTA,25,100,38,24,333,no,52,50
2025-05-21T16:03:32.285721,KXBTCD-25MAY2120-T108999.99,DELTA,25,100,31,1000,334,no,69,1000
2025-05-21T16:03:32.407189,KXBTCD-25MAY2120-T108999.99,DELTA,25,100,38,24,335,no,69,-1000
2025-05-21T16:03:32.487288,KXBTCD-25MAY2120-T108999.99,DELTA,25,100,38,24,336,yes,7,-4628
2025-05-21T16:03:32.488325,KXBTCD-25MAY2120-T108999.99,DELTA,25,100,38,24,337,yes,8,4050
2025-05-21T16:03:32.508337,KXBTCD-25MAY2120-T108999.99,DELTA,25,100,38,24,338,no,53,1000
2025-05-21T16:03:32.567647,KXBTCD-25MAY2120-T108999.99,DELTA,25,100,33,100,339,no,67,100
2025-05-21T16:03:32.608899,KXBTCD-25MAY2120-T108999.99,DELTA,25,100,33,100,340,no,53,9
2025-05-21T16:03:32.609336,KXBTCD-25MAY2120-T108999.99,DELTA,26,9,33,100,341,yes,26,9
2025-05-21T16:03:32.609863,KXBTCD-25MAY2120-T108999.99,DELTA,26,9,33,100,342,yes,8,-20000
2025-05-21T16:03:32.625404,KXBTCD-25MAY2120-T108999.99,DELTA,26,9,33,100,343,yes,8,-2000
2025-05-21T16:03:32.625830,KXBTCD-25MAY2120-T108999.99,DELTA,26,9,33,100,344,no,52,-50
2025-05-21T16:03:32.626002,KXBTCD-25MAY2120-T108999.99,DELTA,26,9,33,150,345,no,67,50
2025-05-21T16:03:32.626131,KXBTCD-25MAY2120-T108999.99,DELTA,26,9,33,150,346,yes,8,-1000
2025-05-21T16:03:32.646143,KXBTCD-25MAY2120-T108999.99,DELTA,26,9,33,150,347,yes,8,-1250
2025-05-21T16:03:32.688978,KXBTCD-25MAY2120-T108999.99,DELTA,26,9,33,150,348,no,53,-1000
2025-05-21T16:03:32.744728,KXBTCD-25MAY2120-T108999.99,DELTA,26,9,33,150,349,yes,9,1250
2025-05-21T16:03:32.786632,KXBTCD-25MAY2120-T108999.99,DELTA,26,9,33,150,350,yes,9,20000
2025-05-21T16:03:32.787240,KXBTCD-25MAY2120-T108999.99,DELTA,26,9,33,150,351,yes,9,2000
2025-05-21T16:03:32.787764,KXBTCD-25MAY2120-T108999.99,DELTA,26,9,33,150,352,yes,9,1000
2025-05-21T16:03:32.846504,KXBTCD-25MAY2120-T108999.99,DELTA,26,9,33,150,353,no,41,-2000
2025-05-21T16:03:32.847543,KXBTCD-25MAY2120-T108999.99,DELTA,26,9,32,1000,354,no,68,1000
2025-05-21T16:03:32.965860,KXBTCD-25MAY2120-T108999.99,DELTA,26,9,32,1000,355,yes,10,9
2025-05-21T16:03:32.966935,KXBTCD-25MAY2120-T108999.99,DELTA,26,9,32,3000,356,no,68,2000
2025-05-21T16:03:32.967643,KXBTCD-25MAY2120-T108999.99,DELTA,26,9,32,3000,357,yes,9,-9
2025-05-21T16:03:33.071040,KXBTCD-25MAY2120-T108999.99,DELTA,25,100,32,3000,358,yes,26,-9
2025-05-21T16:03:33.085813,KXBTCD-25MAY2120-T108999.99,DELTA,25,100,32,3000,359,no,53,-9
2025-05-21T16:03:33.107888,KXBTCD-25MAY2120-T108999.99,DELTA,21,24,32,3000,360,yes,25,-100
2025-05-21T16:03:33.527478,KXBTCD-25MAY2120-T108999.99,DELTA,21,24,32,3000,361,no,67,-100
2025-05-21T16:03:33.648601,KXBTCD-25MAY2120-T108999.99,DELTA,21,24,31,9,362,no,69,9
2025-05-21T16:03:33.649446,KXBTCD-25MAY2120-T108999.99,DELTA,21,24,31,9,363,yes,10,9
2025-05-21T16:03:33.649952,KXBTCD-25MAY2120-T108999.99,DELTA,21,24,31,9,364,no,68,-2000
2025-05-21T16:03:33.727183,KXBTCD-25MAY2120-T108999.99,DELTA,21,24,31,9,365,yes,8,-4050
2025-05-21T16:03:33.728537,KXBTCD-25MAY2120-T108999.99,DELTA,21,24,31,9,366,yes,7,4628
2025-05-21T16:03:33.766905,KXBTCD-25MAY2120-T108999.99,DELTA,21,24,31,9,367,no,41,2000
2025-05-21T16:03:33.847090,KXBTCD-25MAY2120-T108999.99,DELTA,21,24,31,9,368,yes,9,-20000
2025-05-21T16:03:33.865386,KXBTCD-25MAY2120-T108999.99,DELTA,21,24,31,9,369,yes,9,-2000
2025-05-21T16:03:33.866160,KXBTCD-25MAY2120-T108999.99,DELTA,21,24,31,9,370,yes,9,-1000
2025-05-21T16:03:33.886623,KXBTCD-25MAY2120-T108999.99,DELTA,21,24,31,9,371,yes,9,-1250
2025-05-21T16:03:33.986151,KXBTCD-25MAY2120-T108999.99,DELTA,21,24,31,9,372,yes,8,20000
2025-05-21T16:03:34.007935,KXBTCD-25MAY2120-T108999.99,DELTA,21,24,31,9,373,yes,8,1000
2025-05-21T16:03:34.009041,KXBTCD-25MAY2120-T108999.99,DELTA,21,24,31,9,374,yes,8,1250
2025-05-21T16:03:34.009700,KXBTCD-25MAY2120-T108999.99,DELTA,21,24,31,9,375,yes,8,2000
2025-05-21T16:03:34.027272,KXBTCD-25MAY2120-T108999.99,DELTA,26,100,31,9,376,yes,26,100
2025-05-21T16:03:34.108492,KXBTCD-25MAY2120-T108999.99,DELTA,26,100,31,9,377,yes,10,-9
2025-05-21T16:03:34.109557,KXBTCD-25MAY2120-T108999.99,DELTA,26,100,31,9,378,yes,9,9
2025-05-21T16:03:34.506861,KXBTCD-25MAY2120-T108999.99,DELTA,21,24,31,9,379,yes,26,-100
2025-05-21T16:03:34.587044,KXBTCD-25MAY2120-T108999.99,DELTA,21,24,31,9,380,yes,9,9
2025-05-21T16:03:34.587641,KXBTCD-25MAY2120-T108999.99,DELTA,21,24,31,9,381,yes,10,-9
2025-05-21T16:03:34.645352,KXBTCD-25MAY2120-T108999.99,DELTA,21,24,31,9,382,no,65,100
2025-05-21T16:03:34.727462,KXBTCD-25MAY2120-T108999.99,DELTA,23,24,31,9,383,yes,23,24
2025-05-21T16:03:34.728366,KXBTCD-25MAY2120-T108999.99,DELTA,23,24,31,9,384,yes,21,-24
2025-05-21T16:03:34.729121,KXBTCD-25MAY2120-T108999.99,DELTA,23,24,31,9,385,no,60,24
2025-05-21T16:03:34.729612,KXBTCD-25MAY2120-T108999.99,DELTA,23,24,31,9,386,no,62,-24
2025-05-21T16:03:34.945674,KXBTCD-25MAY2120-T108999.99,DELTA,23,24,31,9,387,yes,7,-4628
2025-05-21T16:03:34.946667,KXBTCD-25MAY2120-T108999.99,DELTA,23,24,31,9,388,yes,8,4050
2025-05-21T16:03:35.045115,KXBTCD-25MAY2120-T108999.99,DELTA,23,24,31,9,389,yes,9,-9
2025-05-21T16:03:35.068201,KXBTCD-25MAY2120-T108999.99,DELTA,23,24,32,1000,390,no,69,-9
2025-05-21T16:03:35.086169,KXBTCD-25MAY2120-T108999.99,DELTA,23,24,32,1000,391,yes,8,-20000
2025-05-21T16:03:35.086331,KXBTCD-25MAY2120-T108999.99,DELTA,23,24,32,1000,392,yes,8,-2000
2025-05-21T16:03:35.108093,KXBTCD-25MAY2120-T108999.99,DELTA,23,24,32,1000,393,yes,8,-1000
2025-05-21T16:03:35.108337,KXBTCD-25MAY2120-T108999.99,DELTA,23,24,32,1000,394,yes,8,-1250
2025-05-21T16:03:35.188450,KXBTCD-25MAY2120-T108999.99,DELTA,23,24,32,1000,395,no,67,-50
2025-05-21T16:03:35.189494,KXBTCD-25MAY2120-T108999.99,DELTA,23,24,32,1000,396,no,66,50
2025-05-21T16:03:35.209337,KXBTCD-25MAY2120-T108999.99,DELTA,27,100,32,1000,397,yes,27,100
2025-05-21T16:03:35.228948,KXBTCD-25MAY2120-T108999.99,DELTA,27,100,32,1000,398,yes,9,1250
2025-05-21T16:03:35.229568,KXBTCD-25MAY2120-T108999.99,DELTA,27,100,32,1000,399,yes,9,2000
2025-05-21T16:03:35.230106,KXBTCD-25MAY2120-T108999.99,DELTA,27,100,32,1000,400,yes,9,20000
2025-05-21T16:03:35.246790,KXBTCD-25MAY2120-T108999.99,DELTA,27,100,32,1000,401,yes,9,1000
2025-05-21T16:03:35.327975,KXBTCD-25MAY2120-T108999.99,DELTA,27,100,34,50,402,no,68,-1000
2025-05-21T16:03:35.346158,KXBTCD-25MAY2120-T108999.99,DELTA,27,100,34,50,403,yes,10,9
2025-05-21T16:03:35.347350,KXBTCD-25MAY2120-T108999.99,DELTA,27,100,34,50,404,yes,9,-9
2025-05-21T16:03:35.446489,KXBTCD-25MAY2120-T108999.99,DELTA,27,100,33,1000,405,no,67,1000
2025-05-21T16:03:35.508345,KXBTCD-25MAY2120-T108999.99,DELTA,27,100,33,1000,406,no,66,-50
2025-05-21T16:03:35.509194,KXBTCD-25MAY2120-T108999.99,DELTA,27,100,33,1000,407,no,65,50
2025-05-21T16:03:35.647215,KXBTCD-25MAY2120-T108999.99,DELTA,27,100,33,1000,408,no,41,-2000
2025-05-21T16:03:35.648413,KXBTCD-25MAY2120-T108999.99,DELTA,27,100,35,150,409,no,67,-1000
2025-05-21T16:03:35.757198,KXBTCD-25MAY2120-T108999.99,DELTA,27,100,34,2000,410,no,66,2000
2025-05-21T16:03:35.768294,KXBTCD-25MAY2120-T108999.99,DELTA,27,100,34,3000,411,no,66,1000
2025-05-21T16:03:36.147829,KXBTCD-25MAY2120-T108999.99,DELTA,23,24,34,3000,412,yes,27,-100
2025-05-21T16:03:36.268177,KXBTCD-25MAY2120-T108999.99,DELTA,23,24,34,3000,413,yes,10,9
2025-05-21T16:03:36.268381,KXBTCD-25MAY2120-T108999.99,DELTA,23,24,33,9,414,no,67,9
2025-05-21T16:03:36.386862,KXBTCD-25MAY2120-T108999.99,DELTA,23,24,33,9,415,yes,9,-1250
2025-05-21T16:03:36.387434,KXBTCD-25MAY2120-T108999.99,DELTA,23,24,33,9,416,no,66,-2000
2025-05-21T16:03:36.486793,KXBTCD-25MAY2120-T108999.99,DELTA,24,24,33,9,417,yes,24,24
2025-05-21T16:03:36.487701,KXBTCD-25MAY2120-T108999.99,DELTA,24,24,33,9,418,yes,23,-24
2025-05-21T16:03:36.488296,KXBTCD-25MAY2120-T108999.99,DELTA,24,24,33,9,419,no,41,2000
2025-05-21T16:03:36.506205,KXBTCD-25MAY2120-T108999.99,DELTA,24,24,33,9,420,no,58,24
2025-05-21T16:03:36.507111,KXBTCD-25MAY2120-T108999.99,DELTA,24,24,33,9,421,no,60,-24
2025-05-21T16:03:36.645363,KXBTCD-25MAY2120-T108999.99,DELTA,24,24,33,9,422,no,65,-100
2025-05-21T16:03:37.207023,KXBTCD-25MAY2120-T108999.99,DELTA,29,100,33,9,423,yes,29,100
2025-05-21T16:03:37.326544,KXBTCD-25MAY2120-T108999.99,DELTA,29,100,34,1000,424,no,67,-9
2025-05-21T16:03:37.327196,KXBTCD-25MAY2120-T108999.99,DELTA,29,100,34,1000,425,yes,10,-9
2025-05-21T16:03:37.327646,KXBTCD-25MAY2120-T108999.99,DELTA,29,100,34,1000,426,yes,25,9
2025-05-21T16:03:37.346910,KXBTCD-25MAY2120-T108999.99,DELTA,29,100,34,1000,427,yes,10,-9
2025-05-21T16:03:37.467258,KXBTCD-25MAY2120-T108999.99,DELTA,25,9,34,1000,428,yes,29,-100
2025-05-21T16:03:37.826809,KXBTCD-25MAY2120-T108999.99,DELTA,25,9,34,1000,429,no,62,100
2025-05-21T16:03:37.946610,KXBTCD-25MAY2120-T108999.99,DELTA,25,9,33,9,430,no,67,9
2025-05-21T16:03:37.947482,KXBTCD-25MAY2120-T108999.99,DELTA,25,9,33,9,431,yes,10,9
2025-05-21T16:03:38.246163,KXBTCD-25MAY2120-T108999.99,DELTA,31,10,33,9,432,yes,31,10
2025-05-21T16:03:38.390066,KXBTCD-25MAY2120-T108999.99,DELTA,31,10,33,9,433,yes,30,100
2025-05-21T16:03:38.390785,KXBTCD-25MAY2120-T108999.99,DELTA,31,10,33,9,434,yes,25,-9
2025-05-21T16:03:38.391197,KXBTCD-25MAY2120-T108999.99,DELTA,31,10,33,9,435,yes,10,9
2025-05-21T16:03:38.395128,KXBTCD-25MAY2120-T108999.99,DELTA,31,10,33,9,436,yes,10,-9
2025-05-21T16:03:38.395710,KXBTCD-25MAY2120-T108999.99,DELTA,31,10,34,1000,437,no,67,-9
2025-05-21T16:03:38.627494,KXBTCD-25MAY2120-T108999.99,DELTA,31,10,34,1000,438,yes,8,-4050
2025-05-21T16:03:38.628375,KXBTCD-25MAY2120-T108999.99,DELTA,31,10,34,1000,439,yes,7,4628
2025-05-21T16:03:38.767683,KXBTCD-25MAY2120-T108999.99,DELTA,31,10,34,1000,440,yes,9,-20000
2025-05-21T16:03:38.770317,KXBTCD-25MAY2120-T108999.99,DELTA,31,10,34,1000,441,yes,9,-2000
2025-05-21T16:03:38.787700,KXBTCD-25MAY2120-T108999.99,DELTA,31,10,34,1000,442,yes,9,-1000
2025-05-21T16:03:38.906512,KXBTCD-25MAY2120-T108999.99,DELTA,31,10,34,1000,443,yes,8,2000
2025-05-21T16:03:38.907557,KXBTCD-25MAY2120-T108999.99,DELTA,31,10,34,1000,444,yes,8,20000
2025-05-21T16:03:38.908090,KXBTCD-25MAY2120-T108999.99,DELTA,31,10,34,1000,445,yes,8,1000
2025-05-21T16:03:43.486607,KXBTCD-25MAY2120-T108999.99,DELTA,31,10,34,1000,446,no,62,-100
2025-05-21T16:03:43.605848,KXBTCD-25MAY2120-T108999.99,DELTA,31,10,34,1000,447,yes,10,-9
2025-05-21T16:03:43.628726,KXBTCD-25MAY2120-T108999.99,DELTA,31,10,34,1000,448,yes,25,9
2025-05-21T16:03:44.408302,KXBTCD-25MAY2120-T108999.99,DELTA,31,10,34,1000,449,no,63,100
2025-05-21T16:03:44.448297,KXBTCD-25MAY2120-T108999.99,DELTA,31,10,34,1000,450,yes,30,-100
2025-05-21T16:03:45.550700,KXBTCD-25MAY2120-T108999.99,DELTA,31,10,34,1000,451,no,63,-100
2025-05-21T16:03:45.628839,KXBTCD-25MAY2120-T108999.99,DELTA,31,10,34,1000,452,yes,29,100
2025-05-21T16:03:45.667962,KXBTCD-25MAY2120-T108999.99,DELTA,31,10,34,1000,453,yes,9,9
2025-05-21T16:03:45.694162,KXBTCD-25MAY2120-T108999.99,DELTA,31,10,34,1000,454,yes,25,-9
2025-05-21T16:03:46.729538,KXBTCD-25MAY2120-T108999.99,DELTA,31,10,34,1000,455,no,63,100
2025-05-21T16:03:46.988211,KXBTCD-25MAY2120-T108999.99,DELTA,31,10,34,1000,456,yes,25,9
2025-05-21T16:03:46.989140,KXBTCD-25MAY2120-T108999.99,DELTA,31,10,34,1000,457,yes,9,-9
2025-05-21T16:03:52.528053,KXBTCD-25MAY2120-T108999.99,DELTA,31,10,34,1000,458,no,63,-100
2025-05-21T16:03:53.446336,KXBTCD-25MAY2120-T108999.99,DELTA,31,10,34,1000,459,no,63,100
2025-05-21T16:03:54.447315,KXBTCD-25MAY2120-T108999.99,DELTA,31,10,34,1000,460,no,63,-100
2025-05-21T16:03:55.665536,KXBTCD-25MAY2120-T108999.99,DELTA,31,10,34,1000,461,no,64,100
2025-05-21T16:03:59.446504,KXBTCD-25MAY2120-T108999.99,DELTA,31,10,34,1000,462,yes,29,-100
2025-05-21T16:03:59.465568,KXBTCD-25MAY2120-T108999.99,DELTA,31,10,34,1000,463,no,64,-100
2025-05-21T16:03:59.566752,KXBTCD-25MAY2120-T108999.99,DELTA,31,10,34,1000,464,yes,25,-9
2025-05-21T16:03:59.568256,KXBTCD-25MAY2120-T108999.99,DELTA,31,10,34,1000,465,yes,9,9
2025-05-21T16:03:59.606917,KXBTCD-25MAY2120-T108999.99,DELTA,31,10,34,1000,466,no,65,-50
2025-05-21T16:03:59.607625,KXBTCD-25MAY2120-T108999.99,DELTA,31,10,34,1000,467,no,64,50
2025-05-21T16:03:59.726768,KXBTCD-25MAY2120-T108999.99,DELTA,31,10,36,50,468,no,66,-1000
2025-05-21T16:03:59.848155,KXBTCD-25MAY2120-T108999.99,DELTA,31,10,35,1000,469,no,65,1000
2025-05-21T16:04:00.009469,KXBTCD-25MAY2120-T108999.99,DELTA,31,10,35,1000,470,yes,30,100
2025-05-21T16:04:00.034297,KXBTCD-25MAY2120-T108999.99,DELTA,31,10,35,1000,471,no,62,100
2025-05-21T16:04:01.446833,KXBTCD-25MAY2120-T108999.99,DELTA,31,10,35,1000,472,yes,30,-100
2025-05-21T16:04:02.265356,KXBTCD-25MAY2120-T108999.99,DELTA,31,10,35,1000,473,no,64,-50
2025-05-21T16:04:02.265909,KXBTCD-25MAY2120-T108999.99,DELTA,31,10,35,1000,474,no,63,50
2025-05-21T16:04:02.266278,KXBTCD-25MAY2120-T108999.99,DELTA,31,10,35,1000,475,yes,26,24
2025-05-21T16:04:02.287076,KXBTCD-25MAY2120-T108999.99,DELTA,31,10,35,1000,476,no,57,24
2025-05-21T16:04:02.287661,KXBTCD-25MAY2120-T108999.99,DELTA,31,10,35,1000,477,yes,24,-24
2025-05-21T16:04:02.288062,KXBTCD-25MAY2120-T108999.99,DELTA,31,10,35,1000,478,no,58,-24
2025-05-21T16:04:02.345941,KXBTCD-25MAY2120-T108999.99,DELTA,31,10,35,1000,479,yes,30,100
2025-05-21T16:04:02.385367,KXBTCD-25MAY2120-T108999.99,DELTA,31,10,37,50,480,no,65,-1000
2025-05-21T16:04:02.489791,KXBTCD-25MAY2120-T108999.99,DELTA,31,10,36,1000,481,no,64,1000
2025-05-21T16:04:02.608257,KXBTCD-25MAY2120-T108999.99,DELTA,31,10,36,1000,482,yes,30,-100
2025-05-21T16:04:03.587214,KXBTCD-25MAY2120-T108999.99,DELTA,31,10,36,1000,483,no,51,-3000
2025-05-21T16:04:03.626435,KXBTCD-25MAY2120-T108999.99,DELTA,31,10,36,1000,484,yes,10,200
2025-05-21T16:04:03.646481,KXBTCD-25MAY2120-T108999.99,DELTA,31,110,36,1000,485,yes,31,100
2025-05-21T16:04:03.647046,KXBTCD-25MAY2120-T108999.99,DELTA,31,110,36,1000,486,no,40,-200
2025-05-21T16:04:03.647763,KXBTCD-25MAY2120-T108999.99,DELTA,31,110,36,1000,487,no,30,200
2025-05-21T16:04:03.685821,KXBTCD-25MAY2120-T108999.99,DELTA,31,110,36,1000,488,no,44,3000
2025-05-21T16:04:03.745688,KXBTCD-25MAY2120-T108999.99,DELTA,31,110,36,1000,489,yes,8,-2000
2025-05-21T16:04:03.766109,KXBTCD-25MAY2120-T108999.99,DELTA,31,110,36,1000,490,yes,8,-1000
2025-05-21T16:04:03.787152,KXBTCD-25MAY2120-T108999.99,DELTA,31,110,36,1000,491,no,41,-2000
2025-05-21T16:04:03.885310,KXBTCD-25MAY2120-T108999.99,DELTA,31,110,36,1000,492,yes,11,2000
2025-05-21T16:04:03.885693,KXBTCD-25MAY2120-T108999.99,DELTA,31,110,36,1000,493,yes,11,1000
2025-05-21T16:04:03.885881,KXBTCD-25MAY2120-T108999.99,DELTA,31,110,36,1000,494,no,31,2000
2025-05-21T16:04:04.368238,KXBTCD-25MAY2120-T108999.99,DELTA,31,10,36,1000,495,yes,31,-100
2025-05-21T16:04:04.388401,KXBTCD-25MAY2120-T108999.99,DELTA,31,10,36,1000,496,no,62,-100
2025-05-21T16:04:04.506601,KXBTCD-25MAY2120-T108999.99,DELTA,31,10,36,1000,497,yes,9,-9
2025-05-21T16:04:04.506975,KXBTCD-25MAY2120-T108999.99,DELTA,31,10,36,1000,498,yes,12,9
2025-05-21T16:04:04.564983,KXBTCD-25MAY2120-T108999.99,DELTA,31,10,36,1000,499,no,63,-50
2025-05-21T16:04:04.565519,KXBTCD-25MAY2120-T108999.99,DELTA,31,10,36,1000,500,no,62,50
2025-05-21T16:04:04.706905,KXBTCD-25MAY2120-T108999.99,DELTA,31,10,38,50,501,no,64,-1000
2025-05-21T16:04:04.807297,KXBTCD-25MAY2120-T108999.99,DELTA,31,10,37,1000,502,no,63,1000
2025-05-21T16:04:04.966864,KXBTCD-25MAY2120-T108999.99,DELTA,31,10,37,1000,503,yes,20,25
2025-05-21T16:04:05.066126,KXBTCD-25MAY2120-T108999.99,DELTA,31,10,37,1000,504,yes,7,-4628
2025-05-21T16:04:05.066532,KXBTCD-25MAY2120-T108999.99,DELTA,31,10,37,1000,505,yes,6,5400
2025-05-21T16:04:05.186603,KXBTCD-25MAY2120-T108999.99,DELTA,31,10,37,1000,506,no,60,100
2025-05-21T16:04:05.187405,KXBTCD-25MAY2120-T108999.99,DELTA,31,10,37,1000,507,yes,8,-20000
2025-05-21T16:04:05.206372,KXBTCD-25MAY2120-T108999.99,DELTA,32,100,37,1000,508,yes,32,100
2025-05-21T16:04:05.306608,KXBTCD-25MAY2120-T108999.99,DELTA,32,100,37,1000,509,yes,21,9
2025-05-21T16:04:05.307468,KXBTCD-25MAY2120-T108999.99,DELTA,32,100,37,1000,510,yes,12,-9
2025-05-21T16:04:05.308123,KXBTCD-25MAY2120-T108999.99,DELTA,32,100,37,1000,511,yes,7,20000
2025-05-21T16:04:07.427534,KXBTCD-25MAY2120-T108999.99,DELTA,32,100,37,1000,512,no,60,-100
2025-05-21T16:04:07.546166,KXBTCD-25MAY2120-T108999.99,DELTA,32,100,37,1000,513,yes,21,-9
2025-05-21T16:04:07.546757,KXBTCD-25MAY2120-T108999.99,DELTA,32,100,37,1000,514,yes,27,9
2025-05-21T16:04:08.106816,KXBTCD-25MAY2120-T108999.99,DELTA,32,100,37,1000,515,no,60,100
2025-05-21T16:04:08.445595,KXBTCD-25MAY2120-T108999.99,DELTA,32,100,37,1000,516,no,60,-100
2025-05-21T16:04:09.186246,KXBTCD-25MAY2120-T108999.99,DELTA,32,100,37,1000,517,no,60,100
2025-05-21T16:04:09.465750,KXBTCD-25MAY2120-T108999.99,DELTA,32,100,37,1000,518,no,60,-100
2025-05-21T16:04:10.187167,KXBTCD-25MAY2120-T108999.99,DELTA,32,100,37,1000,519,no,60,100
2025-05-21T16:04:10.262843,KXBTCD-25MAY2120-T108999.99,DELTA,32,100,37,1000,520,no,62,-50
2025-05-21T16:04:10.265196,KXBTCD-25MAY2120-T108999.99,DELTA,32,100,37,1050,521,no,63,50
2025-05-21T16:04:10.326289,KXBTCD-25MAY2120-T108999.99,DELTA,32,100,37,50,522,no,63,-1000
2025-05-21T16:04:10.371411,KXBTCD-25MAY2120-T108999.99,DELTA,32,100,36,1000,523,no,64,1000
2025-05-21T16:04:10.486055,KXBTCD-25MAY2120-T108999.99,DELTA,32,100,36,1000,524,no,60,-100
2025-05-21T16:04:11.166445,KXBTCD-25MAY2120-T108999.99,DELTA,32,100,36,1000,525,no,60,100
2025-05-21T16:04:11.386811,KXBTCD-25MAY2120-T108999.99,DELTA,32,100,36,1000,526,no,60,-100
2025-05-21T16:04:12.186621,KXBTCD-25MAY2120-T108999.99,DELTA,32,100,36,1000,527,no,61,100
2025-05-21T16:04:12.947291,KXBTCD-25MAY2120-T108999.99,DELTA,32,100,36,1000,528,no,63,-50
2025-05-21T16:04:12.948090,KXBTCD-25MAY2120-T108999.99,DELTA,32,100,36,1050,529,no,64,50
2025-05-21T16:04:13.008360,KXBTCD-25MAY2120-T108999.99,DELTA,31,10,36,1050,530,yes,32,-100
2025-05-21T16:04:13.026706,KXBTCD-25MAY2120-T108999.99,DELTA,31,10,36,50,531,no,64,-1000
2025-05-21T16:04:13.069895,KXBTCD-25MAY2120-T108999.99,DELTA,31,10,35,1000,532,no,65,1000
2025-05-21T16:04:13.226205,KXBTCD-25MAY2120-T108999.99,DELTA,31,10,35,1000,533,no,61,-100
2025-05-21T16:04:14.346279,KXBTCD-25MAY2120-T108999.99,DELTA,31,10,35,1000,534,yes,30,100
2025-05-21T16:04:14.347311,KXBTCD-25MAY2120-T108999.99,DELTA,31,10,35,1000,535,no,62,100
2025-05-21T16:04:14.627331,KXBTCD-25MAY2120-T108999.99,DELTA,31,10,35,1000,536,no,62,-100
2025-05-21T16:04:15.629761,KXBTCD-25MAY2120-T108999.99,DELTA,31,10,35,1000,537,no,62,100
2025-05-21T16:04:16.445956,KXBTCD-25MAY2120-T108999.99,DELTA,31,10,35,1000,538,no,62,-100
2025-05-21T16:04:17.767654,KXBTCD-25MAY2120-T108999.99,DELTA,31,10,35,1000,539,no,63,100
2025-05-21T16:04:19.428950,KXBTCD-25MAY2120-T108999.99,DELTA,31,10,35,1000,540,yes,30,-100
2025-05-21T16:04:19.429666,KXBTCD-25MAY2120-T108999.99,DELTA,31,10,35,1000,541,no,63,-100
2025-05-21T16:04:19.546932,KXBTCD-25MAY2120-T108999.99,DELTA,31,10,35,1000,542,yes,27,-9
2025-05-21T16:04:19.567022,KXBTCD-25MAY2120-T108999.99,DELTA,31,10,35,1000,543,yes,21,9
2025-05-21T16:04:19.889247,KXBTCD-25MAY2120-T108999.99,DELTA,31,10,35,1000,544,no,64,-50
2025-05-21T16:04:19.889906,KXBTCD-25MAY2120-T108999.99,DELTA,31,10,35,1000,545,no,63,50
2025-05-21T16:04:19.967218,KXBTCD-25MAY2120-T108999.99,DELTA,31,10,37,50,546,no,65,-1000
2025-05-21T16:04:20.005650,KXBTCD-25MAY2120-T108999.99,DELTA,31,10,36,1000,547,no,64,1000
2025-05-21T16:04:20.185214,KXBTCD-25MAY2120-T108999.99,DELTA,31,10,36,1000,548,no,61,100
2025-05-21T16:04:20.185965,KXBTCD-25MAY2120-T108999.99,DELTA,31,110,36,1000,549,yes,31,100
2025-05-21T16:04:20.325988,KXBTCD-25MAY2120-T108999.99,DELTA,31,110,36,1000,550,yes,27,9
2025-05-21T16:04:20.326658,KXBTCD-25MAY2120-T108999.99,DELTA,31,110,36,1000,551,yes,21,-9
2025-05-21T16:04:22.507120,KXBTCD-25MAY2120-T108999.99,DELTA,31,110,36,1000,552,no,61,-100
2025-05-21T16:04:23.806651,KXBTCD-25MAY2120-T108999.99,DELTA,31,110,36,1000,553,no,61,100
2025-05-21T16:04:23.906440,KXBTCD-25MAY2120-T108999.99,DELTA,31,110,36,1000,554,yes,6,-5400
2025-05-21T16:04:23.906789,KXBTCD-25MAY2120-T108999.99,DELTA,31,110,36,1000,555,yes,10,3240
2025-05-21T16:04:23.990862,KXBTCD-25MAY2120-T108999.99,DELTA,31,110,36,1000,556,yes,7,-20000
2025-05-21T16:04:24.025997,KXBTCD-25MAY2120-T108999.99,DELTA,31,110,36,1000,557,yes,11,20000
2025-05-21T16:04:26.527842,KXBTCD-25MAY2120-T108999.99,DELTA,31,110,36,1000,558,no,61,-100
2025-05-21T16:04:27.526188,KXBTCD-25MAY2120-T108999.99,DELTA,31,110,36,1000,559,no,62,100
2025-05-21T16:04:33.988056,KXBTCD-25MAY2120-T108999.99,DELTA,31,110,36,1000,560,no,63,-50
2025-05-21T16:04:33.989769,KXBTCD-25MAY2120-T108999.99,DELTA,31,110,36,1000,561,no,62,50
2025-05-21T16:04:34.006830,KXBTCD-25MAY2120-T108999.99,DELTA,31,110,36,1000,562,yes,11,-1000
2025-05-21T16:04:34.089307,KXBTCD-25MAY2120-T108999.99,DELTA,31,110,38,150,563,no,64,-1000
2025-05-21T16:04:34.090225,KXBTCD-25MAY2120-T108999.99,DELTA,31,1110,38,150,564,yes,31,1000
2025-05-21T16:04:34.129282,KXBTCD-25MAY2120-T108999.99,DELTA,31,1110,38,150,565,yes,28,24
2025-05-21T16:04:34.130255,KXBTCD-25MAY2120-T108999.99,DELTA,31,1110,38,150,566,no,55,24
2025-05-21T16:04:34.148569,KXBTCD-25MAY2120-T108999.99,DELTA,31,1110,38,150,567,yes,26,-24
2025-05-21T16:04:34.149313,KXBTCD-25MAY2120-T108999.99,DELTA,31,1110,37,1000,568,no,63,1000
2025-05-21T16:04:34.167354,KXBTCD-25MAY2120-T108999.99,DELTA,31,1110,37,1000,569,no,57,-24
2025-05-21T16:04:34.265721,KXBTCD-25MAY2120-T108999.99,DELTA,31,110,37,1000,570,yes,31,-1000
2025-05-21T16:04:34.345166,KXBTCD-25MAY2120-T108999.99,DELTA,32,1000,37,1000,571,yes,32,1000
2025-05-21T16:04:35.127203,KXBTCD-25MAY2120-T108999.99,DELTA,32,1000,37,1000,572,no,62,-100
2025-05-21T16:04:35.146775,KXBTCD-25MAY2120-T108999.99,DELTA,32,1000,37,1000,573,yes,31,-100
2025-05-21T16:04:35.226415,KXBTCD-25MAY2120-T108999.99,DELTA,31,10,37,1000,574,yes,32,-1000
2025-05-21T16:04:35.266398,KXBTCD-25MAY2120-T108999.99,DELTA,31,10,37,1000,575,yes,27,-9
2025-05-21T16:04:35.286820,KXBTCD-25MAY2120-T108999.99,DELTA,31,10,37,1000,576,yes,11,1000
2025-05-21T16:04:35.487069,KXBTCD-25MAY2120-T108999.99,DELTA,31,10,38,50,577,no,63,-1000
2025-05-21T16:04:35.525805,KXBTCD-25MAY2120-T108999.99,DELTA,31,10,38,1050,578,no,62,1000
2025-05-21T16:04:35.748765,KXBTCD-25MAY2120-T108999.99,DELTA,31,10,38,1000,579,no,62,-50
2025-05-21T16:04:35.749547,KXBTCD-25MAY2120-T108999.99,DELTA,31,10,38,1000,580,no,60,50
2025-05-21T16:04:35.826367,KXBTCD-25MAY2120-T108999.99,DELTA,31,10,40,50,581,no,62,-1000
2025-05-21T16:04:35.868320,KXBTCD-25MAY2120-T108999.99,DELTA,31,10,39,1000,582,no,61,1000
2025-05-21T16:04:35.946608,KXBTCD-25MAY2120-T108999.99,DELTA,31,10,39,1000,583,no,18,-8000
2025-05-21T16:04:35.987136,KXBTCD-25MAY2120-T108999.99,DELTA,31,10,39,1000,584,no,5,8000
2025-05-21T16:04:36.006134,KXBTCD-25MAY2120-T108999.99,DELTA,31,10,39,1000,585,yes,28,-24
2025-05-21T16:04:36.025951,KXBTCD-25MAY2120-T108999.99,DELTA,31,10,39,1000,586,yes,29,24
2025-05-21T16:04:36.026227,KXBTCD-25MAY2120-T108999.99,DELTA,31,10,39,1000,587,no,55,-24
2025-05-21T16:04:36.026333,KXBTCD-25MAY2120-T108999.99,DELTA,31,10,39,1000,588,no,54,24
2025-05-21T16:04:36.066136,KXBTCD-25MAY2120-T108999.99,DELTA,31,10,39,1000,589,yes,21,9
2025-05-21T16:04:36.367131,KXBTCD-25MAY2120-T108999.99,DELTA,31,10,39,1000,590,no,59,100
2025-05-21T16:04:36.387049,KXBTCD-25MAY2120-T108999.99,DELTA,33,100,39,1000,591,yes,33,100
2025-05-21T16:04:36.526158,KXBTCD-25MAY2120-T108999.99,DELTA,33,100,39,1000,592,yes,11,-1000
2025-05-21T16:04:36.566463,KXBTCD-25MAY2120-T108999.99,DELTA,33,1100,39,1000,593,yes,33,1000
2025-05-21T16:04:36.606766,KXBTCD-25MAY2120-T108999.99,DELTA,33,1000,39,1000,594,yes,33,-100
2025-05-21T16:04:36.687057,KXBTCD-25MAY2120-T108999.99,DELTA,31,10,39,1000,595,yes,33,-1000
2025-05-21T16:04:36.727135,KXBTCD-25MAY2120-T108999.99,DELTA,31,10,39,1000,596,yes,11,1000
2025-05-21T16:04:37.207571,KXBTCD-25MAY2120-T108999.99,DELTA,31,10,39,1000,597,yes,10,-3240
2025-05-21T16:04:37.208207,KXBTCD-25MAY2120-T108999.99,DELTA,31,10,39,1000,598,yes,7,4628
2025-05-21T16:04:37.248200,KXBTCD-25MAY2120-T108999.99,DELTA,31,10,39,1000,599,no,19,-1705
2025-05-21T16:04:37.248775,KXBTCD-25MAY2120-T108999.99,DELTA,31,10,39,1000,600,no,6,5400
2025-05-21T16:04:37.286244,KXBTCD-25MAY2120-T108999.99,DELTA,31,10,39,1000,601,yes,11,-20000
2025-05-21T16:04:37.307564,KXBTCD-25MAY2120-T108999.99,DELTA,31,10,39,1000,602,no,5,-20000
2025-05-21T16:04:37.326732,KXBTCD-25MAY2120-T108999.99,DELTA,31,10,39,1000,603,yes,8,20000
2025-05-21T16:04:37.387144,KXBTCD-25MAY2120-T108999.99,DELTA,31,10,39,1000,604,no,7,20000
2025-05-21T16:04:38.057433,KXBTCD-25MAY2120-T108999.99,DELTA,33,100,39,1000,605,yes,33,100
2025-05-21T16:04:38.058799,KXBTCD-25MAY2120-T108999.99,DELTA,35,11000,39,1000,606,yes,35,11000
2025-05-21T16:04:38.126188,KXBTCD-25MAY2120-T108999.99,DELTA,35,11000,39,1000,607,yes,21,-9
2025-05-21T16:04:38.247263,KXBTCD-25MAY2120-T108999.99,DELTA,35,11000,39,1000,608,yes,11,-1000
2025-05-21T16:04:38.286481,KXBTCD-25MAY2120-T108999.99,DELTA,35,11000,39,1000,609,yes,33,1000
2025-05-21T16:04:38.606580,KXBTCD-25MAY2120-T108999.99,DELTA,35,11000,39,1000,610,yes,7,-4628
2025-05-21T16:04:38.607811,KXBTCD-25MAY2120-T108999.99,DELTA,35,11000,39,1000,611,yes,9,3600
2025-05-21T16:04:38.697660,KXBTCD-25MAY2120-T108999.99,DELTA,35,11000,39,1000,612,no,6,-5400
2025-05-21T16:04:38.698456,KXBTCD-25MAY2120-T108999.99,DELTA,35,11000,39,1000,613,no,8,4050
2025-05-21T16:04:38.705881,KXBTCD-25MAY2120-T108999.99,DELTA,35,11000,39,1000,614,yes,8,-20000
2025-05-21T16:04:38.746515,KXBTCD-25MAY2120-T108999.99,DELTA,35,11000,39,1000,615,no,7,-20000
2025-05-21T16:04:38.747310,KXBTCD-25MAY2120-T108999.99,DELTA,35,11000,39,1000,616,yes,10,20000
2025-05-21T16:04:38.785190,KXBTCD-25MAY2120-T108999.99,DELTA,35,11000,39,1000,617,no,9,20000
2025-05-21T16:04:39.989932,KXBTCD-25MAY2120-T108999.99,DELTA,35,11000,39,1000,618,yes,9,-3600
2025-05-21T16:04:39.990652,KXBTCD-25MAY2120-T108999.99,DELTA,35,11000,39,1000,619,yes,7,4628
2025-05-21T16:04:40.046701,KXBTCD-25MAY2120-T108999.99,DELTA,35,11000,39,1000,620,no,8,-4050
2025-05-21T16:04:40.047108,KXBTCD-25MAY2120-T108999.99,DELTA,35,11000,39,1000,621,no,10,3240
2025-05-21T16:04:40.085344,KXBTCD-25MAY2120-T108999.99,DELTA,35,11000,39,1000,622,yes,10,-20000
2025-05-21T16:04:40.126205,KXBTCD-25MAY2120-T108999.99,DELTA,35,11000,39,1000,623,no,9,-20000
2025-05-21T16:04:40.152348,KXBTCD-25MAY2120-T108999.99,DELTA,35,11000,39,1000,624,yes,8,20000
2025-05-21T16:04:40.168746,KXBTCD-25MAY2120-T108999.99,DELTA,35,11000,39,1000,625,no,11,20000
2025-05-21T16:04:40.205953,KXBTCD-25MAY2120-T108999.99,DELTA,35,11000,39,1000,626,yes,33,-1000
2025-05-21T16:04:40.225719,KXBTCD-25MAY2120-T108999.99,DELTA,35,11000,39,1000,627,no,5,-8000
2025-05-21T16:04:40.269598,KXBTCD-25MAY2120-T108999.99,DELTA,35,11000,39,1000,628,no,6,8000
2025-05-21T16:04:40.270143,KXBTCD-25MAY2120-T108999.99,DELTA,35,11000,39,1000,629,yes,11,1000
2025-05-21T16:04:40.479259,KXBTCD-25MAY2120-T108999.99,DELTA,35,11000,39,1000,630,no,59,-100
2025-05-21T16:04:41.946283,KXBTCD-25MAY2120-T108999.99,DELTA,35,11000,39,1000,631,no,60,-50
2025-05-21T16:04:41.947216,KXBTCD-25MAY2120-T108999.99,DELTA,35,11000,39,1050,632,no,61,50
2025-05-21T16:04:42.034670,KXBTCD-25MAY2120-T108999.99,DELTA,35,11000,39,50,633,no,61,-1000
2025-05-21T16:04:42.067917,KXBTCD-25MAY2120-T108999.99,DELTA,35,11000,39,50,634,no,6,-8000
2025-05-21T16:04:42.068449,KXBTCD-25MAY2120-T108999.99,DELTA,35,11000,38,1000,635,no,62,1000
2025-05-21T16:04:42.108770,KXBTCD-25MAY2120-T108999.99,DELTA,35,11000,38,1000,636,no,7,8000
2025-05-21T16:04:42.906353,KXBTCD-25MAY2120-T108999.99,DELTA,35,11000,38,1000,637,no,60,100
2025-05-21T16:04:43.186227,KXBTCD-25MAY2120-T108999.99,DELTA,35,11000,38,1000,638,yes,28,24
2025-05-21T16:04:43.186808,KXBTCD-25MAY2120-T108999.99,DELTA,35,11000,38,1000,639,yes,29,-24
2025-05-21T16:04:43.187545,KXBTCD-25MAY2120-T108999.99,DELTA,35,11000,38,1000,640,no,54,-24
2025-05-21T16:04:43.187921,KXBTCD-25MAY2120-T108999.99,DELTA,35,11000,38,1000,641,no,55,24
2025-05-21T16:04:44.506405,KXBTCD-25MAY2120-T108999.99,DELTA,35,11000,38,1000,642,no,60,-100
2025-05-21T16:04:44.507076,KXBTCD-25MAY2120-T108999.99,DELTA,35,11000,38,1000,643,yes,33,-100
2025-05-21T16:04:44.626520,KXBTCD-25MAY2120-T108999.99,DELTA,35,11000,38,1000,644,yes,28,-24
2025-05-21T16:04:44.627294,KXBTCD-25MAY2120-T108999.99,DELTA,35,11000,38,1000,645,yes,29,24
2025-05-21T16:04:44.647833,KXBTCD-25MAY2120-T108999.99,DELTA,35,11000,38,1000,646,no,53,24
2025-05-21T16:04:44.648667,KXBTCD-25MAY2120-T108999.99,DELTA,35,11000,38,1000,647,no,55,-24
2025-05-21T16:04:44.649075,KXBTCD-25MAY2120-T108999.99,DELTA,35,11000,38,1000,648,no,31,-2000
2025-05-21T16:04:44.650683,KXBTCD-25MAY2120-T108999.99,DELTA,35,11000,38,1000,649,yes,11,-2000
2025-05-21T16:04:44.651241,KXBTCD-25MAY2120-T108999.99,DELTA,35,11000,38,1000,650,yes,11,-1000
2025-05-21T16:04:44.651995,KXBTCD-25MAY2120-T108999.99,DELTA,35,11000,38,1000,651,no,11,-20000
2025-05-21T16:04:44.652329,KXBTCD-25MAY2120-T108999.99,DELTA,35,11000,39,50,652,no,62,-1000
2025-05-21T16:04:44.652666,KXBTCD-25MAY2120-T108999.99,DELTA,35,11000,39,50,653,yes,8,-20000
2025-05-21T16:04:44.706719,KXBTCD-25MAY2120-T108999.99,DELTA,35,11000,39,50,654,yes,29,-24
2025-05-21T16:04:44.707115,KXBTCD-25MAY2120-T108999.99,DELTA,35,11000,39,50,655,yes,31,24
2025-05-21T16:04:44.727654,KXBTCD-25MAY2120-T108999.99,DELTA,35,11000,39,50,656,no,52,24
2025-05-21T16:04:44.728509,KXBTCD-25MAY2120-T108999.99,DELTA,35,11000,39,50,657,no,53,-24
2025-05-21T16:04:44.797272,KXBTCD-25MAY2120-T108999.99,DELTA,35,11000,48,24,658,no,61,-50
2025-05-21T16:04:44.797970,KXBTCD-25MAY2120-T108999.99,DELTA,35,11000,48,24,659,no,51,50
2025-05-21T16:04:45.267248,KXBTCD-25MAY2120-T108999.99,DELTA,35,12000,48,24,660,yes,35,1000
2025-05-21T16:04:45.386699,KXBTCD-25MAY2120-T108999.99,DELTA,35,12000,48,24,661,no,45,9
2025-05-21T16:04:45.426456,KXBTCD-25MAY2120-T108999.99,DELTA,35,12000,48,24,662,yes,34,100
2025-05-21T16:04:45.427179,KXBTCD-25MAY2120-T108999.99,DELTA,35,12000,42,100,663,no,58,100
2025-05-21T16:04:45.447331,KXBTCD-25MAY2120-T108999.99,DELTA,35,12000,42,100,664,no,52,1000
2025-05-21T16:04:45.506649,KXBTCD-25MAY2120-T108999.99,DELTA,35,12000,42,100,665,no,52,-1000
2025-05-21T16:04:45.567855,KXBTCD-25MAY2120-T108999.99,DELTA,35,12000,41,1000,666,no,59,1000
2025-05-21T16:04:45.568326,KXBTCD-25MAY2120-T108999.99,DELTA,35,12000,41,1000,667,no,51,-50
2025-05-21T16:04:45.568581,KXBTCD-25MAY2120-T108999.99,DELTA,35,12000,41,1000,668,no,58,50
2025-05-21T16:04:45.648913,KXBTCD-25MAY2120-T108999.99,DELTA,35,12000,41,1000,669,yes,34,-100
2025-05-21T16:04:46.046767,KXBTCD-25MAY2120-T108999.99,DELTA,35,12000,41,1000,670,yes,7,-4628
2025-05-21T16:04:46.047169,KXBTCD-25MAY2120-T108999.99,DELTA,35,12000,41,1000,671,yes,10,3240
2025-05-21T16:04:46.088309,KXBTCD-25MAY2120-T108999.99,DELTA,35,12000,41,1000,672,no,10,-3240
2025-05-21T16:04:46.088532,KXBTCD-25MAY2120-T108999.99,DELTA,35,12000,41,1000,673,no,8,4050
2025-05-21T16:04:46.147247,KXBTCD-25MAY2120-T108999.99,DELTA,35,12000,41,1000,674,no,45,-9
2025-05-21T16:04:46.256954,KXBTCD-25MAY2120-T108999.99,DELTA,35,12000,41,1000,675,yes,11,20000
2025-05-21T16:04:46.429562,KXBTCD-25MAY2120-T108999.99,DELTA,35,12000,41,1000,676,no,9,20000
2025-05-21T16:04:46.607154,KXBTCD-25MAY2120-T108999.99,DELTA,35,12100,41,1000,677,yes,35,100
2025-05-21T16:04:47.407950,KXBTCD-25MAY2120-T108999.99,DELTA,35,12100,41,1000,678,no,8,-4050
2025-05-21T16:04:47.408421,KXBTCD-25MAY2120-T108999.99,DELTA,35,12100,41,1000,679,no,10,3240
2025-05-21T16:04:47.487323,KXBTCD-25MAY2120-T108999.99,DELTA,35,12100,41,1000,680,no,9,-20000
2025-05-21T16:04:47.525927,KXBTCD-25MAY2120-T108999.99,DELTA,35,12100,41,1000,681,no,11,20000
2025-05-21T16:04:48.189652,KXBTCD-25MAY2120-T108999.99,DELTA,35,12100,41,1000,682,yes,11,-20000
2025-05-21T16:04:48.190132,KXBTCD-25MAY2120-T108999.99,DELTA,35,12100,42,150,683,no,59,-1000
2025-05-21T16:04:48.190388,KXBTCD-25MAY2120-T108999.99,DELTA,35,12100,42,150,684,no,11,-20000
2025-05-21T16:04:48.191344,KXBTCD-25MAY2120-T108999.99,DELTA,35,11100,42,150,685,yes,35,-1000
2025-05-21T16:04:48.191723,KXBTCD-25MAY2120-T108999.99,DELTA,35,11100,42,150,686,yes,34,24
2025-05-21T16:04:48.191950,KXBTCD-25MAY2120-T108999.99,DELTA,35,11100,42,150,687,yes,31,-24
2025-05-21T16:04:48.206825,KXBTCD-25MAY2120-T108999.99,DELTA,35,11100,42,150,688,no,52,-24
2025-05-21T16:04:48.207374,KXBTCD-25MAY2120-T108999.99,DELTA,35,11100,42,150,689,no,49,24
2025-05-21T16:04:48.227678,KXBTCD-25MAY2120-T108999.99,DELTA,35,11100,42,150,690,yes,10,-200
2025-05-21T16:04:48.228275,KXBTCD-25MAY2120-T108999.99,DELTA,35,11100,42,150,691,yes,20,200
2025-05-21T16:04:48.229196,KXBTCD-25MAY2120-T108999.99,DELTA,35,11100,42,150,692,yes,6,-3000
2025-05-21T16:04:48.246771,KXBTCD-25MAY2120-T108999.99,DELTA,35,11100,42,150,693,no,44,-3000
2025-05-21T16:04:48.288680,KXBTCD-25MAY2120-T108999.99,DELTA,35,11100,42,50,694,no,58,-100
2025-05-21T16:04:48.305882,KXBTCD-25MAY2120-T108999.99,DELTA,35,11000,42,50,695,yes,35,-100
2025-05-21T16:04:48.327775,KXBTCD-25MAY2120-T108999.99,DELTA,35,11000,42,50,696,no,53,9
2025-05-21T16:04:48.328279,KXBTCD-25MAY2120-T108999.99,DELTA,35,11000,42,50,697,yes,16,3000
2025-05-21T16:04:48.328590,KXBTCD-25MAY2120-T108999.99,DELTA,35,11000,42,50,698,no,34,3000
2025-05-21T16:04:48.625981,KXBTCD-25MAY2120-T108999.99,DELTA,35,11000,42,50,699,yes,10,-3240
2025-05-21T16:04:48.626870,KXBTCD-25MAY2120-T108999.99,DELTA,35,11000,42,50,700,yes,4,8100
2025-05-21T16:04:48.687271,KXBTCD-25MAY2120-T108999.99,DELTA,35,11000,42,50,701,no,10,-3240
2025-05-21T16:04:48.688237,KXBTCD-25MAY2120-T108999.99,DELTA,35,11000,42,50,702,no,8,4050
2025-05-21T16:04:48.725855,KXBTCD-25MAY2120-T108999.99,DELTA,35,11000,47,9,703,no,58,-50
2025-05-21T16:04:48.726595,KXBTCD-25MAY2120-T108999.99,DELTA,35,11000,47,9,704,no,51,50
2025-05-21T16:04:48.766737,KXBTCD-25MAY2120-T108999.99,DELTA,35,11000,47,9,705,no,51,-50
2025-05-21T16:04:48.767398,KXBTCD-25MAY2120-T108999.99,DELTA,35,11000,45,50,706,no,55,50
2025-05-21T16:04:48.807238,KXBTCD-25MAY2120-T108999.99,DELTA,35,11000,47,9,707,no,55,-50
2025-05-21T16:04:48.807501,KXBTCD-25MAY2120-T108999.99,DELTA,35,11000,47,9,708,no,51,50
2025-05-21T16:04:48.947651,KXBTCD-25MAY2120-T108999.99,DELTA,35,11000,46,100,709,no,54,100
2025-05-21T16:04:49.008994,KXBTCD-25MAY2120-T108999.99,DELTA,35,11000,46,100,710,no,51,-50
2025-05-21T16:04:49.009919,KXBTCD-25MAY2120-T108999.99,DELTA,35,11000,45,50,711,no,55,50
2025-05-21T16:04:49.069528,KXBTCD-25MAY2120-T108999.99,DELTA,36,20000,45,50,712,yes,36,20000
2025-05-21T16:04:49.070405,KXBTCD-25MAY2120-T108999.99,DELTA,36,20000,45,50,713,no,53,-9
2025-05-21T16:04:49.070875,KXBTCD-25MAY2120-T108999.99,DELTA,36,20000,45,50,714,yes,35,2000
2025-05-21T16:04:49.071276,KXBTCD-25MAY2120-T108999.99,DELTA,36,21000,45,50,715,yes,36,1000
2025-05-21T16:04:49.071525,KXBTCD-25MAY2120-T108999.99,DELTA,36,21000,45,50,716,no,9,20000
2025-05-21T16:04:49.071691,KXBTCD-25MAY2120-T108999.99,DELTA,36,21000,45,1050,717,no,55,1000
2025-05-21T16:04:49.086089,KXBTCD-25MAY2120-T108999.99,DELTA,36,21000,45,1050,718,no,35,9
2025-05-21T16:04:49.127292,KXBTCD-25MAY2120-T108999.99,DELTA,36,21000,45,50,719,no,55,-1000
2025-05-21T16:04:49.205668,KXBTCD-25MAY2120-T108999.99,DELTA,36,21000,44,1000,720,no,56,1000
2025-05-21T16:04:49.526160,KXBTCD-25MAY2120-T108999.99,DELTA,39,100,44,1000,721,yes,39,100
2025-05-21T16:04:49.870730,KXBTCD-25MAY2120-T108999.99,DELTA,39,100,44,1000,722,yes,36,-20000
2025-05-21T16:04:49.875963,KXBTCD-25MAY2120-T108999.99,DELTA,39,100,44,1000,723,yes,35,-2000
2025-05-21T16:04:49.907489,KXBTCD-25MAY2120-T108999.99,DELTA,39,100,44,1000,724,yes,35,20000
2025-05-21T16:04:49.957821,KXBTCD-25MAY2120-T108999.99,DELTA,39,100,44,1000,725,yes,21,2000
2025-05-21T16:04:49.960967,KXBTCD-25MAY2120-T108999.99,DELTA,39,100,44,1000,726,yes,35,-20000
2025-05-21T16:04:49.968231,KXBTCD-25MAY2120-T108999.99,DELTA,39,100,44,1000,727,no,35,-9
2025-05-21T16:04:49.990013,KXBTCD-25MAY2120-T108999.99,DELTA,39,100,44,1000,728,no,8,-4050
2025-05-21T16:04:49.990695,KXBTCD-25MAY2120-T108999.99,DELTA,39,100,44,1000,729,no,10,3240
2025-05-21T16:04:50.006351,KXBTCD-25MAY2120-T108999.99,DELTA,39,100,44,1000,730,yes,5,20000
2025-05-21T16:04:50.047192,KXBTCD-25MAY2120-T108999.99,DELTA,39,100,44,1000,731,yes,5,-20000
2025-05-21T16:04:50.067487,KXBTCD-25MAY2120-T108999.99,DELTA,39,100,44,1000,732,no,9,-20000
2025-05-21T16:04:50.087193,KXBTCD-25MAY2120-T108999.99,DELTA,39,100,44,1000,733,yes,35,20000
2025-05-21T16:04:50.126157,KXBTCD-25MAY2120-T108999.99,DELTA,39,100,44,1000,734,no,11,20000
2025-05-21T16:04:50.247394,KXBTCD-25MAY2120-T108999.99,DELTA,36,1000,44,1000,735,yes,39,-100
2025-05-21T16:04:50.266916,KXBTCD-25MAY2120-T108999.99,DELTA,36,1000,44,1000,736,no,54,-100
2025-05-21T16:04:50.386123,KXBTCD-25MAY2120-T108999.99,DELTA,36,1000,44,1000,737,no,55,-50
2025-05-21T16:04:50.386725,KXBTCD-25MAY2120-T108999.99,DELTA,36,1000,44,1050,738,no,56,50
2025-05-21T16:04:50.467574,KXBTCD-25MAY2120-T108999.99,DELTA,36,1000,44,50,739,no,56,-1000
2025-05-21T16:04:50.506258,KXBTCD-25MAY2120-T108999.99,DELTA,36,1000,43,1000,740,no,57,1000
2025-05-21T16:04:50.567506,KXBTCD-25MAY2120-T108999.99,DELTA,36,1000,43,1000,741,no,56,-50
2025-05-21T16:04:50.568096,KXBTCD-25MAY2120-T108999.99,DELTA,36,1000,43,1000,742,no,51,50
2025-05-21T16:04:50.605518,KXBTCD-25MAY2120-T108999.99,DELTA,36,1000,43,1000,743,no,51,-50
2025-05-21T16:04:50.605988,KXBTCD-25MAY2120-T108999.99,DELTA,36,1000,42,50,744,no,58,50
2025-05-21T16:04:50.646838,KXBTCD-25MAY2120-T108999.99,DELTA,36,1000,42,50,745,no,57,-1000
2025-05-21T16:04:50.685983,KXBTCD-25MAY2120-T108999.99,DELTA,36,1000,42,1050,746,no,58,1000
2025-05-21T16:04:50.746558,KXBTCD-25MAY2120-T108999.99,DELTA,36,1000,42,1050,747,no,51,9
2025-05-21T16:04:51.167457,KXBTCD-25MAY2120-T108999.99,DELTA,36,1000,42,1050,748,no,10,-3240
2025-05-21T16:04:51.168167,KXBTCD-25MAY2120-T108999.99,DELTA,36,1000,42,1050,749,no,12,2700
2025-05-21T16:04:51.247611,KXBTCD-25MAY2120-T108999.99,DELTA,36,1000,42,1050,750,no,11,-20000
2025-05-21T16:04:51.286644,KXBTCD-25MAY2120-T108999.99,DELTA,36,1000,42,1050,751,no,5,20000
2025-05-21T16:04:51.828364,KXBTCD-25MAY2120-T108999.99,DELTA,37,100,42,1050,752,yes,37,100
2025-05-21T16:04:51.829081,KXBTCD-25MAY2120-T108999.99,DELTA,37,100,42,1050,753,no,55,100
2025-05-21T16:04:51.946901,KXBTCD-25MAY2120-T108999.99,DELTA,37,100,42,1050,754,no,51,-9
2025-05-21T16:04:52.027233,KXBTCD-25MAY2120-T108999.99,DELTA,37,100,42,1050,755,yes,35,-20000
2025-05-21T16:04:52.046257,KXBTCD-25MAY2120-T108999.99,DELTA,37,100,42,1050,756,yes,36,-1000
2025-05-21T16:04:52.046944,KXBTCD-25MAY2120-T108999.99,DELTA,37,100,42,50,757,no,58,-1000
2025-05-21T16:04:52.106421,KXBTCD-25MAY2120-T108999.99,DELTA,37,100,41,1000,758,no,59,1000
2025-05-21T16:04:52.107508,KXBTCD-25MAY2120-T108999.99,DELTA,37,100,41,1000,759,yes,35,1000
2025-05-21T16:04:52.107983,KXBTCD-25MAY2120-T108999.99,DELTA,37,100,41,1000,760,yes,5,20000
2025-05-21T16:04:52.187429,KXBTCD-25MAY2120-T108999.99,DELTA,37,100,41,1000,761,yes,35,-1000
2025-05-21T16:04:52.226921,KXBTCD-25MAY2120-T108999.99,DELTA,37,100,41,1000,762,yes,36,1000
2025-05-21T16:04:53.527104,KXBTCD-25MAY2120-T108999.99,DELTA,37,100,42,50,763,no,59,-1000
2025-05-21T16:04:53.566246,KXBTCD-25MAY2120-T108999.99,DELTA,37,100,42,1050,764,no,58,1000
2025-05-21T16:04:53.626946,KXBTCD-25MAY2120-T108999.99,DELTA,37,100,42,1050,765,no,51,9
2025-05-21T16:04:54.427089,KXBTCD-25MAY2120-T108999.99,DELTA,37,100,42,1050,766,yes,5,-20000
2025-05-21T16:04:54.466168,KXBTCD-25MAY2120-T108999.99,DELTA,37,100,42,1000,767,no,58,-50
2025-05-21T16:04:54.467057,KXBTCD-25MAY2120-T108999.99,DELTA,37,100,42,1000,768,no,57,50
2025-05-21T16:04:54.467528,KXBTCD-25MAY2120-T108999.99,DELTA,37,100,42,1000,769,yes,35,20000
2025-05-21T16:04:54.526658,KXBTCD-25MAY2120-T108999.99,DELTA,37,100,42,1000,770,no,51,-9
2025-05-21T16:04:54.788362,KXBTCD-25MAY2120-T108999.99,DELTA,37,100,42,1000,771,no,12,-2700
