timestamp,market_ticker,type,yes_bid_price_cents,yes_bid_qty,yes_ask_price_cents,yes_ask_qty_on_no_side,sequence_num,delta_side,delta_price_cents,delta_quantity
2025-05-21T18:01:27.374946,KXBTCD-25MAY2122-T109499.99,SNAPSHOT,76,24,81,1000,1,,,
2025-05-21T18:01:28.236756,KXBTCD-25MAY2122-T109499.99,DELTA,76,24,81,1000,2,no,18,-100
2025-05-21T18:01:28.336863,KXBTCD-25MAY2122-T109499.99,DELTA,76,24,94,24,3,no,19,-1000
2025-05-21T18:01:28.396699,KXBTCD-25MAY2122-T109499.99,DELTA,76,24,94,24,4,yes,61,-9
2025-05-21T18:01:29.215388,KXBTCD-25MAY2122-T109499.99,DELTA,76,24,81,100,5,no,19,100
2025-05-21T18:01:29.338364,KXBTCD-25MAY2122-T109499.99,DELTA,76,24,80,1000,6,no,20,1000
2025-05-21T18:01:29.556806,KXBTCD-25MAY2122-T109499.99,DELTA,76,24,80,1000,7,no,7,9
2025-05-21T18:01:30.455704,KXBTCD-25MAY2122-T109499.99,DELTA,76,24,81,100,8,no,20,-1000
2025-05-21T18:01:30.575791,KXBTCD-25MAY2122-T109499.99,DELTA,76,24,81,1100,9,no,19,1000
2025-05-21T18:01:31.738146,KXBTCD-25MAY2122-T109499.99,DELTA,76,24,81,100,10,no,19,-1000
2025-05-21T18:01:33.576333,KXBTCD-25MAY2122-T109499.99,DELTA,76,24,93,9,11,no,19,-100
2025-05-21T18:01:33.577830,KXBTCD-25MAY2122-T109499.99,DELTA,76,24,93,9,12,yes,74,-100
2025-05-21T18:01:33.696176,KXBTCD-25MAY2122-T109499.99,DELTA,76,24,93,9,13,yes,75,-1000
2025-05-21T18:01:33.697196,KXBTCD-25MAY2122-T109499.99,DELTA,76,24,94,24,14,no,7,-9
2025-05-21T18:01:33.802864,KXBTCD-25MAY2122-T109499.99,DELTA,76,24,94,24,15,yes,51,1000
2025-05-21T18:01:34.716937,KXBTCD-25MAY2122-T109499.99,DELTA,76,24,94,24,16,yes,74,100
2025-05-21T18:01:34.718031,KXBTCD-25MAY2122-T109499.99,DELTA,76,24,82,100,17,no,18,100
2025-05-21T18:01:34.835508,KXBTCD-25MAY2122-T109499.99,DELTA,76,24,82,100,18,no,7,9
2025-05-21T18:01:34.836347,KXBTCD-25MAY2122-T109499.99,DELTA,76,24,82,1100,19,no,18,1000
2025-05-21T18:01:34.837006,KXBTCD-25MAY2122-T109499.99,DELTA,76,24,82,1100,20,yes,51,-1000
2025-05-21T18:01:34.896215,KXBTCD-25MAY2122-T109499.99,DELTA,76,24,82,1100,21,yes,61,9
2025-05-21T18:01:34.955933,KXBTCD-25MAY2122-T109499.99,DELTA,76,24,82,1100,22,yes,75,1000
2025-05-21T18:01:35.096225,KXBTCD-25MAY2122-T109499.99,DELTA,76,24,82,100,23,no,18,-1000
2025-05-21T18:01:35.237623,KXBTCD-25MAY2122-T109499.99,DELTA,76,24,82,100,24,yes,74,-100
2025-05-21T18:01:35.295547,KXBTCD-25MAY2122-T109499.99,DELTA,76,24,82,1100,25,no,18,1000
2025-05-21T18:01:35.355045,KXBTCD-25MAY2122-T109499.99,DELTA,76,24,82,1100,26,yes,75,-1000
2025-05-21T18:01:35.415373,KXBTCD-25MAY2122-T109499.99,DELTA,76,24,82,100,27,no,18,-1000
2025-05-21T18:01:35.477088,KXBTCD-25MAY2122-T109499.99,DELTA,76,24,82,100,28,yes,51,1000
2025-05-21T18:01:36.435997,KXBTCD-25MAY2122-T109499.99,DELTA,76,24,82,100,29,yes,75,100
2025-05-21T18:01:36.556648,KXBTCD-25MAY2122-T109499.99,DELTA,76,24,82,100,30,yes,51,-1000
2025-05-21T18:01:36.676250,KXBTCD-25MAY2122-T109499.99,DELTA,76,1024,82,100,31,yes,76,1000
2025-05-21T18:01:39.536442,KXBTCD-25MAY2122-T109499.99,DELTA,76,1024,93,9,32,no,18,-100
2025-05-21T18:01:39.555470,KXBTCD-25MAY2122-T109499.99,DELTA,76,1024,93,9,33,yes,75,-100
2025-05-21T18:01:39.676834,KXBTCD-25MAY2122-T109499.99,DELTA,76,24,93,9,34,yes,76,-1000
2025-05-21T18:01:39.755993,KXBTCD-25MAY2122-T109499.99,DELTA,76,24,93,9,35,yes,61,-9
2025-05-21T18:01:39.816615,KXBTCD-25MAY2122-T109499.99,DELTA,76,24,93,9,36,yes,51,1000
2025-05-21T18:01:39.917447,KXBTCD-25MAY2122-T109499.99,DELTA,76,24,94,24,37,no,7,-9
2025-05-21T18:01:40.357476,KXBTCD-25MAY2122-T109499.99,DELTA,76,24,83,100,38,no,17,100
2025-05-21T18:01:40.388599,KXBTCD-25MAY2122-T109499.99,DELTA,76,24,83,100,39,yes,75,100
2025-05-21T18:01:40.482072,KXBTCD-25MAY2122-T109499.99,DELTA,76,24,82,1000,40,no,18,1000
2025-05-21T18:01:40.496795,KXBTCD-25MAY2122-T109499.99,DELTA,76,24,82,1000,41,yes,61,9
2025-05-21T18:01:40.497854,KXBTCD-25MAY2122-T109499.99,DELTA,76,24,82,1000,42,no,7,9
2025-05-21T18:01:40.518123,KXBTCD-25MAY2122-T109499.99,DELTA,76,24,82,1000,43,yes,51,-1000
2025-05-21T18:01:40.558006,KXBTCD-25MAY2122-T109499.99,DELTA,75,100,82,1000,44,yes,76,-24
2025-05-21T18:01:40.583290,KXBTCD-25MAY2122-T109499.99,DELTA,75,124,82,1000,45,yes,75,24
2025-05-21T18:01:40.584547,KXBTCD-25MAY2122-T109499.99,DELTA,75,124,82,1000,46,no,6,-24
2025-05-21T18:01:40.585877,KXBTCD-25MAY2122-T109499.99,DELTA,75,124,82,1000,47,no,8,24
2025-05-21T18:01:40.636514,KXBTCD-25MAY2122-T109499.99,DELTA,75,1124,82,1000,48,yes,75,1000
2025-05-21T18:01:40.696384,KXBTCD-25MAY2122-T109499.99,DELTA,75,1124,82,1000,49,no,17,-100
2025-05-21T18:01:40.814942,KXBTCD-25MAY2122-T109499.99,DELTA,75,1124,92,24,50,no,18,-1000
2025-05-21T18:01:41.954557,KXBTCD-25MAY2122-T109499.99,DELTA,75,1124,82,100,51,no,18,100
2025-05-21T18:01:41.954930,KXBTCD-25MAY2122-T109499.99,DELTA,75,1024,82,100,52,yes,75,-100
2025-05-21T18:01:42.016213,KXBTCD-25MAY2122-T109499.99,DELTA,75,24,82,100,53,yes,75,-1000
2025-05-21T18:01:42.035021,KXBTCD-25MAY2122-T109499.99,DELTA,75,24,81,1000,54,no,19,1000
2025-05-21T18:01:42.077606,KXBTCD-25MAY2122-T109499.99,DELTA,75,24,81,1000,55,yes,51,1000
2025-05-21T18:01:42.135853,KXBTCD-25MAY2122-T109499.99,DELTA,75,24,81,1000,56,no,7,-9
2025-05-21T18:01:42.136751,KXBTCD-25MAY2122-T109499.99,DELTA,75,24,81,1000,57,yes,61,-9
2025-05-21T18:01:42.136944,KXBTCD-25MAY2122-T109499.99,DELTA,75,24,81,1000,58,no,9,9
2025-05-21T18:01:42.201144,KXBTCD-25MAY2122-T109499.99,DELTA,75,24,81,1000,59,no,18,-100
2025-05-21T18:01:42.316848,KXBTCD-25MAY2122-T109499.99,DELTA,75,24,91,9,60,no,19,-1000
2025-05-21T18:01:43.205390,KXBTCD-25MAY2122-T109499.99,DELTA,75,24,91,9,61,yes,73,100
2025-05-21T18:01:43.205880,KXBTCD-25MAY2122-T109499.99,DELTA,75,24,81,100,62,no,19,100
2025-05-21T18:01:43.295647,KXBTCD-25MAY2122-T109499.99,DELTA,75,24,81,100,63,yes,61,9
2025-05-21T18:01:43.315187,KXBTCD-25MAY2122-T109499.99,DELTA,75,24,81,100,64,no,9,-9
2025-05-21T18:01:43.315522,KXBTCD-25MAY2122-T109499.99,DELTA,75,24,81,100,65,yes,51,-1000
2025-05-21T18:01:43.315791,KXBTCD-25MAY2122-T109499.99,DELTA,75,24,80,1000,66,no,20,1000
2025-05-21T18:01:43.335230,KXBTCD-25MAY2122-T109499.99,DELTA,75,24,80,1000,67,no,4,9
2025-05-21T18:01:43.374333,KXBTCD-25MAY2122-T109499.99,DELTA,75,24,80,1000,68,yes,74,1000
2025-05-21T18:01:46.896371,KXBTCD-25MAY2122-T109499.99,DELTA,75,24,81,100,69,no,20,-1000
2025-05-21T18:01:46.936382,KXBTCD-25MAY2122-T109499.99,DELTA,75,24,81,1100,70,no,19,1000
2025-05-21T18:01:47.016676,KXBTCD-25MAY2122-T109499.99,DELTA,75,24,81,1100,71,yes,61,-9
2025-05-21T18:01:47.016992,KXBTCD-25MAY2122-T109499.99,DELTA,75,24,81,1100,72,no,4,-9
2025-05-21T18:01:47.017329,KXBTCD-25MAY2122-T109499.99,DELTA,75,24,81,1100,73,no,9,9
2025-05-21T18:01:47.159219,KXBTCD-25MAY2122-T109499.99,DELTA,75,24,81,100,74,no,19,-1000
2025-05-21T18:01:47.236604,KXBTCD-25MAY2122-T109499.99,DELTA,75,24,80,1000,75,no,20,1000
2025-05-21T18:01:49.676333,KXBTCD-25MAY2122-T109499.99,DELTA,74,1000,80,1000,76,yes,75,-24
2025-05-21T18:01:49.678090,KXBTCD-25MAY2122-T109499.99,DELTA,74,1000,80,1000,77,yes,73,24
2025-05-21T18:01:49.678838,KXBTCD-25MAY2122-T109499.99,DELTA,74,1000,80,1000,78,no,9,24
2025-05-21T18:01:49.679494,KXBTCD-25MAY2122-T109499.99,DELTA,74,1000,80,1000,79,no,8,-24
2025-05-21T18:01:49.795144,KXBTCD-25MAY2122-T109499.99,DELTA,74,1000,80,1000,80,no,9,-9
2025-05-21T18:01:50.076434,KXBTCD-25MAY2122-T109499.99,DELTA,74,1000,80,1000,81,no,19,-100
2025-05-21T18:01:50.156328,KXBTCD-25MAY2122-T109499.99,DELTA,74,1000,91,24,82,no,20,-1000
2025-05-21T18:01:50.536766,KXBTCD-25MAY2122-T109499.99,DELTA,73,124,91,24,83,yes,74,-1000
2025-05-21T18:01:50.596173,KXBTCD-25MAY2122-T109499.99,DELTA,73,1124,91,24,84,yes,73,1000
2025-05-21T18:01:50.696557,KXBTCD-25MAY2122-T109499.99,DELTA,73,1124,91,24,85,yes,61,9
2025-05-21T18:01:50.716781,KXBTCD-25MAY2122-T109499.99,DELTA,73,1124,91,24,86,no,4,9
2025-05-21T18:01:50.775937,KXBTCD-25MAY2122-T109499.99,DELTA,73,124,91,24,87,yes,73,-1000
2025-05-21T18:01:50.815093,KXBTCD-25MAY2122-T109499.99,DELTA,73,124,91,24,88,yes,51,1000
2025-05-21T18:01:50.916996,KXBTCD-25MAY2122-T109499.99,DELTA,73,124,91,24,89,yes,60,-3000
2025-05-21T18:01:50.976357,KXBTCD-25MAY2122-T109499.99,DELTA,73,124,91,24,90,yes,53,3000
2025-05-21T18:01:51.055612,KXBTCD-25MAY2122-T109499.99,DELTA,73,24,91,24,91,yes,73,-100
2025-05-21T18:01:51.136332,KXBTCD-25MAY2122-T109499.99,DELTA,61,9,91,24,92,yes,73,-24
2025-05-21T18:01:51.136554,KXBTCD-25MAY2122-T109499.99,DELTA,72,24,91,24,93,yes,72,24
2025-05-21T18:01:51.155548,KXBTCD-25MAY2122-T109499.99,DELTA,72,24,96,9,94,no,9,-24
2025-05-21T18:01:51.155739,KXBTCD-25MAY2122-T109499.99,DELTA,72,24,89,24,95,no,11,24
2025-05-21T18:01:51.317465,KXBTCD-25MAY2122-T109499.99,DELTA,72,24,79,100,96,no,21,100
2025-05-21T18:01:51.396655,KXBTCD-25MAY2122-T109499.99,DELTA,72,24,78,1000,97,no,22,1000
2025-05-21T18:01:51.455627,KXBTCD-25MAY2122-T109499.99,DELTA,72,24,78,1000,98,yes,61,-9
2025-05-21T18:01:51.474853,KXBTCD-25MAY2122-T109499.99,DELTA,72,24,78,1000,99,no,12,9
2025-05-21T18:01:51.475240,KXBTCD-25MAY2122-T109499.99,DELTA,72,24,78,1000,100,yes,54,9
2025-05-21T18:01:51.475413,KXBTCD-25MAY2122-T109499.99,DELTA,72,24,78,1000,101,no,4,-9
2025-05-21T18:01:51.978026,KXBTCD-25MAY2122-T109499.99,DELTA,72,24,78,1000,102,no,21,-100
2025-05-21T18:01:52.056135,KXBTCD-25MAY2122-T109499.99,DELTA,72,24,88,9,103,no,22,-1000
2025-05-21T18:01:52.576363,KXBTCD-25MAY2122-T109499.99,DELTA,86,1,88,9,104,yes,86,1
2025-05-21T18:01:52.699655,KXBTCD-25MAY2122-T109499.99,DELTA,72,24,88,9,105,yes,86,-1
2025-05-21T18:01:52.699992,KXBTCD-25MAY2122-T109499.99,DELTA,72,24,89,24,106,no,12,-9
2025-05-21T18:01:52.714811,KXBTCD-25MAY2122-T109499.99,DELTA,72,24,89,24,107,no,4,9
2025-05-21T18:01:53.195999,KXBTCD-25MAY2122-T109499.99,DELTA,72,24,79,100,108,no,21,100
2025-05-21T18:01:53.256367,KXBTCD-25MAY2122-T109499.99,DELTA,72,24,78,1000,109,no,22,1000
2025-05-21T18:01:53.976680,KXBTCD-25MAY2122-T109499.99,DELTA,72,24,78,1000,110,yes,71,100
2025-05-21T18:01:54.056716,KXBTCD-25MAY2122-T109499.99,DELTA,72,24,78,1000,111,yes,51,-1000
2025-05-21T18:01:54.096272,KXBTCD-25MAY2122-T109499.99,DELTA,72,24,78,1000,112,no,4,-9
2025-05-21T18:01:54.096620,KXBTCD-25MAY2122-T109499.99,DELTA,72,24,78,1000,113,yes,71,1000
2025-05-21T18:01:54.998062,KXBTCD-25MAY2122-T109499.99,DELTA,72,24,78,1000,114,no,21,-100
2025-05-21T18:01:55.076532,KXBTCD-25MAY2122-T109499.99,DELTA,72,24,89,24,115,no,22,-1000
2025-05-21T18:01:55.115867,KXBTCD-25MAY2122-T109499.99,DELTA,72,24,89,24,116,yes,54,-9
2025-05-21T18:01:55.854863,KXBTCD-25MAY2122-T109499.99,DELTA,72,24,89,24,117,yes,71,-1000
2025-05-21T18:01:55.895929,KXBTCD-25MAY2122-T109499.99,DELTA,72,24,89,24,118,yes,51,1000
2025-05-21T18:01:56.001260,KXBTCD-25MAY2122-T109499.99,DELTA,72,24,89,24,119,no,4,9
2025-05-21T18:01:56.001464,KXBTCD-25MAY2122-T109499.99,DELTA,72,24,78,100,120,no,22,100
2025-05-21T18:01:56.118094,KXBTCD-25MAY2122-T109499.99,DELTA,72,24,77,1000,121,no,23,1000
2025-05-21T18:01:56.119700,KXBTCD-25MAY2122-T109499.99,DELTA,72,24,77,1000,122,yes,51,-1000
2025-05-21T18:01:56.177012,KXBTCD-25MAY2122-T109499.99,DELTA,72,24,77,1000,123,yes,71,1000
2025-05-21T18:01:56.237379,KXBTCD-25MAY2122-T109499.99,DELTA,72,24,77,1000,124,yes,54,9
2025-05-21T18:01:57.037394,KXBTCD-25MAY2122-T109499.99,DELTA,72,24,77,1000,125,yes,70,24
2025-05-21T18:01:57.038583,KXBTCD-25MAY2122-T109499.99,DELTA,71,1100,77,1000,126,yes,72,-24
2025-05-21T18:01:57.039634,KXBTCD-25MAY2122-T109499.99,DELTA,71,1100,77,1000,127,no,11,-24
2025-05-21T18:01:57.040261,KXBTCD-25MAY2122-T109499.99,DELTA,71,1100,77,1000,128,no,12,24
2025-05-21T18:01:57.076750,KXBTCD-25MAY2122-T109499.99,DELTA,71,100,77,1000,129,yes,71,-1000
2025-05-21T18:01:57.117365,KXBTCD-25MAY2122-T109499.99,DELTA,71,100,77,1000,130,yes,51,1000
2025-05-21T18:01:57.176372,KXBTCD-25MAY2122-T109499.99,DELTA,71,100,77,1000,131,yes,54,-9
2025-05-21T18:01:57.176536,KXBTCD-25MAY2122-T109499.99,DELTA,71,100,77,1000,132,no,4,-9
2025-05-21T18:01:58.477571,KXBTCD-25MAY2122-T109499.99,DELTA,71,100,77,1000,133,no,22,-100
2025-05-21T18:01:58.497236,KXBTCD-25MAY2122-T109499.99,DELTA,70,24,77,1000,134,yes,71,-100
2025-05-21T18:01:58.537937,KXBTCD-25MAY2122-T109499.99,DELTA,70,24,88,24,135,no,23,-1000
2025-05-21T18:01:58.597284,KXBTCD-25MAY2122-T109499.99,DELTA,70,24,88,24,136,yes,54,9
2025-05-21T18:01:59.835677,KXBTCD-25MAY2122-T109499.99,DELTA,70,24,77,100,137,no,23,100
2025-05-21T18:01:59.836615,KXBTCD-25MAY2122-T109499.99,DELTA,70,24,77,100,138,yes,69,100
2025-05-21T18:01:59.895458,KXBTCD-25MAY2122-T109499.99,DELTA,70,24,77,100,139,yes,51,-1000
2025-05-21T18:01:59.896295,KXBTCD-25MAY2122-T109499.99,DELTA,70,24,76,1000,140,no,24,1000
2025-05-21T18:01:59.938703,KXBTCD-25MAY2122-T109499.99,DELTA,70,1024,76,1000,141,yes,70,1000
2025-05-21T18:01:59.940175,KXBTCD-25MAY2122-T109499.99,DELTA,70,1024,76,1000,142,no,13,9
2025-05-21T18:02:02.515680,KXBTCD-25MAY2122-T109499.99,DELTA,70,1024,76,1000,143,yes,69,-100
2025-05-21T18:02:02.576302,KXBTCD-25MAY2122-T109499.99,DELTA,70,24,76,1000,144,yes,70,-1000
2025-05-21T18:02:02.636585,KXBTCD-25MAY2122-T109499.99,DELTA,70,24,76,1000,145,yes,51,1000
2025-05-21T18:02:02.636893,KXBTCD-25MAY2122-T109499.99,DELTA,70,24,76,1000,146,no,13,-9
2025-05-21T18:02:02.637234,KXBTCD-25MAY2122-T109499.99,DELTA,70,24,76,1000,147,yes,54,-9
2025-05-21T18:02:03.216625,KXBTCD-25MAY2122-T109499.99,DELTA,70,24,76,1000,148,yes,28,-8000
2025-05-21T18:02:03.257528,KXBTCD-25MAY2122-T109499.99,DELTA,70,24,76,1000,149,yes,12,8000
2025-05-21T18:02:03.456472,KXBTCD-25MAY2122-T109499.99,DELTA,70,24,76,1000,150,no,23,-100
2025-05-21T18:02:03.516094,KXBTCD-25MAY2122-T109499.99,DELTA,70,24,88,24,151,no,24,-1000
2025-05-21T18:02:03.555903,KXBTCD-25MAY2122-T109499.99,DELTA,70,24,88,24,152,yes,54,9
2025-05-21T18:02:03.755953,KXBTCD-25MAY2122-T109499.99,DELTA,70,24,88,24,153,yes,68,100
2025-05-21T18:02:03.822780,KXBTCD-25MAY2122-T109499.99,DELTA,70,24,88,24,154,yes,51,-1000
2025-05-21T18:02:03.862097,KXBTCD-25MAY2122-T109499.99,DELTA,70,24,88,24,155,yes,69,1000
2025-05-21T18:02:04.057113,KXBTCD-25MAY2122-T109499.99,DELTA,70,24,88,24,156,yes,69,-1000
2025-05-21T18:02:04.096725,KXBTCD-25MAY2122-T109499.99,DELTA,70,24,88,24,157,yes,68,1000
2025-05-21T18:02:04.435865,KXBTCD-25MAY2122-T109499.99,DELTA,70,24,76,100,158,no,24,100
2025-05-21T18:02:04.496162,KXBTCD-25MAY2122-T109499.99,DELTA,70,24,75,1000,159,no,25,1000
2025-05-21T18:02:04.515622,KXBTCD-25MAY2122-T109499.99,DELTA,70,24,75,1000,160,yes,69,24
2025-05-21T18:02:04.516590,KXBTCD-25MAY2122-T109499.99,DELTA,70,24,75,1000,161,no,14,24
2025-05-21T18:02:04.556533,KXBTCD-25MAY2122-T109499.99,DELTA,70,24,75,1000,162,yes,54,-9
2025-05-21T18:02:04.580511,KXBTCD-25MAY2122-T109499.99,DELTA,70,24,75,1000,163,no,13,9
2025-05-21T18:02:05.057473,KXBTCD-25MAY2122-T109499.99,DELTA,70,24,75,1000,164,yes,68,-1000
2025-05-21T18:02:05.078642,KXBTCD-25MAY2122-T109499.99,DELTA,70,24,75,1000,165,no,24,-100
2025-05-21T18:02:05.116666,KXBTCD-25MAY2122-T109499.99,DELTA,70,24,75,1000,166,yes,69,1000
2025-05-21T18:02:05.136802,KXBTCD-25MAY2122-T109499.99,DELTA,70,24,86,24,167,no,25,-1000
2025-05-21T18:02:05.776045,KXBTCD-25MAY2122-T109499.99,DELTA,69,1024,86,24,168,yes,70,-24
2025-05-21T18:02:05.795093,KXBTCD-25MAY2122-T109499.99,DELTA,69,1024,86,24,169,no,12,-24
2025-05-21T18:02:05.896130,KXBTCD-25MAY2122-T109499.99,DELTA,69,1024,86,24,170,no,13,-9
2025-05-21T18:02:05.896609,KXBTCD-25MAY2122-T109499.99,DELTA,69,1024,86,24,171,no,4,9
2025-05-21T18:02:06.096941,KXBTCD-25MAY2122-T109499.99,DELTA,69,1024,86,24,172,yes,29,-1117
2025-05-21T18:02:06.097969,KXBTCD-25MAY2122-T109499.99,DELTA,69,1024,86,24,173,yes,13,2492
2025-05-21T18:02:06.295118,KXBTCD-25MAY2122-T109499.99,DELTA,69,1024,75,100,174,no,25,100
2025-05-21T18:02:06.356579,KXBTCD-25MAY2122-T109499.99,DELTA,69,1024,74,1000,175,no,26,1000
2025-05-21T18:02:06.757706,KXBTCD-25MAY2122-T109499.99,DELTA,69,1024,75,100,176,no,26,-1000
2025-05-21T18:02:06.775873,KXBTCD-25MAY2122-T109499.99,DELTA,69,1024,75,1100,177,no,25,1000
2025-05-21T18:02:06.856227,KXBTCD-25MAY2122-T109499.99,DELTA,69,1024,75,1100,178,yes,12,-8000
2025-05-21T18:02:06.876316,KXBTCD-25MAY2122-T109499.99,DELTA,69,1024,75,1100,179,no,15,9
2025-05-21T18:02:06.895890,KXBTCD-25MAY2122-T109499.99,DELTA,69,1024,75,1100,180,no,4,-9
2025-05-21T18:02:06.896739,KXBTCD-25MAY2122-T109499.99,DELTA,69,1024,75,100,181,no,25,-1000
2025-05-21T18:02:06.897375,KXBTCD-25MAY2122-T109499.99,DELTA,69,1024,75,100,182,yes,14,8000
2025-05-21T18:02:06.917062,KXBTCD-25MAY2122-T109499.99,DELTA,69,1000,75,100,183,yes,69,-24
2025-05-21T18:02:06.918554,KXBTCD-25MAY2122-T109499.99,DELTA,71,24,75,100,184,yes,71,24
2025-05-21T18:02:06.919144,KXBTCD-25MAY2122-T109499.99,DELTA,71,24,75,100,185,no,14,-24
2025-05-21T18:02:06.935938,KXBTCD-25MAY2122-T109499.99,DELTA,71,24,75,100,186,no,12,24
2025-05-21T18:02:07.496915,KXBTCD-25MAY2122-T109499.99,DELTA,71,24,85,9,187,no,25,-100
2025-05-21T18:02:07.515346,KXBTCD-25MAY2122-T109499.99,DELTA,71,24,85,9,188,yes,68,-100
2025-05-21T18:02:07.601085,KXBTCD-25MAY2122-T109499.99,DELTA,71,24,85,9,189,yes,69,-1000
2025-05-21T18:02:07.637051,KXBTCD-25MAY2122-T109499.99,DELTA,71,24,85,9,190,yes,51,1000
2025-05-21T18:02:07.637241,KXBTCD-25MAY2122-T109499.99,DELTA,71,24,88,24,191,no,15,-9
2025-05-21T18:02:08.396664,KXBTCD-25MAY2122-T109499.99,DELTA,71,24,88,24,192,no,4,9
2025-05-21T18:02:08.477068,KXBTCD-25MAY2122-T109499.99,DELTA,71,24,88,24,193,yes,54,9
2025-05-21T18:02:08.806324,KXBTCD-25MAY2122-T109499.99,DELTA,71,24,88,24,194,yes,13,-2492
2025-05-21T18:02:08.807390,KXBTCD-25MAY2122-T109499.99,DELTA,71,24,88,24,195,yes,15,2160
2025-05-21T18:02:08.956248,KXBTCD-25MAY2122-T109499.99,DELTA,71,24,88,24,196,yes,69,100
2025-05-21T18:02:08.956428,KXBTCD-25MAY2122-T109499.99,DELTA,71,24,77,100,197,no,23,100
2025-05-21T18:02:09.016387,KXBTCD-25MAY2122-T109499.99,DELTA,71,24,77,100,198,yes,51,-1000
2025-05-21T18:02:09.016553,KXBTCD-25MAY2122-T109499.99,DELTA,71,24,76,1000,199,no,24,1000
2025-05-21T18:02:09.076149,KXBTCD-25MAY2122-T109499.99,DELTA,71,24,76,1000,200,yes,70,1000
2025-05-21T18:02:09.317300,KXBTCD-25MAY2122-T109499.99,DELTA,71,24,77,100,201,no,24,-1000
2025-05-21T18:02:09.356906,KXBTCD-25MAY2122-T109499.99,DELTA,71,24,77,1100,202,no,23,1000
2025-05-21T18:02:09.436949,KXBTCD-25MAY2122-T109499.99,DELTA,71,24,77,1100,203,yes,54,-9
2025-05-21T18:02:09.437834,KXBTCD-25MAY2122-T109499.99,DELTA,71,24,77,1100,204,no,13,9
2025-05-21T18:02:09.476961,KXBTCD-25MAY2122-T109499.99,DELTA,71,24,77,1100,205,yes,14,-8000
2025-05-21T18:02:09.477837,KXBTCD-25MAY2122-T109499.99,DELTA,71,24,77,1100,206,no,4,-9
2025-05-21T18:02:09.478790,KXBTCD-25MAY2122-T109499.99,DELTA,71,24,77,1100,207,yes,69,-100
2025-05-21T18:02:09.517002,KXBTCD-25MAY2122-T109499.99,DELTA,71,24,77,1100,208,yes,15,8000
2025-05-21T18:02:09.535987,KXBTCD-25MAY2122-T109499.99,DELTA,71,24,77,1100,209,yes,70,-1000
2025-05-21T18:02:09.658809,KXBTCD-25MAY2122-T109499.99,DELTA,71,24,77,1100,210,yes,51,1000
2025-05-21T18:02:09.835951,KXBTCD-25MAY2122-T109499.99,DELTA,71,24,77,1100,211,yes,15,-2160
2025-05-21T18:02:09.836601,KXBTCD-25MAY2122-T109499.99,DELTA,71,24,77,1100,212,yes,16,2025
2025-05-21T18:02:09.916498,KXBTCD-25MAY2122-T109499.99,DELTA,71,24,77,100,213,no,23,-1000
2025-05-21T18:02:09.956796,KXBTCD-25MAY2122-T109499.99,DELTA,71,24,76,1000,214,no,24,1000
2025-05-21T18:02:10.638846,KXBTCD-25MAY2122-T109499.99,DELTA,71,24,76,1000,215,yes,70,100
2025-05-21T18:02:10.696041,KXBTCD-25MAY2122-T109499.99,DELTA,71,24,77,100,216,no,24,-1000
2025-05-21T18:02:10.696659,KXBTCD-25MAY2122-T109499.99,DELTA,71,24,77,100,217,yes,51,-1000
2025-05-21T18:02:10.735755,KXBTCD-25MAY2122-T109499.99,DELTA,71,24,77,1100,218,no,23,1000
2025-05-21T18:02:10.735984,KXBTCD-25MAY2122-T109499.99,DELTA,71,1024,77,1100,219,yes,71,1000
2025-05-21T18:02:10.772168,KXBTCD-25MAY2122-T109499.99,DELTA,71,1024,77,1100,220,yes,54,9
2025-05-21T18:02:10.772432,KXBTCD-25MAY2122-T109499.99,DELTA,71,1024,77,1100,221,no,13,-9
2025-05-21T18:02:11.417461,KXBTCD-25MAY2122-T109499.99,DELTA,71,1024,77,1100,222,yes,70,-100
2025-05-21T18:02:11.436693,KXBTCD-25MAY2122-T109499.99,DELTA,71,1024,77,1000,223,no,23,-100
2025-05-21T18:02:11.476027,KXBTCD-25MAY2122-T109499.99,DELTA,71,24,77,1000,224,yes,71,-1000
2025-05-21T18:02:11.495862,KXBTCD-25MAY2122-T109499.99,DELTA,71,24,88,24,225,no,23,-1000
2025-05-21T18:02:11.517790,KXBTCD-25MAY2122-T109499.99,DELTA,71,24,88,24,226,yes,51,1000
2025-05-21T18:02:11.518569,KXBTCD-25MAY2122-T109499.99,DELTA,71,24,88,24,227,yes,54,-9
2025-05-21T18:02:12.336879,KXBTCD-25MAY2122-T109499.99,DELTA,71,24,88,24,228,yes,15,-8000
2025-05-21T18:02:12.398015,KXBTCD-25MAY2122-T109499.99,DELTA,71,24,88,24,229,yes,16,8000
2025-05-21T18:02:12.455611,KXBTCD-25MAY2122-T109499.99,DELTA,71,24,88,24,230,yes,54,9
2025-05-21T18:02:12.476505,KXBTCD-25MAY2122-T109499.99,DELTA,71,24,88,24,231,no,4,9
2025-05-21T18:02:12.834779,KXBTCD-25MAY2122-T109499.99,DELTA,71,124,88,24,232,yes,71,100
2025-05-21T18:02:12.854497,KXBTCD-25MAY2122-T109499.99,DELTA,71,124,79,100,233,no,21,100
2025-05-21T18:02:12.895765,KXBTCD-25MAY2122-T109499.99,DELTA,71,124,79,100,234,yes,51,-1000
2025-05-21T18:02:12.916133,KXBTCD-25MAY2122-T109499.99,DELTA,71,124,79,1100,235,no,21,1000
2025-05-21T18:02:12.956027,KXBTCD-25MAY2122-T109499.99,DELTA,72,1000,79,1100,236,yes,72,1000
2025-05-21T18:02:13.215524,KXBTCD-25MAY2122-T109499.99,DELTA,72,1000,79,1100,237,yes,16,-2025
2025-05-21T18:02:13.216557,KXBTCD-25MAY2122-T109499.99,DELTA,72,1000,79,1100,238,yes,17,1905
2025-05-21T18:02:13.337043,KXBTCD-25MAY2122-T109499.99,DELTA,72,1000,79,1100,239,no,4,-9
2025-05-21T18:02:13.337357,KXBTCD-25MAY2122-T109499.99,DELTA,72,1000,79,1100,240,yes,54,-9
2025-05-21T18:02:14.000181,KXBTCD-25MAY2122-T109499.99,DELTA,72,1024,79,1100,241,yes,72,24
2025-05-21T18:02:14.000454,KXBTCD-25MAY2122-T109499.99,DELTA,72,1024,79,1100,242,no,10,24
2025-05-21T18:02:14.000714,KXBTCD-25MAY2122-T109499.99,DELTA,72,1024,79,1100,243,yes,71,-24
2025-05-21T18:02:14.100445,KXBTCD-25MAY2122-T109499.99,DELTA,72,1024,79,1100,244,no,12,-24
2025-05-21T18:02:14.216612,KXBTCD-25MAY2122-T109499.99,DELTA,72,1024,79,1100,245,yes,71,-100
2025-05-21T18:02:14.275774,KXBTCD-25MAY2122-T109499.99,DELTA,72,24,79,1100,246,yes,72,-1000
2025-05-21T18:02:14.315565,KXBTCD-25MAY2122-T109499.99,DELTA,72,24,79,1100,247,yes,16,-8000
2025-05-21T18:02:14.315882,KXBTCD-25MAY2122-T109499.99,DELTA,72,24,79,1100,248,yes,51,1000
2025-05-21T18:02:14.355674,KXBTCD-25MAY2122-T109499.99,DELTA,72,24,79,1100,249,yes,18,8000
2025-05-21T18:02:15.535303,KXBTCD-25MAY2122-T109499.99,DELTA,72,24,79,1100,250,yes,71,100
2025-05-21T18:02:15.595471,KXBTCD-25MAY2122-T109499.99,DELTA,72,24,79,1100,251,yes,51,-1000
2025-05-21T18:02:15.637372,KXBTCD-25MAY2122-T109499.99,DELTA,72,1024,79,1100,252,yes,72,1000
2025-05-21T18:02:15.676529,KXBTCD-25MAY2122-T109499.99,DELTA,72,1024,79,1100,253,yes,54,9
2025-05-21T18:02:15.717716,KXBTCD-25MAY2122-T109499.99,DELTA,72,1024,79,100,254,no,21,-1000
2025-05-21T18:02:16.618262,KXBTCD-25MAY2122-T109499.99,DELTA,72,1024,90,24,255,no,21,-100
2025-05-21T18:02:16.756456,KXBTCD-25MAY2122-T109499.99,DELTA,72,1024,90,24,256,yes,54,-9
2025-05-21T18:02:16.756947,KXBTCD-25MAY2122-T109499.99,DELTA,72,1024,90,24,257,no,4,9
2025-05-21T18:02:17.335416,KXBTCD-25MAY2122-T109499.99,DELTA,72,1024,79,100,258,no,21,100
2025-05-21T18:02:17.755802,KXBTCD-25MAY2122-T109499.99,DELTA,72,1024,79,100,259,yes,17,-1905
2025-05-21T18:02:17.756034,KXBTCD-25MAY2122-T109499.99,DELTA,72,1024,79,100,260,yes,19,1705
2025-05-21T18:02:17.875970,KXBTCD-25MAY2122-T109499.99,DELTA,72,1024,79,100,261,no,4,-9
2025-05-21T18:02:17.876149,KXBTCD-25MAY2122-T109499.99,DELTA,72,1024,79,100,262,no,11,9
2025-05-21T18:02:18.534532,KXBTCD-25MAY2122-T109499.99,DELTA,72,1024,89,9,263,no,21,-100
2025-05-21T18:02:18.620728,KXBTCD-25MAY2122-T109499.99,DELTA,72,1024,90,24,264,no,11,-9
2025-05-21T18:02:18.696162,KXBTCD-25MAY2122-T109499.99,DELTA,72,1024,90,24,265,no,4,9
2025-05-21T18:02:19.799462,KXBTCD-25MAY2122-T109499.99,DELTA,72,1024,78,100,266,no,22,100
2025-05-21T18:02:20.298161,KXBTCD-25MAY2122-T109499.99,DELTA,72,1024,78,100,267,no,4,-9
2025-05-21T18:02:20.299249,KXBTCD-25MAY2122-T109499.99,DELTA,72,1024,78,100,268,no,11,9
2025-05-21T18:02:20.697940,KXBTCD-25MAY2122-T109499.99,DELTA,72,1024,78,1100,269,no,22,1000
2025-05-21T18:02:20.897902,KXBTCD-25MAY2122-T109499.99,DELTA,72,1024,78,100,270,no,22,-1000
2025-05-21T18:02:20.996231,KXBTCD-25MAY2122-T109499.99,DELTA,72,1024,78,100,271,no,11,-9
2025-05-21T18:02:21.018294,KXBTCD-25MAY2122-T109499.99,DELTA,72,1024,77,1000,272,no,23,1000
2025-05-21T18:02:21.198803,KXBTCD-25MAY2122-T109499.99,DELTA,72,1024,77,1000,273,yes,71,24
2025-05-21T18:02:21.199072,KXBTCD-25MAY2122-T109499.99,DELTA,72,1000,77,1000,274,yes,72,-24
2025-05-21T18:02:21.216976,KXBTCD-25MAY2122-T109499.99,DELTA,72,1000,77,1000,275,no,12,24
2025-05-21T18:02:21.217279,KXBTCD-25MAY2122-T109499.99,DELTA,72,1000,77,1000,276,no,10,-24
2025-05-21T18:02:22.477387,KXBTCD-25MAY2122-T109499.99,DELTA,72,1000,77,1000,277,yes,71,-100
2025-05-21T18:02:22.477877,KXBTCD-25MAY2122-T109499.99,DELTA,72,1000,77,1000,278,no,22,-100
2025-05-21T18:02:22.599408,KXBTCD-25MAY2122-T109499.99,DELTA,71,24,77,1000,279,yes,72,-1000
2025-05-21T18:02:22.599667,KXBTCD-25MAY2122-T109499.99,DELTA,71,24,88,24,280,no,23,-1000
2025-05-21T18:02:22.600803,KXBTCD-25MAY2122-T109499.99,DELTA,71,24,88,24,281,yes,51,1000
2025-05-21T18:02:23.356410,KXBTCD-25MAY2122-T109499.99,DELTA,71,24,88,24,282,yes,70,100
2025-05-21T18:02:23.376605,KXBTCD-25MAY2122-T109499.99,DELTA,71,24,78,100,283,no,22,100
2025-05-21T18:02:23.436616,KXBTCD-25MAY2122-T109499.99,DELTA,71,24,77,1000,284,no,23,1000
2025-05-21T18:02:23.475129,KXBTCD-25MAY2122-T109499.99,DELTA,71,24,77,1000,285,yes,51,-1000
2025-05-21T18:02:23.476171,KXBTCD-25MAY2122-T109499.99,DELTA,71,24,77,1000,286,no,4,9
2025-05-21T18:02:23.495959,KXBTCD-25MAY2122-T109499.99,DELTA,71,24,77,1000,287,yes,54,9
2025-05-21T18:02:23.516099,KXBTCD-25MAY2122-T109499.99,DELTA,71,1024,77,1000,288,yes,71,1000
2025-05-21T18:02:23.676503,KXBTCD-25MAY2122-T109499.99,DELTA,71,1000,77,1000,289,yes,71,-24
2025-05-21T18:02:23.677589,KXBTCD-25MAY2122-T109499.99,DELTA,71,1000,77,1000,290,yes,69,24
2025-05-21T18:02:23.678948,KXBTCD-25MAY2122-T109499.99,DELTA,71,1000,77,1000,291,no,13,24
2025-05-21T18:02:23.679575,KXBTCD-25MAY2122-T109499.99,DELTA,71,1000,77,1000,292,no,12,-24
2025-05-21T18:02:23.901864,KXBTCD-25MAY2122-T109499.99,DELTA,71,1000,77,1000,293,no,22,-100
2025-05-21T18:02:23.963216,KXBTCD-25MAY2122-T109499.99,DELTA,71,1000,87,24,294,no,23,-1000
2025-05-21T18:02:24.356383,KXBTCD-25MAY2122-T109499.99,DELTA,71,1000,87,24,295,yes,70,-100
2025-05-21T18:02:24.417502,KXBTCD-25MAY2122-T109499.99,DELTA,69,24,87,24,296,yes,71,-1000
2025-05-21T18:02:24.456233,KXBTCD-25MAY2122-T109499.99,DELTA,69,24,87,24,297,yes,51,1000
2025-05-21T18:02:24.476211,KXBTCD-25MAY2122-T109499.99,DELTA,69,24,87,24,298,yes,54,-9
2025-05-21T18:02:24.717589,KXBTCD-25MAY2122-T109499.99,DELTA,69,24,77,100,299,no,23,100
2025-05-21T18:02:24.777580,KXBTCD-25MAY2122-T109499.99,DELTA,69,24,76,1000,300,no,24,1000
2025-05-21T18:02:24.995896,KXBTCD-25MAY2122-T109499.99,DELTA,69,24,76,1000,301,no,23,-100
2025-05-21T18:02:25.075698,KXBTCD-25MAY2122-T109499.99,DELTA,69,24,87,24,302,no,24,-1000
2025-05-21T18:02:25.296175,KXBTCD-25MAY2122-T109499.99,DELTA,69,24,87,24,303,yes,68,100
2025-05-21T18:02:25.436560,KXBTCD-25MAY2122-T109499.99,DELTA,69,24,87,24,304,yes,51,-1000
2025-05-21T18:02:25.476535,KXBTCD-25MAY2122-T109499.99,DELTA,69,24,87,24,305,yes,54,9
2025-05-21T18:02:25.496885,KXBTCD-25MAY2122-T109499.99,DELTA,69,1024,87,24,306,yes,69,1000
2025-05-21T18:02:25.896839,KXBTCD-25MAY2122-T109499.99,DELTA,69,1024,76,100,307,no,24,100
2025-05-21T18:02:25.956644,KXBTCD-25MAY2122-T109499.99,DELTA,69,1024,76,1100,308,no,24,1000
2025-05-21T18:02:26.536935,KXBTCD-25MAY2122-T109499.99,DELTA,69,1024,76,1100,309,yes,68,-100
2025-05-21T18:02:26.636913,KXBTCD-25MAY2122-T109499.99,DELTA,69,24,76,1100,310,yes,69,-1000
2025-05-21T18:02:26.657501,KXBTCD-25MAY2122-T109499.99,DELTA,69,24,76,1100,311,yes,54,-9
2025-05-21T18:02:26.677063,KXBTCD-25MAY2122-T109499.99,DELTA,69,24,76,1100,312,no,4,-9
2025-05-21T18:02:26.697765,KXBTCD-25MAY2122-T109499.99,DELTA,69,24,76,1100,313,yes,51,1000
2025-05-21T18:02:27.358999,KXBTCD-25MAY2122-T109499.99,DELTA,69,24,76,100,314,no,24,-1000
2025-05-21T18:02:27.479754,KXBTCD-25MAY2122-T109499.99,DELTA,69,24,76,100,315,yes,54,9
2025-05-21T18:02:27.481902,KXBTCD-25MAY2122-T109499.99,DELTA,69,24,76,100,316,no,14,9
2025-05-21T18:02:27.796379,KXBTCD-25MAY2122-T109499.99,DELTA,69,24,76,1100,317,no,24,1000
2025-05-21T18:02:27.818241,KXBTCD-25MAY2122-T109499.99,DELTA,69,124,76,1100,318,yes,69,100
2025-05-21T18:02:27.876773,KXBTCD-25MAY2122-T109499.99,DELTA,69,124,76,1100,319,yes,51,-1000
2025-05-21T18:02:27.916079,KXBTCD-25MAY2122-T109499.99,DELTA,70,1000,76,1100,320,yes,70,1000
2025-05-21T18:02:29.157419,KXBTCD-25MAY2122-T109499.99,DELTA,70,1000,76,100,321,no,24,-1000
2025-05-21T18:02:29.296968,KXBTCD-25MAY2122-T109499.99,DELTA,70,1000,76,100,322,yes,54,-9
2025-05-21T18:02:29.916979,KXBTCD-25MAY2122-T109499.99,DELTA,70,1000,76,100,323,yes,69,-100
2025-05-21T18:02:29.937539,KXBTCD-25MAY2122-T109499.99,DELTA,70,1000,86,9,324,no,24,-100
2025-05-21T18:02:29.977329,KXBTCD-25MAY2122-T109499.99,DELTA,69,24,86,9,325,yes,70,-1000
2025-05-21T18:02:30.056380,KXBTCD-25MAY2122-T109499.99,DELTA,69,24,86,9,326,yes,51,1000
2025-05-21T18:02:30.096446,KXBTCD-25MAY2122-T109499.99,DELTA,71,24,86,9,327,yes,71,24
2025-05-21T18:02:30.097491,KXBTCD-25MAY2122-T109499.99,DELTA,71,24,86,9,328,yes,69,-24
2025-05-21T18:02:30.117386,KXBTCD-25MAY2122-T109499.99,DELTA,71,24,86,9,329,no,12,24
2025-05-21T18:02:30.118448,KXBTCD-25MAY2122-T109499.99,DELTA,71,24,86,9,330,no,13,-24
2025-05-21T18:02:31.137002,KXBTCD-25MAY2122-T109499.99,DELTA,71,24,86,9,331,yes,70,100
2025-05-21T18:02:31.213367,KXBTCD-25MAY2122-T109499.99,DELTA,71,24,78,100,332,no,22,100
2025-05-21T18:02:31.279620,KXBTCD-25MAY2122-T109499.99,DELTA,71,24,78,100,333,yes,51,-1000
2025-05-21T18:02:31.280422,KXBTCD-25MAY2122-T109499.99,DELTA,71,24,78,1100,334,no,22,1000
2025-05-21T18:02:31.281556,KXBTCD-25MAY2122-T109499.99,DELTA,71,24,78,1100,335,no,14,-9
2025-05-21T18:02:31.296805,KXBTCD-25MAY2122-T109499.99,DELTA,71,24,78,1100,336,yes,54,9
2025-05-21T18:02:31.317016,KXBTCD-25MAY2122-T109499.99,DELTA,71,24,78,1100,337,no,4,9
2025-05-21T18:02:31.336704,KXBTCD-25MAY2122-T109499.99,DELTA,71,1024,78,1100,338,yes,71,1000
2025-05-21T18:02:32.537674,KXBTCD-25MAY2122-T109499.99,DELTA,71,1024,78,100,339,no,22,-1000
2025-05-21T18:02:32.656210,KXBTCD-25MAY2122-T109499.99,DELTA,71,1024,78,100,340,no,4,-9
2025-05-21T18:02:32.656433,KXBTCD-25MAY2122-T109499.99,DELTA,71,1024,78,100,341,yes,54,-9
2025-05-21T18:02:32.656757,KXBTCD-25MAY2122-T109499.99,DELTA,71,1024,78,100,342,no,13,9
2025-05-21T18:02:33.196794,KXBTCD-25MAY2122-T109499.99,DELTA,71,1024,78,100,343,yes,70,-100
2025-05-21T18:02:33.257994,KXBTCD-25MAY2122-T109499.99,DELTA,71,24,78,100,344,yes,71,-1000
2025-05-21T18:02:33.316567,KXBTCD-25MAY2122-T109499.99,DELTA,71,24,78,100,345,yes,51,1000
2025-05-21T18:02:33.436857,KXBTCD-25MAY2122-T109499.99,DELTA,71,24,78,100,346,yes,54,9
2025-05-21T18:02:34.517242,KXBTCD-25MAY2122-T109499.99,DELTA,71,124,78,100,347,yes,71,100
2025-05-21T18:02:34.577115,KXBTCD-25MAY2122-T109499.99,DELTA,71,124,78,100,348,yes,51,-1000
2025-05-21T18:02:34.620401,KXBTCD-25MAY2122-T109499.99,DELTA,72,1000,78,100,349,yes,72,1000
2025-05-21T18:02:36.156908,KXBTCD-25MAY2122-T109499.99,DELTA,72,1000,78,100,350,yes,71,-100
2025-05-21T18:02:36.157768,KXBTCD-25MAY2122-T109499.99,DELTA,72,1000,87,9,351,no,22,-100
2025-05-21T18:02:36.216513,KXBTCD-25MAY2122-T109499.99,DELTA,71,24,87,9,352,yes,72,-1000
2025-05-21T18:02:36.256445,KXBTCD-25MAY2122-T109499.99,DELTA,71,24,87,9,353,yes,51,1000
2025-05-21T18:02:36.297424,KXBTCD-25MAY2122-T109499.99,DELTA,71,24,87,9,354,yes,54,-9
2025-05-21T18:02:36.298395,KXBTCD-25MAY2122-T109499.99,DELTA,71,24,88,24,355,no,13,-9
2025-05-21T18:02:36.299232,KXBTCD-25MAY2122-T109499.99,DELTA,71,24,88,24,356,no,4,9
2025-05-21T18:02:37.557469,KXBTCD-25MAY2122-T109499.99,DELTA,71,124,88,24,357,yes,71,100
2025-05-21T18:02:37.579194,KXBTCD-25MAY2122-T109499.99,DELTA,71,124,79,100,358,no,21,100
2025-05-21T18:02:37.658381,KXBTCD-25MAY2122-T109499.99,DELTA,71,124,79,100,359,yes,51,-1000
2025-05-21T18:02:37.659093,KXBTCD-25MAY2122-T109499.99,DELTA,71,124,79,1100,360,no,21,1000
2025-05-21T18:02:37.696203,KXBTCD-25MAY2122-T109499.99,DELTA,71,124,79,1100,361,yes,54,9
2025-05-21T18:02:37.696533,KXBTCD-25MAY2122-T109499.99,DELTA,72,1000,79,1100,362,yes,72,1000
2025-05-21T18:02:37.797603,KXBTCD-25MAY2122-T109499.99,DELTA,72,1000,79,100,363,no,21,-1000
2025-05-21T18:02:37.856885,KXBTCD-25MAY2122-T109499.99,DELTA,72,1000,78,1000,364,no,22,1000
2025-05-21T18:02:38.098180,KXBTCD-25MAY2122-T109499.99,DELTA,71,124,78,1000,365,yes,72,-1000
2025-05-21T18:02:38.137291,KXBTCD-25MAY2122-T109499.99,DELTA,71,1124,78,1000,366,yes,71,1000
2025-05-21T18:02:38.377652,KXBTCD-25MAY2122-T109499.99,DELTA,71,1124,78,1000,367,no,21,-100
2025-05-21T18:02:38.438103,KXBTCD-25MAY2122-T109499.99,DELTA,71,1124,88,24,368,no,22,-1000
2025-05-21T18:02:38.519066,KXBTCD-25MAY2122-T109499.99,DELTA,71,1124,88,24,369,no,4,-9
2025-05-21T18:02:38.519959,KXBTCD-25MAY2122-T109499.99,DELTA,71,1124,88,24,370,yes,54,-9
2025-05-21T18:02:39.277752,KXBTCD-25MAY2122-T109499.99,DELTA,71,124,88,24,371,yes,71,-1000
2025-05-21T18:02:39.316532,KXBTCD-25MAY2122-T109499.99,DELTA,72,1000,88,24,372,yes,72,1000
2025-05-21T18:02:39.397248,KXBTCD-25MAY2122-T109499.99,DELTA,72,1000,88,24,373,no,4,9
2025-05-21T18:02:39.398099,KXBTCD-25MAY2122-T109499.99,DELTA,72,1000,88,24,374,yes,54,9
2025-05-21T18:02:39.436530,KXBTCD-25MAY2122-T109499.99,DELTA,72,1000,78,100,375,no,22,100
2025-05-21T18:02:39.496001,KXBTCD-25MAY2122-T109499.99,DELTA,72,1000,77,1000,376,no,23,1000
2025-05-21T18:02:39.616867,KXBTCD-25MAY2122-T109499.99,DELTA,72,1000,77,1000,377,yes,71,-100
2025-05-21T18:02:39.677557,KXBTCD-25MAY2122-T109499.99,DELTA,71,24,77,1000,378,yes,72,-1000
2025-05-21T18:02:39.817271,KXBTCD-25MAY2122-T109499.99,DELTA,71,24,77,1000,379,yes,51,1000
2025-05-21T18:02:40.835609,KXBTCD-25MAY2122-T109499.99,DELTA,71,24,77,1000,380,yes,70,100
2025-05-21T18:02:40.878557,KXBTCD-25MAY2122-T109499.99,DELTA,71,24,77,1000,381,yes,51,-1000
2025-05-21T18:02:40.935425,KXBTCD-25MAY2122-T109499.99,DELTA,71,1024,77,1000,382,yes,71,1000
2025-05-21T18:02:40.987387,KXBTCD-25MAY2122-T109499.99,DELTA,71,1024,78,100,383,no,23,-1000
2025-05-21T18:02:40.988195,KXBTCD-25MAY2122-T109499.99,DELTA,71,1024,78,100,384,no,4,-9
2025-05-21T18:02:41.060825,KXBTCD-25MAY2122-T109499.99,DELTA,71,1024,78,1100,385,no,22,1000
2025-05-21T18:02:41.098606,KXBTCD-25MAY2122-T109499.99,DELTA,71,1024,78,100,386,no,22,-1000
2025-05-21T18:02:41.117797,KXBTCD-25MAY2122-T109499.99,DELTA,71,1024,78,100,387,yes,70,-100
2025-05-21T18:02:41.237648,KXBTCD-25MAY2122-T109499.99,DELTA,71,24,78,100,388,yes,71,-1000
2025-05-21T18:02:41.278396,KXBTCD-25MAY2122-T109499.99,DELTA,71,24,78,100,389,yes,51,1000
2025-05-21T18:02:41.976251,KXBTCD-25MAY2122-T109499.99,DELTA,71,124,78,100,390,yes,71,100
2025-05-21T18:02:42.036425,KXBTCD-25MAY2122-T109499.99,DELTA,71,124,78,100,391,yes,51,-1000
2025-05-21T18:02:42.097100,KXBTCD-25MAY2122-T109499.99,DELTA,72,24,78,100,392,yes,72,24
2025-05-21T18:02:42.098010,KXBTCD-25MAY2122-T109499.99,DELTA,72,24,78,100,393,yes,71,-24
2025-05-21T18:02:42.098560,KXBTCD-25MAY2122-T109499.99,DELTA,72,1024,78,100,394,yes,72,1000
2025-05-21T18:02:42.099828,KXBTCD-25MAY2122-T109499.99,DELTA,72,1024,78,100,395,no,12,-24
2025-05-21T18:02:42.100465,KXBTCD-25MAY2122-T109499.99,DELTA,72,1024,78,100,396,no,10,24
2025-05-21T18:02:42.136440,KXBTCD-25MAY2122-T109499.99,DELTA,72,1024,78,100,397,no,13,9
2025-05-21T18:02:42.457491,KXBTCD-25MAY2122-T109499.99,DELTA,72,1024,87,9,398,no,22,-100
2025-05-21T18:02:42.496939,KXBTCD-25MAY2122-T109499.99,DELTA,72,1024,78,1000,399,no,22,1000
2025-05-21T18:02:42.537153,KXBTCD-25MAY2122-T109499.99,DELTA,72,1024,87,9,400,no,22,-1000
2025-05-21T18:02:43.077583,KXBTCD-25MAY2122-T109499.99,DELTA,72,1024,87,9,401,yes,71,-100
2025-05-21T18:02:43.137333,KXBTCD-25MAY2122-T109499.99,DELTA,72,24,87,9,402,yes,72,-1000
2025-05-21T18:02:43.196988,KXBTCD-25MAY2122-T109499.99,DELTA,72,24,87,9,403,yes,51,1000
2025-05-21T18:02:43.197938,KXBTCD-25MAY2122-T109499.99,DELTA,72,24,90,24,404,no,13,-9
2025-05-21T18:02:43.217585,KXBTCD-25MAY2122-T109499.99,DELTA,72,24,90,24,405,no,4,9
2025-05-21T18:02:43.316898,KXBTCD-25MAY2122-T109499.99,DELTA,72,24,90,24,406,yes,54,-9
2025-05-21T18:02:43.957227,KXBTCD-25MAY2122-T109499.99,DELTA,72,24,80,100,407,no,20,100
2025-05-21T18:02:44.036095,KXBTCD-25MAY2122-T109499.99,DELTA,72,124,80,100,408,yes,72,100
2025-05-21T18:02:44.037992,KXBTCD-25MAY2122-T109499.99,DELTA,72,124,80,1100,409,no,20,1000
2025-05-21T18:02:44.137581,KXBTCD-25MAY2122-T109499.99,DELTA,72,124,80,1100,410,no,11,9
2025-05-21T18:02:44.138148,KXBTCD-25MAY2122-T109499.99,DELTA,72,124,80,1100,411,no,4,-9
2025-05-21T18:02:44.138659,KXBTCD-25MAY2122-T109499.99,DELTA,72,124,80,1100,412,yes,54,9
2025-05-21T18:02:44.139125,KXBTCD-25MAY2122-T109499.99,DELTA,72,124,80,1100,413,yes,51,-1000
2025-05-21T18:02:44.200864,KXBTCD-25MAY2122-T109499.99,DELTA,73,1000,80,1100,414,yes,73,1000
2025-05-21T18:02:44.296084,KXBTCD-25MAY2122-T109499.99,DELTA,73,1000,80,100,415,no,20,-1000
2025-05-21T18:02:44.336261,KXBTCD-25MAY2122-T109499.99,DELTA,73,1000,79,1000,416,no,21,1000
2025-05-21T18:02:44.416418,KXBTCD-25MAY2122-T109499.99,DELTA,73,1000,80,100,417,no,21,-1000
2025-05-21T18:02:44.516592,KXBTCD-25MAY2122-T109499.99,DELTA,73,1000,80,1100,418,no,20,1000
2025-05-21T18:02:49.757170,KXBTCD-25MAY2122-T109499.99,DELTA,73,1000,80,100,419,no,20,-1000
2025-05-21T18:02:49.837517,KXBTCD-25MAY2122-T109499.99,DELTA,73,1000,80,100,420,yes,18,-8000
2025-05-21T18:02:49.876853,KXBTCD-25MAY2122-T109499.99,DELTA,73,1000,80,100,421,yes,25,8000
2025-05-21T18:02:49.919620,KXBTCD-25MAY2122-T109499.99,DELTA,73,1000,80,100,422,yes,54,-9
2025-05-21T18:02:50.016267,KXBTCD-25MAY2122-T109499.99,DELTA,74,24,80,100,423,yes,74,24
2025-05-21T18:02:50.017009,KXBTCD-25MAY2122-T109499.99,DELTA,74,24,80,100,424,no,9,24
2025-05-21T18:02:50.023572,KXBTCD-25MAY2122-T109499.99,DELTA,74,24,80,100,425,yes,72,-24
2025-05-21T18:02:50.035864,KXBTCD-25MAY2122-T109499.99,DELTA,74,24,80,100,426,no,10,-24
2025-05-21T18:02:50.357302,KXBTCD-25MAY2122-T109499.99,DELTA,74,24,80,100,427,yes,72,-100
2025-05-21T18:02:50.438254,KXBTCD-25MAY2122-T109499.99,DELTA,74,24,80,100,428,yes,73,-1000
2025-05-21T18:02:50.496313,KXBTCD-25MAY2122-T109499.99,DELTA,74,24,80,100,429,yes,51,1000
2025-05-21T18:02:50.916082,KXBTCD-25MAY2122-T109499.99,DELTA,74,24,80,100,430,yes,19,-1705
2025-05-21T18:02:50.916587,KXBTCD-25MAY2122-T109499.99,DELTA,74,24,80,100,431,yes,26,1246
2025-05-21T18:02:51.036331,KXBTCD-25MAY2122-T109499.99,DELTA,74,24,80,100,432,no,10,9
2025-05-21T18:02:51.037535,KXBTCD-25MAY2122-T109499.99,DELTA,74,24,80,100,433,yes,54,9
2025-05-21T18:02:51.038379,KXBTCD-25MAY2122-T109499.99,DELTA,74,24,80,100,434,no,11,-9
2025-05-21T18:02:51.817037,KXBTCD-25MAY2122-T109499.99,DELTA,74,24,80,100,435,yes,73,100
2025-05-21T18:02:51.895568,KXBTCD-25MAY2122-T109499.99,DELTA,74,24,80,100,436,yes,51,-1000
2025-05-21T18:02:51.936423,KXBTCD-25MAY2122-T109499.99,DELTA,74,1024,80,100,437,yes,74,1000
2025-05-21T18:02:53.356719,KXBTCD-25MAY2122-T109499.99,DELTA,74,1024,80,100,438,yes,73,-100
2025-05-21T18:02:53.375779,KXBTCD-25MAY2122-T109499.99,DELTA,74,1024,90,9,439,no,20,-100
2025-05-21T18:02:53.476069,KXBTCD-25MAY2122-T109499.99,DELTA,74,24,90,9,440,yes,74,-1000
2025-05-21T18:02:53.497285,KXBTCD-25MAY2122-T109499.99,DELTA,74,24,90,9,441,yes,54,-9
2025-05-21T18:02:53.536312,KXBTCD-25MAY2122-T109499.99,DELTA,74,24,90,9,442,yes,51,1000
2025-05-21T18:02:54.197458,KXBTCD-25MAY2122-T109499.99,DELTA,53,3000,90,9,443,yes,74,-24
2025-05-21T18:02:54.197690,KXBTCD-25MAY2122-T109499.99,DELTA,76,24,90,9,444,yes,76,24
2025-05-21T18:02:54.217651,KXBTCD-25MAY2122-T109499.99,DELTA,76,24,90,9,445,no,9,-24
2025-05-21T18:02:54.218481,KXBTCD-25MAY2122-T109499.99,DELTA,76,24,90,9,446,no,7,24
2025-05-21T18:02:54.257034,KXBTCD-25MAY2122-T109499.99,DELTA,76,24,90,9,447,yes,75,100
2025-05-21T18:02:54.257703,KXBTCD-25MAY2122-T109499.99,DELTA,76,24,83,100,448,no,17,100
2025-05-21T18:02:54.318141,KXBTCD-25MAY2122-T109499.99,DELTA,76,24,83,100,449,no,10,-9
2025-05-21T18:02:54.318331,KXBTCD-25MAY2122-T109499.99,DELTA,76,24,83,100,450,yes,51,-1000
2025-05-21T18:02:54.318606,KXBTCD-25MAY2122-T109499.99,DELTA,76,24,83,100,451,no,4,9
2025-05-21T18:02:54.318691,KXBTCD-25MAY2122-T109499.99,DELTA,76,24,83,100,452,yes,54,9
2025-05-21T18:02:54.456506,KXBTCD-25MAY2122-T109499.99,DELTA,76,1024,83,100,453,yes,76,1000
2025-05-21T18:02:56.236786,KXBTCD-25MAY2122-T109499.99,DELTA,76,1024,83,1100,454,no,17,1000
2025-05-21T18:02:56.356278,KXBTCD-25MAY2122-T109499.99,DELTA,76,1024,83,1100,455,yes,54,-9
2025-05-21T18:02:56.376163,KXBTCD-25MAY2122-T109499.99,DELTA,76,1024,83,1100,456,no,4,-9
2025-05-21T18:02:56.601857,KXBTCD-25MAY2122-T109499.99,DELTA,76,1000,83,1100,457,yes,76,-24
2025-05-21T18:02:56.602373,KXBTCD-25MAY2122-T109499.99,DELTA,76,1000,83,1100,458,yes,74,24
2025-05-21T18:02:56.602608,KXBTCD-25MAY2122-T109499.99,DELTA,76,1000,83,1100,459,no,9,24
2025-05-21T18:02:56.602774,KXBTCD-25MAY2122-T109499.99,DELTA,76,1000,83,1100,460,no,7,-24
2025-05-21T18:02:56.996946,KXBTCD-25MAY2122-T109499.99,DELTA,76,1000,83,1000,461,no,17,-100
2025-05-21T18:02:57.059280,KXBTCD-25MAY2122-T109499.99,DELTA,76,1000,91,24,462,no,17,-1000
2025-05-21T18:02:57.256786,KXBTCD-25MAY2122-T109499.99,DELTA,76,1000,91,24,463,yes,75,-100
2025-05-21T18:02:57.376923,KXBTCD-25MAY2122-T109499.99,DELTA,74,24,91,24,464,yes,76,-1000
2025-05-21T18:02:57.476433,KXBTCD-25MAY2122-T109499.99,DELTA,74,24,91,24,465,yes,51,1000
2025-05-21T18:02:57.756800,KXBTCD-25MAY2122-T109499.99,DELTA,76,24,91,24,466,yes,76,24
2025-05-21T18:02:57.757046,KXBTCD-25MAY2122-T109499.99,DELTA,76,24,91,24,467,yes,74,-24
2025-05-21T18:02:57.757184,KXBTCD-25MAY2122-T109499.99,DELTA,76,24,97,80000,468,no,9,-24
2025-05-21T18:02:57.757290,KXBTCD-25MAY2122-T109499.99,DELTA,76,24,93,24,469,no,7,24
2025-05-21T18:02:57.861799,KXBTCD-25MAY2122-T109499.99,DELTA,76,24,93,24,470,yes,54,9
2025-05-21T18:02:58.277027,KXBTCD-25MAY2122-T109499.99,DELTA,76,24,93,24,471,yes,75,100
2025-05-21T18:02:58.296608,KXBTCD-25MAY2122-T109499.99,DELTA,76,24,83,100,472,no,17,100
2025-05-21T18:02:58.395206,KXBTCD-25MAY2122-T109499.99,DELTA,76,24,83,100,473,yes,51,-1000
2025-05-21T18:02:58.496766,KXBTCD-25MAY2122-T109499.99,DELTA,76,1024,83,100,474,yes,76,1000
2025-05-21T18:03:00.437382,KXBTCD-25MAY2122-T109499.99,DELTA,76,1024,93,24,475,no,17,-100
2025-05-21T18:03:00.496990,KXBTCD-25MAY2122-T109499.99,DELTA,76,1024,83,1000,476,no,17,1000
2025-05-21T18:03:00.578321,KXBTCD-25MAY2122-T109499.99,DELTA,76,1024,93,24,477,no,17,-1000
2025-05-21T18:03:00.597255,KXBTCD-25MAY2122-T109499.99,DELTA,76,1024,93,24,478,yes,54,-9
2025-05-21T18:03:01.295706,KXBTCD-25MAY2122-T109499.99,DELTA,76,1024,82,100,479,no,18,100
2025-05-21T18:03:01.436503,KXBTCD-25MAY2122-T109499.99,DELTA,76,1024,82,100,480,no,8,9
2025-05-21T18:03:03.058005,KXBTCD-25MAY2122-T109499.99,DELTA,76,1024,82,100,481,yes,74,24
2025-05-21T18:03:03.058287,KXBTCD-25MAY2122-T109499.99,DELTA,76,1000,82,100,482,yes,76,-24
2025-05-21T18:03:03.058485,KXBTCD-25MAY2122-T109499.99,DELTA,76,1000,82,100,483,no,9,24
2025-05-21T18:03:03.058666,KXBTCD-25MAY2122-T109499.99,DELTA,76,1000,82,100,484,no,7,-24
2025-05-21T18:03:03.197734,KXBTCD-25MAY2122-T109499.99,DELTA,76,1000,82,100,485,no,8,-9
2025-05-21T18:03:03.217461,KXBTCD-25MAY2122-T109499.99,DELTA,76,1000,82,100,486,no,10,9
2025-05-21T18:03:05.637049,KXBTCD-25MAY2122-T109499.99,DELTA,76,1000,82,1100,487,no,18,1000
2025-05-21T18:03:05.758285,KXBTCD-25MAY2122-T109499.99,DELTA,76,1000,82,1100,488,no,10,-9
2025-05-21T18:03:05.895884,KXBTCD-25MAY2122-T109499.99,DELTA,76,1000,82,1100,489,yes,75,-100
2025-05-21T18:03:05.976842,KXBTCD-25MAY2122-T109499.99,DELTA,74,24,82,1100,490,yes,76,-1000
2025-05-21T18:03:05.997197,KXBTCD-25MAY2122-T109499.99,DELTA,74,24,82,100,491,no,18,-1000
2025-05-21T18:03:06.015588,KXBTCD-25MAY2122-T109499.99,DELTA,74,24,82,100,492,yes,51,1000
2025-05-21T18:03:06.037333,KXBTCD-25MAY2122-T109499.99,DELTA,74,24,81,1000,493,no,19,1000
2025-05-21T18:03:06.037986,KXBTCD-25MAY2122-T109499.99,DELTA,74,24,81,1000,494,yes,73,24
2025-05-21T18:03:06.038283,KXBTCD-25MAY2122-T109499.99,DELTA,73,24,81,1000,495,yes,74,-24
2025-05-21T18:03:06.038700,KXBTCD-25MAY2122-T109499.99,DELTA,73,24,81,1000,496,no,10,24
2025-05-21T18:03:06.038965,KXBTCD-25MAY2122-T109499.99,DELTA,73,24,81,1000,497,no,9,-24
2025-05-21T18:03:06.156647,KXBTCD-25MAY2122-T109499.99,DELTA,73,24,81,1000,498,no,18,-100
2025-05-21T18:03:06.220133,KXBTCD-25MAY2122-T109499.99,DELTA,73,24,90,24,499,no,19,-1000
2025-05-21T18:03:07.195803,KXBTCD-25MAY2122-T109499.99,DELTA,73,24,80,100,500,no,20,100
2025-05-21T18:03:07.216337,KXBTCD-25MAY2122-T109499.99,DELTA,73,24,80,100,501,yes,72,100
2025-05-21T18:03:07.276610,KXBTCD-25MAY2122-T109499.99,DELTA,73,24,80,100,502,yes,51,-1000
2025-05-21T18:03:07.315540,KXBTCD-25MAY2122-T109499.99,DELTA,73,1024,80,100,503,yes,73,1000
2025-05-21T18:03:07.358735,KXBTCD-25MAY2122-T109499.99,DELTA,73,1024,80,100,504,yes,54,9
2025-05-21T18:03:07.359519,KXBTCD-25MAY2122-T109499.99,DELTA,73,1024,80,100,505,no,11,9
2025-05-21T18:03:07.436874,KXBTCD-25MAY2122-T109499.99,DELTA,73,1024,80,100,506,yes,72,-100
2025-05-21T18:03:07.517514,KXBTCD-25MAY2122-T109499.99,DELTA,73,24,80,100,507,yes,73,-1000
2025-05-21T18:03:07.601847,KXBTCD-25MAY2122-T109499.99,DELTA,73,24,80,100,508,yes,51,1000
2025-05-21T18:03:08.098275,KXBTCD-25MAY2122-T109499.99,DELTA,73,24,89,9,509,no,20,-100
2025-05-21T18:03:08.417900,KXBTCD-25MAY2122-T109499.99,DELTA,54,9,89,9,510,yes,73,-24
2025-05-21T18:03:08.435917,KXBTCD-25MAY2122-T109499.99,DELTA,54,9,89,9,511,no,10,-24
2025-05-21T18:03:08.436767,KXBTCD-25MAY2122-T109499.99,DELTA,74,24,89,9,512,yes,74,24
2025-05-21T18:03:08.437365,KXBTCD-25MAY2122-T109499.99,DELTA,74,24,89,9,513,no,8,24
2025-05-21T18:03:08.497543,KXBTCD-25MAY2122-T109499.99,DELTA,74,24,89,9,514,no,4,9
2025-05-21T18:03:08.519640,KXBTCD-25MAY2122-T109499.99,DELTA,74,24,92,24,515,no,11,-9
2025-05-21T18:03:08.635962,KXBTCD-25MAY2122-T109499.99,DELTA,86,1,92,24,516,yes,86,1
2025-05-21T18:03:08.837565,KXBTCD-25MAY2122-T109499.99,DELTA,86,1,92,24,517,yes,74,100
2025-05-21T18:03:09.057519,KXBTCD-25MAY2122-T109499.99,DELTA,86,1,92,24,518,yes,51,-1000
2025-05-21T18:03:09.117705,KXBTCD-25MAY2122-T109499.99,DELTA,86,1,92,24,519,yes,75,1000
2025-05-21T18:03:09.437261,KXBTCD-25MAY2122-T109499.99,DELTA,75,1000,92,24,520,yes,86,-1
2025-05-21T18:03:09.438361,KXBTCD-25MAY2122-T109499.99,DELTA,75,1000,84,99,521,no,16,99
2025-05-21T18:03:09.811581,KXBTCD-25MAY2122-T109499.99,DELTA,75,1000,92,24,522,no,16,-99
2025-05-21T18:03:09.963495,KXBTCD-25MAY2122-T109499.99,DELTA,75,1000,92,24,523,yes,54,-9
2025-05-21T18:03:10.097020,KXBTCD-25MAY2122-T109499.99,DELTA,75,1000,92,24,524,yes,74,-100
2025-05-21T18:03:10.179453,KXBTCD-25MAY2122-T109499.99,DELTA,74,24,92,24,525,yes,75,-1000
2025-05-21T18:03:10.236412,KXBTCD-25MAY2122-T109499.99,DELTA,74,24,92,24,526,yes,51,1000
2025-05-21T18:03:10.936823,KXBTCD-25MAY2122-T109499.99,DELTA,74,24,83,100,527,no,17,100
2025-05-21T18:03:11.056232,KXBTCD-25MAY2122-T109499.99,DELTA,74,24,83,100,528,no,4,-9
2025-05-21T18:03:11.057348,KXBTCD-25MAY2122-T109499.99,DELTA,74,24,83,100,529,yes,54,9
2025-05-21T18:03:11.076628,KXBTCD-25MAY2122-T109499.99,DELTA,74,24,83,100,530,yes,26,-1246
2025-05-21T18:03:11.077350,KXBTCD-25MAY2122-T109499.99,DELTA,74,24,83,100,531,no,9,9
2025-05-21T18:03:11.476447,KXBTCD-25MAY2122-T109499.99,DELTA,74,24,91,9,532,no,17,-100
2025-05-21T18:03:11.616585,KXBTCD-25MAY2122-T109499.99,DELTA,75,100,91,9,533,yes,75,100
2025-05-21T18:03:11.677403,KXBTCD-25MAY2122-T109499.99,DELTA,75,100,91,9,534,yes,51,-1000
2025-05-21T18:03:11.757799,KXBTCD-25MAY2122-T109499.99,DELTA,76,1000,91,9,535,yes,76,1000
2025-05-21T18:03:12.196293,KXBTCD-25MAY2122-T109499.99,DELTA,76,1000,83,100,536,no,17,100
2025-05-21T18:03:13.136376,KXBTCD-25MAY2122-T109499.99,DELTA,76,1000,83,100,537,yes,75,-100
2025-05-21T18:03:13.195917,KXBTCD-25MAY2122-T109499.99,DELTA,76,1000,83,100,538,yes,54,-9
2025-05-21T18:03:13.216077,KXBTCD-25MAY2122-T109499.99,DELTA,76,1000,83,100,539,no,9,-9
2025-05-21T18:03:13.216556,KXBTCD-25MAY2122-T109499.99,DELTA,74,24,83,100,540,yes,76,-1000
2025-05-21T18:03:13.216961,KXBTCD-25MAY2122-T109499.99,DELTA,74,24,83,100,541,no,4,9
2025-05-21T18:03:13.256308,KXBTCD-25MAY2122-T109499.99,DELTA,74,24,83,100,542,yes,51,1000
2025-05-21T18:03:13.315990,KXBTCD-25MAY2122-T109499.99,DELTA,74,24,83,100,543,no,4,-9
2025-05-21T18:03:13.416797,KXBTCD-25MAY2122-T109499.99,DELTA,74,24,83,100,544,yes,54,9
2025-05-21T18:03:13.436886,KXBTCD-25MAY2122-T109499.99,DELTA,74,24,83,100,545,no,9,9
2025-05-21T18:03:13.535868,KXBTCD-25MAY2122-T109499.99,DELTA,74,24,83,100,546,yes,26,1246
2025-05-21T18:03:14.018013,KXBTCD-25MAY2122-T109499.99,DELTA,76,100,83,100,547,yes,76,100
2025-05-21T18:03:14.117001,KXBTCD-25MAY2122-T109499.99,DELTA,76,100,83,100,548,yes,51,-1000
2025-05-21T18:03:14.177911,KXBTCD-25MAY2122-T109499.99,DELTA,77,1000,83,100,549,yes,77,1000
2025-05-21T18:03:15.218310,KXBTCD-25MAY2122-T109499.99,DELTA,77,1000,83,100,550,yes,76,24
2025-05-21T18:03:15.296661,KXBTCD-25MAY2122-T109499.99,DELTA,77,1000,83,100,551,no,7,24
2025-05-21T18:03:15.399111,KXBTCD-25MAY2122-T109499.99,DELTA,77,1000,83,100,552,no,1,-3000
2025-05-21T18:03:15.417896,KXBTCD-25MAY2122-T109499.99,DELTA,77,1000,83,100,553,yes,74,-24
2025-05-21T18:03:15.418448,KXBTCD-25MAY2122-T109499.99,DELTA,77,1000,83,100,554,yes,54,-9
2025-05-21T18:03:15.518480,KXBTCD-25MAY2122-T109499.99,DELTA,77,1000,83,100,555,no,8,-24
2025-05-21T18:03:16.399129,KXBTCD-25MAY2122-T109499.99,DELTA,77,1000,83,100,556,yes,76,-24
2025-05-21T18:03:16.400021,KXBTCD-25MAY2122-T109499.99,DELTA,77,1024,83,100,557,yes,77,24
2025-05-21T18:03:16.418792,KXBTCD-25MAY2122-T109499.99,DELTA,77,1024,83,100,558,no,7,-24
2025-05-21T18:03:16.419380,KXBTCD-25MAY2122-T109499.99,DELTA,77,1024,83,100,559,no,5,24
2025-05-21T18:03:16.503149,KXBTCD-25MAY2122-T109499.99,DELTA,77,1024,83,100,560,yes,53,-3000
2025-05-21T18:03:16.518089,KXBTCD-25MAY2122-T109499.99,DELTA,77,1024,83,100,561,yes,25,-8000
2025-05-21T18:03:16.619130,KXBTCD-25MAY2122-T109499.99,DELTA,77,1024,83,100,562,yes,50,-200
2025-05-21T18:03:16.620737,KXBTCD-25MAY2122-T109499.99,DELTA,77,1024,83,100,563,yes,60,200
2025-05-21T18:03:16.621320,KXBTCD-25MAY2122-T109499.99,DELTA,77,1024,83,100,564,no,9,-9
2025-05-21T18:03:16.621931,KXBTCD-25MAY2122-T109499.99,DELTA,77,1024,83,100,565,no,8,9
2025-05-21T18:03:16.697984,KXBTCD-25MAY2122-T109499.99,DELTA,77,1024,92,9,566,no,17,-100
2025-05-21T18:03:16.700570,KXBTCD-25MAY2122-T109499.99,DELTA,77,1024,92,9,567,yes,70,3000
2025-05-21T18:03:16.701901,KXBTCD-25MAY2122-T109499.99,DELTA,77,1024,92,9,568,yes,41,8000
2025-05-21T18:03:16.703355,KXBTCD-25MAY2122-T109499.99,DELTA,77,1024,92,9,569,yes,76,-100
2025-05-21T18:03:16.797521,KXBTCD-25MAY2122-T109499.99,DELTA,77,1024,92,9,570,yes,51,-2000
2025-05-21T18:03:16.798811,KXBTCD-25MAY2122-T109499.99,DELTA,77,24,92,9,571,yes,77,-1000
2025-05-21T18:03:16.917778,KXBTCD-25MAY2122-T109499.99,DELTA,77,24,92,9,572,yes,61,2000
2025-05-21T18:03:16.918471,KXBTCD-25MAY2122-T109499.99,DELTA,77,24,92,9,573,yes,61,1000
2025-05-21T18:03:18.297722,KXBTCD-25MAY2122-T109499.99,DELTA,77,24,92,9,574,yes,26,-1246
2025-05-21T18:03:18.298768,KXBTCD-25MAY2122-T109499.99,DELTA,77,24,92,9,575,yes,4,8100
2025-05-21T18:03:18.357523,KXBTCD-25MAY2122-T109499.99,DELTA,77,24,92,9,576,yes,5,20000
2025-05-21T18:03:18.417282,KXBTCD-25MAY2122-T109499.99,DELTA,77,24,95,24,577,no,8,-9
2025-05-21T18:03:18.419797,KXBTCD-25MAY2122-T109499.99,DELTA,77,24,95,24,578,yes,71,9
2025-05-21T18:03:18.936103,KXBTCD-25MAY2122-T109499.99,DELTA,77,24,84,100,579,no,16,100
2025-05-21T18:03:18.937050,KXBTCD-25MAY2122-T109499.99,DELTA,77,24,84,100,580,yes,76,100
2025-05-21T18:03:18.996594,KXBTCD-25MAY2122-T109499.99,DELTA,77,24,84,100,581,yes,61,-1000
2025-05-21T18:03:19.055426,KXBTCD-25MAY2122-T109499.99,DELTA,77,1024,84,100,582,yes,77,1000
2025-05-21T18:03:19.136083,KXBTCD-25MAY2122-T109499.99,DELTA,77,1024,84,100,583,yes,70,-3000
2025-05-21T18:03:19.175827,KXBTCD-25MAY2122-T109499.99,DELTA,77,1024,84,100,584,yes,71,-9
2025-05-21T18:03:19.176736,KXBTCD-25MAY2122-T109499.99,DELTA,77,1024,84,100,585,no,6,9
2025-05-21T18:03:19.196091,KXBTCD-25MAY2122-T109499.99,DELTA,77,1024,84,100,586,yes,69,3000
2025-05-21T18:03:19.457147,KXBTCD-25MAY2122-T109499.99,DELTA,77,1024,84,100,587,yes,4,-8100
2025-05-21T18:03:19.457945,KXBTCD-25MAY2122-T109499.99,DELTA,77,1024,84,100,588,yes,6,5400
2025-05-21T18:03:19.516292,KXBTCD-25MAY2122-T109499.99,DELTA,77,1024,84,100,589,yes,5,-20000
2025-05-21T18:03:19.557209,KXBTCD-25MAY2122-T109499.99,DELTA,77,1024,84,100,590,yes,7,20000
2025-05-21T18:03:20.696582,KXBTCD-25MAY2122-T109499.99,DELTA,77,1024,84,100,591,yes,76,-100
2025-05-21T18:03:20.815813,KXBTCD-25MAY2122-T109499.99,DELTA,77,24,84,100,592,yes,77,-1000
2025-05-21T18:03:20.856155,KXBTCD-25MAY2122-T109499.99,DELTA,77,24,84,100,593,yes,61,1000
2025-05-21T18:03:22.397214,KXBTCD-25MAY2122-T109499.99,DELTA,69,3000,84,100,594,yes,77,-24
2025-05-21T18:03:22.398083,KXBTCD-25MAY2122-T109499.99,DELTA,79,24,84,100,595,yes,79,24
2025-05-21T18:03:22.416139,KXBTCD-25MAY2122-T109499.99,DELTA,79,24,84,100,596,no,4,24
2025-05-21T18:03:22.417101,KXBTCD-25MAY2122-T109499.99,DELTA,79,24,84,100,597,no,5,-24
2025-05-21T18:03:22.557168,KXBTCD-25MAY2122-T109499.99,DELTA,79,24,84,100,598,yes,70,9
2025-05-21T18:03:23.056329,KXBTCD-25MAY2122-T109499.99,DELTA,79,24,94,9,599,no,16,-100
2025-05-21T18:03:23.417440,KXBTCD-25MAY2122-T109499.99,DELTA,79,24,94,9,600,yes,77,100
2025-05-21T18:03:23.477002,KXBTCD-25MAY2122-T109499.99,DELTA,79,24,94,9,601,yes,61,-1000
2025-05-21T18:03:23.517587,KXBTCD-25MAY2122-T109499.99,DELTA,79,24,94,9,602,yes,78,1000
2025-05-21T18:03:23.537002,KXBTCD-25MAY2122-T109499.99,DELTA,79,24,96,24,603,no,6,-9
2025-05-21T18:03:24.156270,KXBTCD-25MAY2122-T109499.99,DELTA,79,24,86,100,604,no,14,100
2025-05-21T18:03:24.419158,KXBTCD-25MAY2122-T109499.99,DELTA,79,24,86,100,605,yes,77,-100
2025-05-21T18:03:24.476311,KXBTCD-25MAY2122-T109499.99,DELTA,79,24,86,100,606,yes,78,-1000
2025-05-21T18:03:24.536748,KXBTCD-25MAY2122-T109499.99,DELTA,79,24,86,100,607,yes,70,-9
2025-05-21T18:03:24.537420,KXBTCD-25MAY2122-T109499.99,DELTA,79,24,86,100,608,yes,61,1000
2025-05-21T18:03:24.537786,KXBTCD-25MAY2122-T109499.99,DELTA,79,24,86,100,609,no,5,9
2025-05-21T18:03:24.656078,KXBTCD-25MAY2122-T109499.99,DELTA,79,24,95,9,610,no,14,-100
2025-05-21T18:03:25.356663,KXBTCD-25MAY2122-T109499.99,DELTA,79,24,95,9,611,yes,78,100
2025-05-21T18:03:25.376382,KXBTCD-25MAY2122-T109499.99,DELTA,79,24,86,100,612,no,14,100
2025-05-21T18:03:25.418139,KXBTCD-25MAY2122-T109499.99,DELTA,79,24,86,100,613,yes,61,-1000
2025-05-21T18:03:25.476509,KXBTCD-25MAY2122-T109499.99,DELTA,79,1024,86,100,614,yes,79,1000
2025-05-21T18:03:25.477224,KXBTCD-25MAY2122-T109499.99,DELTA,79,1024,86,100,615,yes,70,9
2025-05-21T18:03:25.477790,KXBTCD-25MAY2122-T109499.99,DELTA,79,1024,86,100,616,no,5,-9
2025-05-21T18:03:25.596460,KXBTCD-25MAY2122-T109499.99,DELTA,79,1024,96,24,617,no,14,-100
2025-05-21T18:03:26.277849,KXBTCD-25MAY2122-T109499.99,DELTA,79,1024,96,24,618,yes,6,-5400
2025-05-21T18:03:26.278969,KXBTCD-25MAY2122-T109499.99,DELTA,79,1024,96,24,619,yes,8,4050
2025-05-21T18:03:26.336294,KXBTCD-25MAY2122-T109499.99,DELTA,79,1024,96,24,620,yes,7,-20000
2025-05-21T18:03:26.395737,KXBTCD-25MAY2122-T109499.99,DELTA,79,1024,96,24,621,yes,70,-9
2025-05-21T18:03:26.396422,KXBTCD-25MAY2122-T109499.99,DELTA,79,1024,96,24,622,yes,9,20000
2025-05-21T18:03:26.735894,KXBTCD-25MAY2122-T109499.99,DELTA,79,1024,85,100,623,no,15,100
2025-05-21T18:03:28.597612,KXBTCD-25MAY2122-T109499.99,DELTA,79,1024,96,24,624,no,15,-100
2025-05-21T18:03:28.598899,KXBTCD-25MAY2122-T109499.99,DELTA,79,1024,96,24,625,yes,78,-100
2025-05-21T18:03:28.658943,KXBTCD-25MAY2122-T109499.99,DELTA,79,24,96,24,626,yes,79,-1000
2025-05-21T18:03:28.701274,KXBTCD-25MAY2122-T109499.99,DELTA,79,24,96,24,627,yes,61,1000
2025-05-21T18:03:28.839332,KXBTCD-25MAY2122-T109499.99,DELTA,79,24,96,24,628,yes,8,-4050
2025-05-21T18:03:28.840479,KXBTCD-25MAY2122-T109499.99,DELTA,79,24,96,24,629,yes,10,3240
2025-05-21T18:03:28.897740,KXBTCD-25MAY2122-T109499.99,DELTA,79,24,96,24,630,yes,9,-20000
2025-05-21T18:03:28.936746,KXBTCD-25MAY2122-T109499.99,DELTA,79,24,96,24,631,yes,11,20000
2025-05-21T18:03:29.037587,KXBTCD-25MAY2122-T109499.99,DELTA,69,3000,96,24,632,yes,79,-24
2025-05-21T18:03:29.038482,KXBTCD-25MAY2122-T109499.99,DELTA,77,24,96,24,633,yes,77,24
2025-05-21T18:03:29.039164,KXBTCD-25MAY2122-T109499.99,DELTA,77,24,95,24,634,no,5,24
2025-05-21T18:03:29.039856,KXBTCD-25MAY2122-T109499.99,DELTA,77,24,95,24,635,no,4,-24
2025-05-21T18:03:29.576704,KXBTCD-25MAY2122-T109499.99,DELTA,77,24,95,24,636,yes,76,100
2025-05-21T18:03:29.596441,KXBTCD-25MAY2122-T109499.99,DELTA,77,24,84,100,637,no,16,100
2025-05-21T18:03:29.638057,KXBTCD-25MAY2122-T109499.99,DELTA,77,24,84,100,638,yes,61,-1000
2025-05-21T18:03:29.699858,KXBTCD-25MAY2122-T109499.99,DELTA,77,1024,84,100,639,yes,77,1000
2025-05-21T18:03:29.700156,KXBTCD-25MAY2122-T109499.99,DELTA,77,1024,84,100,640,yes,70,9
2025-05-21T18:03:32.947896,KXBTCD-25MAY2122-T109499.99,DELTA,77,1024,84,100,641,yes,10,-3240
2025-05-21T18:03:32.948781,KXBTCD-25MAY2122-T109499.99,DELTA,77,1024,84,100,642,yes,12,2700
2025-05-21T18:03:33.019776,KXBTCD-25MAY2122-T109499.99,DELTA,77,1024,84,100,643,yes,11,-20000
2025-05-21T18:03:33.062362,KXBTCD-25MAY2122-T109499.99,DELTA,77,1024,84,100,644,yes,70,-9
2025-05-21T18:03:33.063318,KXBTCD-25MAY2122-T109499.99,DELTA,77,1024,84,100,645,no,6,9
2025-05-21T18:03:35.097004,KXBTCD-25MAY2122-T109499.99,DELTA,77,1024,84,100,646,yes,76,-100
2025-05-21T18:03:35.156328,KXBTCD-25MAY2122-T109499.99,DELTA,77,1024,84,100,647,yes,12,-2700
2025-05-21T18:03:35.157316,KXBTCD-25MAY2122-T109499.99,DELTA,77,1024,84,100,648,yes,4,8100
2025-05-21T18:03:35.179405,KXBTCD-25MAY2122-T109499.99,DELTA,77,24,84,100,649,yes,77,-1000
2025-05-21T18:03:35.216405,KXBTCD-25MAY2122-T109499.99,DELTA,77,24,84,100,650,yes,5,20000
2025-05-21T18:03:35.217350,KXBTCD-25MAY2122-T109499.99,DELTA,77,24,84,100,651,yes,61,1000
2025-05-21T18:03:35.835320,KXBTCD-25MAY2122-T109499.99,DELTA,69,3000,84,100,652,yes,77,-24
2025-05-21T18:03:35.835561,KXBTCD-25MAY2122-T109499.99,DELTA,69,3000,84,100,653,no,5,-24
2025-05-21T18:03:35.862313,KXBTCD-25MAY2122-T109499.99,DELTA,79,24,84,100,654,yes,79,24
2025-05-21T18:03:35.862437,KXBTCD-25MAY2122-T109499.99,DELTA,79,24,84,100,655,no,4,24
2025-05-21T18:03:35.977636,KXBTCD-25MAY2122-T109499.99,DELTA,79,24,84,100,656,no,5,9
2025-05-21T18:03:35.996288,KXBTCD-25MAY2122-T109499.99,DELTA,79,24,84,100,657,no,6,-9
2025-05-21T18:03:36.137982,KXBTCD-25MAY2122-T109499.99,DELTA,79,24,84,100,658,yes,70,9
2025-05-21T18:03:36.196643,KXBTCD-25MAY2122-T109499.99,DELTA,79,24,84,100,659,yes,77,100
2025-05-21T18:03:36.256051,KXBTCD-25MAY2122-T109499.99,DELTA,79,24,84,100,660,yes,61,-1000
2025-05-21T18:03:36.276361,KXBTCD-25MAY2122-T109499.99,DELTA,79,24,84,100,661,yes,4,-8100
2025-05-21T18:03:36.277085,KXBTCD-25MAY2122-T109499.99,DELTA,79,24,84,100,662,yes,6,5400
2025-05-21T18:03:36.297342,KXBTCD-25MAY2122-T109499.99,DELTA,79,24,84,100,663,yes,78,1000
2025-05-21T18:03:36.336648,KXBTCD-25MAY2122-T109499.99,DELTA,79,24,84,100,664,yes,5,-20000
2025-05-21T18:03:36.377141,KXBTCD-25MAY2122-T109499.99,DELTA,79,24,84,100,665,yes,7,20000
2025-05-21T18:03:36.698451,KXBTCD-25MAY2122-T109499.99,DELTA,79,24,84,100,666,yes,77,-100
2025-05-21T18:03:36.699886,KXBTCD-25MAY2122-T109499.99,DELTA,79,24,95,9,667,no,16,-100
2025-05-21T18:03:36.756840,KXBTCD-25MAY2122-T109499.99,DELTA,79,24,95,9,668,yes,78,-1000
2025-05-21T18:03:36.819475,KXBTCD-25MAY2122-T109499.99,DELTA,79,24,95,9,669,yes,70,-9
2025-05-21T18:03:36.837368,KXBTCD-25MAY2122-T109499.99,DELTA,79,24,95,9,670,yes,61,1000
2025-05-21T18:03:37.400459,KXBTCD-25MAY2122-T109499.99,DELTA,79,24,95,9,671,yes,6,-5400
2025-05-21T18:03:37.401558,KXBTCD-25MAY2122-T109499.99,DELTA,79,24,95,9,672,yes,8,4050
2025-05-21T18:03:37.458809,KXBTCD-25MAY2122-T109499.99,DELTA,79,24,95,9,673,yes,7,-20000
2025-05-21T18:03:37.505651,KXBTCD-25MAY2122-T109499.99,DELTA,79,24,95,9,674,yes,9,20000
2025-05-21T18:03:37.578196,KXBTCD-25MAY2122-T109499.99,DELTA,79,24,96,24,675,no,5,-9
2025-05-21T18:03:37.578655,KXBTCD-25MAY2122-T109499.99,DELTA,79,24,96,24,676,yes,70,9
2025-05-21T18:03:37.795555,KXBTCD-25MAY2122-T109499.99,DELTA,79,24,88,100,677,no,12,100
2025-05-21T18:03:37.796264,KXBTCD-25MAY2122-T109499.99,DELTA,80,100,88,100,678,yes,80,100
2025-05-21T18:03:37.856806,KXBTCD-25MAY2122-T109499.99,DELTA,80,100,88,100,679,yes,61,-1000
2025-05-21T18:03:37.897165,KXBTCD-25MAY2122-T109499.99,DELTA,81,1000,88,100,680,yes,81,1000
2025-05-21T18:03:39.476725,KXBTCD-25MAY2122-T109499.99,DELTA,81,1000,96,24,681,no,12,-100
2025-05-21T18:03:39.596860,KXBTCD-25MAY2122-T109499.99,DELTA,81,1000,96,24,682,yes,70,-9
2025-05-21T18:03:40.571085,KXBTCD-25MAY2122-T109499.99,DELTA,81,1000,87,100,683,no,13,100
2025-05-21T18:03:40.698363,KXBTCD-25MAY2122-T109499.99,DELTA,81,1000,87,100,684,no,5,9
2025-05-21T18:03:41.577892,KXBTCD-25MAY2122-T109499.99,DELTA,81,1000,87,100,685,yes,8,-4050
2025-05-21T18:03:41.579061,KXBTCD-25MAY2122-T109499.99,DELTA,81,1000,87,100,686,yes,10,3240
2025-05-21T18:03:41.699012,KXBTCD-25MAY2122-T109499.99,DELTA,81,1000,87,100,687,yes,9,-20000
2025-05-21T18:03:41.737033,KXBTCD-25MAY2122-T109499.99,DELTA,81,1000,87,100,688,yes,11,20000
2025-05-21T18:03:42.817020,KXBTCD-25MAY2122-T109499.99,DELTA,81,1000,87,100,689,yes,80,-100
2025-05-21T18:03:42.817470,KXBTCD-25MAY2122-T109499.99,DELTA,81,1000,95,9,690,no,13,-100
2025-05-21T18:03:42.817775,KXBTCD-25MAY2122-T109499.99,DELTA,81,1000,96,24,691,no,5,-9
2025-05-21T18:03:42.903880,KXBTCD-25MAY2122-T109499.99,DELTA,79,24,96,24,692,yes,81,-1000
2025-05-21T18:03:42.937763,KXBTCD-25MAY2122-T109499.99,DELTA,79,24,96,24,693,yes,61,1000
2025-05-21T18:03:43.776660,KXBTCD-25MAY2122-T109499.99,DELTA,79,24,86,100,694,no,14,100
2025-05-21T18:03:43.777617,KXBTCD-25MAY2122-T109499.99,DELTA,79,24,86,100,695,yes,78,100
2025-05-21T18:03:43.836736,KXBTCD-25MAY2122-T109499.99,DELTA,79,24,86,100,696,yes,61,-1000
2025-05-21T18:03:43.877289,KXBTCD-25MAY2122-T109499.99,DELTA,79,1024,86,100,697,yes,79,1000
2025-05-21T18:03:43.895679,KXBTCD-25MAY2122-T109499.99,DELTA,79,1024,86,100,698,no,5,9
2025-05-21T18:03:43.917020,KXBTCD-25MAY2122-T109499.99,DELTA,79,1024,86,100,699,yes,70,9
2025-05-21T18:03:44.176533,KXBTCD-25MAY2122-T109499.99,DELTA,79,1024,86,100,700,yes,10,-3240
2025-05-21T18:03:44.177572,KXBTCD-25MAY2122-T109499.99,DELTA,79,1024,86,100,701,yes,12,2700
2025-05-21T18:03:44.235955,KXBTCD-25MAY2122-T109499.99,DELTA,79,1024,86,100,702,yes,11,-20000
2025-05-21T18:03:45.085504,KXBTCD-25MAY2122-T109499.99,DELTA,79,24,86,100,703,yes,79,-1000
2025-05-21T18:03:45.086171,KXBTCD-25MAY2122-T109499.99,DELTA,79,24,86,100,704,yes,61,-2000
2025-05-21T18:03:45.147654,KXBTCD-25MAY2122-T109499.99,DELTA,78,100,86,100,705,yes,79,-24
2025-05-21T18:03:45.157282,KXBTCD-25MAY2122-T109499.99,DELTA,80,24,86,100,706,yes,80,24
2025-05-21T18:03:45.158124,KXBTCD-25MAY2122-T109499.99,DELTA,80,24,86,100,707,no,4,-24
2025-05-21T18:03:45.176538,KXBTCD-25MAY2122-T109499.99,DELTA,80,24,86,100,708,no,2,24
2025-05-21T18:03:45.337266,KXBTCD-25MAY2122-T109499.99,DELTA,80,24,86,100,709,yes,12,-2700
2025-05-21T18:03:45.338255,KXBTCD-25MAY2122-T109499.99,DELTA,80,24,86,100,710,yes,4,8100
2025-05-21T18:03:45.397679,KXBTCD-25MAY2122-T109499.99,DELTA,80,24,86,100,711,yes,78,-100
2025-05-21T18:03:45.642391,KXBTCD-25MAY2122-T109499.99,DELTA,80,24,86,100,712,yes,5,20000
2025-05-21T18:03:45.862171,KXBTCD-25MAY2122-T109499.99,DELTA,80,24,86,100,713,yes,61,1000
2025-05-21T18:03:45.958372,KXBTCD-25MAY2122-T109499.99,DELTA,80,24,86,100,714,no,5,-9
2025-05-21T18:03:45.980279,KXBTCD-25MAY2122-T109499.99,DELTA,80,24,86,100,715,no,4,9
2025-05-21T18:03:46.437479,KXBTCD-25MAY2122-T109499.99,DELTA,80,24,96,9,716,no,14,-100
2025-05-21T18:03:46.479097,KXBTCD-25MAY2122-T109499.99,DELTA,80,24,96,9,717,yes,4,-8100
2025-05-21T18:03:46.480158,KXBTCD-25MAY2122-T109499.99,DELTA,80,24,96,9,718,yes,6,5400
2025-05-21T18:03:46.536310,KXBTCD-25MAY2122-T109499.99,DELTA,80,24,96,9,719,yes,5,-20000
2025-05-21T18:03:46.582673,KXBTCD-25MAY2122-T109499.99,DELTA,80,24,96,9,720,yes,7,20000
2025-05-21T18:03:46.638113,KXBTCD-25MAY2122-T109499.99,DELTA,80,24,96,9,721,yes,79,100
2025-05-21T18:03:46.717470,KXBTCD-25MAY2122-T109499.99,DELTA,80,24,96,9,722,yes,61,-1000
2025-05-21T18:03:46.757959,KXBTCD-25MAY2122-T109499.99,DELTA,80,1024,96,9,723,yes,80,1000
2025-05-21T18:03:46.758809,KXBTCD-25MAY2122-T109499.99,DELTA,80,1024,97,80000,724,no,4,-9
2025-05-21T18:03:48.356249,KXBTCD-25MAY2122-T109499.99,DELTA,80,1024,97,80000,725,yes,79,-100
2025-05-21T18:03:48.375890,KXBTCD-25MAY2122-T109499.99,DELTA,80,1024,88,100,726,no,12,100
2025-05-21T18:03:48.418284,KXBTCD-25MAY2122-T109499.99,DELTA,80,24,88,100,727,yes,80,-1000
2025-05-21T18:03:48.477187,KXBTCD-25MAY2122-T109499.99,DELTA,80,24,88,100,728,yes,61,1000
2025-05-21T18:03:48.496619,KXBTCD-25MAY2122-T109499.99,DELTA,80,24,88,100,729,yes,70,-9
2025-05-21T18:03:49.517282,KXBTCD-25MAY2122-T109499.99,DELTA,80,124,88,100,730,yes,80,100
2025-05-21T18:03:49.598250,KXBTCD-25MAY2122-T109499.99,DELTA,80,124,88,100,731,yes,61,-1000
2025-05-21T18:03:49.636746,KXBTCD-25MAY2122-T109499.99,DELTA,81,1000,88,100,732,yes,81,1000
2025-05-21T18:03:49.637779,KXBTCD-25MAY2122-T109499.99,DELTA,81,1000,88,100,733,yes,70,9
2025-05-21T18:03:49.638422,KXBTCD-25MAY2122-T109499.99,DELTA,81,1000,88,100,734,no,4,9
2025-05-21T18:03:50.801465,KXBTCD-25MAY2122-T109499.99,DELTA,81,1000,88,100,735,yes,6,-5400
2025-05-21T18:03:50.802553,KXBTCD-25MAY2122-T109499.99,DELTA,81,1000,88,100,736,yes,8,4050
2025-05-21T18:03:50.857135,KXBTCD-25MAY2122-T109499.99,DELTA,81,1000,88,100,737,yes,7,-20000
2025-05-21T18:03:50.897173,KXBTCD-25MAY2122-T109499.99,DELTA,81,1000,88,100,738,yes,9,20000
2025-05-21T18:03:50.897354,KXBTCD-25MAY2122-T109499.99,DELTA,81,1000,88,100,739,yes,70,-9
2025-05-21T18:03:51.518104,KXBTCD-25MAY2122-T109499.99,DELTA,81,1000,96,9,740,no,12,-100
2025-05-21T18:03:52.357432,KXBTCD-25MAY2122-T109499.99,DELTA,81,1000,88,100,741,no,12,100
2025-05-21T18:03:53.376587,KXBTCD-25MAY2122-T109499.99,DELTA,81,1000,88,100,742,yes,8,-4050
2025-05-21T18:03:53.377643,KXBTCD-25MAY2122-T109499.99,DELTA,81,1000,88,100,743,yes,10,3240
2025-05-21T18:03:53.437192,KXBTCD-25MAY2122-T109499.99,DELTA,81,1000,88,100,744,yes,9,-20000
2025-05-21T18:03:53.478696,KXBTCD-25MAY2122-T109499.99,DELTA,81,1000,88,100,745,yes,11,20000
2025-05-21T18:03:53.522330,KXBTCD-25MAY2122-T109499.99,DELTA,81,1000,96,9,746,no,12,-100
2025-05-21T18:03:55.009246,KXBTCD-25MAY2122-T109499.99,DELTA,81,1000,87,100,747,no,13,100
2025-05-21T18:03:57.137281,KXBTCD-25MAY2122-T109499.99,DELTA,82,24,87,100,748,yes,82,24
2025-05-21T18:03:57.159042,KXBTCD-25MAY2122-T109499.99,DELTA,82,24,87,100,749,yes,80,-24
2025-05-21T18:03:57.159634,KXBTCD-25MAY2122-T109499.99,DELTA,82,24,87,100,750,no,1,24
2025-05-21T18:03:57.160170,KXBTCD-25MAY2122-T109499.99,DELTA,82,24,87,100,751,yes,80,-100
2025-05-21T18:03:57.160648,KXBTCD-25MAY2122-T109499.99,DELTA,82,24,87,100,752,no,2,-24
2025-05-21T18:03:57.161078,KXBTCD-25MAY2122-T109499.99,DELTA,82,24,96,9,753,no,13,-100
2025-05-21T18:03:57.217133,KXBTCD-25MAY2122-T109499.99,DELTA,82,24,96,9,754,yes,81,-1000
2025-05-21T18:03:57.357461,KXBTCD-25MAY2122-T109499.99,DELTA,82,24,96,9,755,yes,61,1000
2025-05-21T18:03:57.756185,KXBTCD-25MAY2122-T109499.99,DELTA,82,24,96,9,756,yes,10,-3240
2025-05-21T18:03:57.756384,KXBTCD-25MAY2122-T109499.99,DELTA,82,24,96,9,757,yes,12,2700
2025-05-21T18:03:57.815877,KXBTCD-25MAY2122-T109499.99,DELTA,82,24,96,9,758,yes,11,-20000
2025-05-21T18:03:58.657204,KXBTCD-25MAY2122-T109499.99,DELTA,82,24,96,9,759,yes,80,100
2025-05-21T18:03:58.658029,KXBTCD-25MAY2122-T109499.99,DELTA,82,24,88,100,760,no,12,100
2025-05-21T18:03:58.719799,KXBTCD-25MAY2122-T109499.99,DELTA,82,24,88,100,761,yes,61,-1000
2025-05-21T18:03:58.758578,KXBTCD-25MAY2122-T109499.99,DELTA,82,24,88,100,762,yes,70,9
2025-05-21T18:03:58.801580,KXBTCD-25MAY2122-T109499.99,DELTA,82,24,88,100,763,yes,81,1000
2025-05-21T18:03:59.677035,KXBTCD-25MAY2122-T109499.99,DELTA,82,24,88,100,764,yes,80,-100
2025-05-21T18:03:59.736756,KXBTCD-25MAY2122-T109499.99,DELTA,82,24,88,100,765,yes,81,-1000
2025-05-21T18:03:59.797720,KXBTCD-25MAY2122-T109499.99,DELTA,82,24,88,100,766,yes,61,1000
2025-05-21T18:03:59.798865,KXBTCD-25MAY2122-T109499.99,DELTA,82,24,88,100,767,yes,70,-9
2025-05-21T18:04:00.217067,KXBTCD-25MAY2122-T109499.99,DELTA,82,24,88,100,768,yes,12,-2700
2025-05-21T18:04:00.218059,KXBTCD-25MAY2122-T109499.99,DELTA,82,24,88,100,769,yes,4,8100
2025-05-21T18:04:00.277650,KXBTCD-25MAY2122-T109499.99,DELTA,82,24,88,100,770,yes,5,20000
2025-05-21T18:04:00.376866,KXBTCD-25MAY2122-T109499.99,DELTA,82,24,88,100,771,yes,81,100
2025-05-21T18:04:00.438003,KXBTCD-25MAY2122-T109499.99,DELTA,82,24,88,100,772,yes,61,-1000
2025-05-21T18:04:00.477546,KXBTCD-25MAY2122-T109499.99,DELTA,82,1024,88,100,773,yes,82,1000
2025-05-21T18:04:04.641814,KXBTCD-25MAY2122-T109499.99,DELTA,82,1024,88,100,774,yes,4,-8100
2025-05-21T18:04:04.642541,KXBTCD-25MAY2122-T109499.99,DELTA,82,1024,88,100,775,yes,6,5400
2025-05-21T18:04:04.704461,KXBTCD-25MAY2122-T109499.99,DELTA,82,1024,88,100,776,yes,5,-20000
2025-05-21T18:04:04.738406,KXBTCD-25MAY2122-T109499.99,DELTA,82,1024,88,100,777,yes,7,20000
2025-05-21T18:04:06.418522,KXBTCD-25MAY2122-T109499.99,DELTA,82,1024,96,9,778,no,12,-100
2025-05-21T18:04:06.437534,KXBTCD-25MAY2122-T109499.99,DELTA,82,1024,96,9,779,yes,81,-100
2025-05-21T18:04:06.517091,KXBTCD-25MAY2122-T109499.99,DELTA,82,24,96,9,780,yes,82,-1000
2025-05-21T18:04:06.557598,KXBTCD-25MAY2122-T109499.99,DELTA,82,24,96,9,781,yes,61,1000
2025-05-21T18:04:06.558424,KXBTCD-25MAY2122-T109499.99,DELTA,82,24,97,80000,782,no,4,-9
2025-05-21T18:04:07.182634,KXBTCD-25MAY2122-T109499.99,DELTA,82,24,97,80000,783,yes,6,-5400
2025-05-21T18:04:07.183761,KXBTCD-25MAY2122-T109499.99,DELTA,82,24,97,80000,784,yes,42,771
2025-05-21T18:04:07.237908,KXBTCD-25MAY2122-T109499.99,DELTA,82,24,97,80000,785,yes,7,-20000
2025-05-21T18:04:07.357254,KXBTCD-25MAY2122-T109499.99,DELTA,82,24,97,80000,786,yes,70,9
2025-05-21T18:04:08.137198,KXBTCD-25MAY2122-T109499.99,DELTA,82,124,97,80000,787,yes,82,100
2025-05-21T18:04:08.156348,KXBTCD-25MAY2122-T109499.99,DELTA,82,124,90,100,788,no,10,100
2025-05-21T18:04:08.216510,KXBTCD-25MAY2122-T109499.99,DELTA,82,124,90,100,789,yes,61,-1000
2025-05-21T18:04:08.257615,KXBTCD-25MAY2122-T109499.99,DELTA,83,1000,90,100,790,yes,83,1000
2025-05-21T18:04:10.581764,KXBTCD-25MAY2122-T109499.99,DELTA,83,1000,90,100,791,yes,82,-100
2025-05-21T18:04:10.658262,KXBTCD-25MAY2122-T109499.99,DELTA,82,24,90,100,792,yes,83,-1000
2025-05-21T18:04:10.696634,KXBTCD-25MAY2122-T109499.99,DELTA,82,24,90,100,793,yes,70,-9
2025-05-21T18:04:10.697684,KXBTCD-25MAY2122-T109499.99,DELTA,82,24,90,100,794,no,4,9
2025-05-21T18:04:10.763645,KXBTCD-25MAY2122-T109499.99,DELTA,82,24,90,100,795,yes,61,1000
2025-05-21T18:04:11.857206,KXBTCD-25MAY2122-T109499.99,DELTA,82,124,90,100,796,yes,82,100
2025-05-21T18:04:11.956546,KXBTCD-25MAY2122-T109499.99,DELTA,82,124,90,100,797,yes,61,-1000
2025-05-21T18:04:11.978776,KXBTCD-25MAY2122-T109499.99,DELTA,82,124,90,100,798,yes,70,9
2025-05-21T18:04:11.996526,KXBTCD-25MAY2122-T109499.99,DELTA,83,1000,90,100,799,yes,83,1000
2025-05-21T18:04:14.376439,KXBTCD-25MAY2122-T109499.99,DELTA,83,1000,90,100,800,yes,82,-100
2025-05-21T18:04:14.437254,KXBTCD-25MAY2122-T109499.99,DELTA,82,24,90,100,801,yes,83,-1000
2025-05-21T18:04:14.479276,KXBTCD-25MAY2122-T109499.99,DELTA,82,24,90,100,802,yes,61,1000
2025-05-21T18:04:14.516956,KXBTCD-25MAY2122-T109499.99,DELTA,82,24,90,100,803,yes,70,-9
2025-05-21T18:04:15.378866,KXBTCD-25MAY2122-T109499.99,DELTA,82,124,90,100,804,yes,82,100
2025-05-21T18:04:15.457663,KXBTCD-25MAY2122-T109499.99,DELTA,82,124,90,100,805,yes,61,-1000
2025-05-21T18:04:15.497471,KXBTCD-25MAY2122-T109499.99,DELTA,82,124,90,100,806,yes,70,9
2025-05-21T18:04:15.556966,KXBTCD-25MAY2122-T109499.99,DELTA,83,1000,90,100,807,yes,83,1000
2025-05-21T18:04:17.400173,KXBTCD-25MAY2122-T109499.99,DELTA,83,1000,90,100,808,yes,82,-100
2025-05-21T18:04:17.459115,KXBTCD-25MAY2122-T109499.99,DELTA,82,24,90,100,809,yes,83,-1000
2025-05-21T18:04:17.517171,KXBTCD-25MAY2122-T109499.99,DELTA,82,24,90,100,810,yes,70,-9
2025-05-21T18:04:17.558583,KXBTCD-25MAY2122-T109499.99,DELTA,82,24,90,100,811,yes,61,1000
2025-05-21T18:04:18.498715,KXBTCD-25MAY2122-T109499.99,DELTA,82,24,90,100,812,yes,80,24
2025-05-21T18:04:18.499808,KXBTCD-25MAY2122-T109499.99,DELTA,82,24,90,100,813,no,2,24
2025-05-21T18:04:18.516917,KXBTCD-25MAY2122-T109499.99,DELTA,80,24,90,100,814,yes,82,-24
2025-05-21T18:04:18.537676,KXBTCD-25MAY2122-T109499.99,DELTA,80,24,90,100,815,no,1,-24
2025-05-21T18:04:18.598433,KXBTCD-25MAY2122-T109499.99,DELTA,80,24,90,100,816,yes,70,9
2025-05-21T18:04:18.616382,KXBTCD-25MAY2122-T109499.99,DELTA,83,100,90,100,817,yes,83,100
2025-05-21T18:04:18.696244,KXBTCD-25MAY2122-T109499.99,DELTA,83,100,90,100,818,yes,61,-1000
2025-05-21T18:04:18.757148,KXBTCD-25MAY2122-T109499.99,DELTA,84,1000,90,100,819,yes,84,1000
2025-05-21T18:04:18.757998,KXBTCD-25MAY2122-T109499.99,DELTA,84,1000,90,1100,820,no,10,1000
2025-05-21T18:04:19.276570,KXBTCD-25MAY2122-T109499.99,DELTA,84,1000,90,100,821,no,10,-1000
2025-05-21T18:04:19.315937,KXBTCD-25MAY2122-T109499.99,DELTA,84,1000,89,1000,822,no,11,1000
2025-05-21T18:04:19.336455,KXBTCD-25MAY2122-T109499.99,DELTA,84,1000,89,1000,823,yes,83,-100
2025-05-21T18:04:19.336988,KXBTCD-25MAY2122-T109499.99,DELTA,84,1000,89,1000,824,no,10,-100
2025-05-21T18:04:19.401423,KXBTCD-25MAY2122-T109499.99,DELTA,84,1000,96,9,825,no,11,-1000
2025-05-21T18:04:19.402544,KXBTCD-25MAY2122-T109499.99,DELTA,84,1000,96,9,826,yes,70,-9
2025-05-21T18:04:19.403003,KXBTCD-25MAY2122-T109499.99,DELTA,84,1000,90,1000,827,no,10,1000
2025-05-21T18:04:19.403680,KXBTCD-25MAY2122-T109499.99,DELTA,80,24,90,1000,828,yes,84,-1000
2025-05-21T18:04:19.458031,KXBTCD-25MAY2122-T109499.99,DELTA,80,24,96,9,829,no,10,-1000
2025-05-21T18:04:19.458729,KXBTCD-25MAY2122-T109499.99,DELTA,80,24,96,9,830,yes,61,1000
2025-05-21T18:04:20.237489,KXBTCD-25MAY2122-T109499.99,DELTA,69,3000,96,9,831,yes,80,-24
2025-05-21T18:04:20.238606,KXBTCD-25MAY2122-T109499.99,DELTA,79,24,96,9,832,yes,79,24
2025-05-21T18:04:20.239459,KXBTCD-25MAY2122-T109499.99,DELTA,79,24,96,33,833,no,4,24
2025-05-21T18:04:20.240202,KXBTCD-25MAY2122-T109499.99,DELTA,79,24,96,33,834,no,2,-24
2025-05-21T18:04:20.317111,KXBTCD-25MAY2122-T109499.99,DELTA,79,24,95,1000,835,no,5,1000
2025-05-21T18:04:20.357823,KXBTCD-25MAY2122-T109499.99,DELTA,79,24,95,1000,836,yes,70,9
2025-05-21T18:04:20.358905,KXBTCD-25MAY2122-T109499.99,DELTA,79,24,95,1000,837,no,4,-9
2025-05-21T18:04:20.418138,KXBTCD-25MAY2122-T109499.99,DELTA,79,24,96,24,838,no,5,-1000
2025-05-21T18:04:20.617131,KXBTCD-25MAY2122-T109499.99,DELTA,79,24,88,100,839,no,12,100
2025-05-21T18:04:20.637555,KXBTCD-25MAY2122-T109499.99,DELTA,80,100,88,100,840,yes,80,100
2025-05-21T18:04:20.717613,KXBTCD-25MAY2122-T109499.99,DELTA,80,100,88,100,841,yes,61,-1000
2025-05-21T18:04:20.778961,KXBTCD-25MAY2122-T109499.99,DELTA,81,1000,88,100,842,yes,81,1000
2025-05-21T18:04:21.016666,KXBTCD-25MAY2122-T109499.99,DELTA,81,1000,88,1100,843,no,12,1000
2025-05-21T18:04:21.137920,KXBTCD-25MAY2122-T109499.99,DELTA,81,1000,88,1100,844,yes,70,-9
2025-05-21T18:04:21.157545,KXBTCD-25MAY2122-T109499.99,DELTA,81,1000,88,1000,845,no,12,-100
2025-05-21T18:04:21.258067,KXBTCD-25MAY2122-T109499.99,DELTA,81,1000,96,24,846,no,12,-1000
2025-05-21T18:04:21.457418,KXBTCD-25MAY2122-T109499.99,DELTA,81,1000,96,24,847,yes,80,-100
2025-05-21T18:04:21.537050,KXBTCD-25MAY2122-T109499.99,DELTA,79,24,96,24,848,yes,81,-1000
2025-05-21T18:04:21.639251,KXBTCD-25MAY2122-T109499.99,DELTA,79,24,96,24,849,yes,61,1000
2025-05-21T18:04:23.837471,KXBTCD-25MAY2122-T109499.99,DELTA,79,24,87,100,850,no,13,100
2025-05-21T18:04:23.857489,KXBTCD-25MAY2122-T109499.99,DELTA,79,124,87,100,851,yes,79,100
2025-05-21T18:04:23.936939,KXBTCD-25MAY2122-T109499.99,DELTA,79,124,87,100,852,yes,61,-1000
2025-05-21T18:04:23.956400,KXBTCD-25MAY2122-T109499.99,DELTA,79,124,87,100,853,yes,70,9
2025-05-21T18:04:23.956634,KXBTCD-25MAY2122-T109499.99,DELTA,79,124,87,100,854,no,5,9
2025-05-21T18:04:23.997523,KXBTCD-25MAY2122-T109499.99,DELTA,80,1000,87,100,855,yes,80,1000
2025-05-21T18:04:24.256315,KXBTCD-25MAY2122-T109499.99,DELTA,80,1000,87,100,856,yes,79,-100
2025-05-21T18:04:24.316768,KXBTCD-25MAY2122-T109499.99,DELTA,79,24,87,100,857,yes,80,-1000
2025-05-21T18:04:24.356566,KXBTCD-25MAY2122-T109499.99,DELTA,79,24,87,100,858,yes,61,1000
2025-05-21T18:04:24.877923,KXBTCD-25MAY2122-T109499.99,DELTA,79,24,87,100,859,yes,61,2000
2025-05-21T18:04:25.178187,KXBTCD-25MAY2122-T109499.99,DELTA,80,100,87,100,860,yes,80,100
2025-05-21T18:04:25.256840,KXBTCD-25MAY2122-T109499.99,DELTA,80,100,87,100,861,yes,61,-1000
2025-05-21T18:04:25.298118,KXBTCD-25MAY2122-T109499.99,DELTA,81,1000,87,100,862,yes,81,1000
2025-05-21T18:04:30.720141,KXBTCD-25MAY2122-T109499.99,DELTA,86,1,87,100,863,yes,86,1
2025-05-21T18:04:31.018308,KXBTCD-25MAY2122-T109499.99,DELTA,86,1,87,100,864,yes,70,-9
2025-05-21T18:04:33.198235,KXBTCD-25MAY2122-T109499.99,DELTA,86,1,95,9,865,no,13,-100
2025-05-21T18:04:33.199368,KXBTCD-25MAY2122-T109499.99,DELTA,86,1,95,9,866,yes,80,-100
2025-05-21T18:04:33.258790,KXBTCD-25MAY2122-T109499.99,DELTA,86,1,95,9,867,yes,81,-1000
2025-05-21T18:04:33.297450,KXBTCD-25MAY2122-T109499.99,DELTA,86,1,96,24,868,no,5,-9
2025-05-21T18:04:33.298436,KXBTCD-25MAY2122-T109499.99,DELTA,86,1,96,24,869,yes,61,1000
2025-05-21T18:04:34.158839,KXBTCD-25MAY2122-T109499.99,DELTA,86,1,96,24,870,yes,79,-24
2025-05-21T18:04:34.159869,KXBTCD-25MAY2122-T109499.99,DELTA,86,1,97,80000,871,no,4,-24
2025-05-21T18:04:34.617181,KXBTCD-25MAY2122-T109499.99,DELTA,86,1,97,80000,872,yes,81,100
2025-05-21T18:04:34.622077,KXBTCD-25MAY2122-T109499.99,DELTA,86,1,89,100,873,no,11,100
2025-05-21T18:04:34.701514,KXBTCD-25MAY2122-T109499.99,DELTA,86,1,89,100,874,yes,61,-1000
2025-05-21T18:04:34.718167,KXBTCD-25MAY2122-T109499.99,DELTA,86,1,89,100,875,yes,82,1000
2025-05-21T18:04:34.818807,KXBTCD-25MAY2122-T109499.99,DELTA,86,1,89,100,876,yes,81,24
2025-05-21T18:04:34.837790,KXBTCD-25MAY2122-T109499.99,DELTA,86,1,89,100,877,no,2,24
2025-05-21T18:04:38.959345,KXBTCD-25MAY2122-T109499.99,DELTA,86,1,89,100,878,yes,81,-24
2025-05-21T18:04:38.977914,KXBTCD-25MAY2122-T109499.99,DELTA,86,1,89,100,879,yes,82,24
2025-05-21T18:04:38.978368,KXBTCD-25MAY2122-T109499.99,DELTA,86,1,89,100,880,no,2,-24
2025-05-21T18:04:38.978684,KXBTCD-25MAY2122-T109499.99,DELTA,86,1,89,100,881,no,1,24
2025-05-21T18:04:39.078173,KXBTCD-25MAY2122-T109499.99,DELTA,86,1,89,100,882,no,4,9
2025-05-21T18:04:39.304759,KXBTCD-25MAY2122-T109499.99,DELTA,86,1,96,9,883,no,11,-100
2025-05-21T18:04:39.402784,KXBTCD-25MAY2122-T109499.99,DELTA,86,1,96,9,884,yes,81,-100
2025-05-21T18:04:39.577561,KXBTCD-25MAY2122-T109499.99,DELTA,86,1,96,9,885,yes,82,-1000
2025-05-21T18:04:39.618969,KXBTCD-25MAY2122-T109499.99,DELTA,86,1,96,9,886,yes,61,1000
2025-05-21T18:04:41.002219,KXBTCD-25MAY2122-T109499.99,DELTA,86,1,96,9,887,yes,60,-200
2025-05-21T18:04:41.002605,KXBTCD-25MAY2122-T109499.99,DELTA,86,1,96,9,888,yes,70,200
2025-05-21T18:04:41.061194,KXBTCD-25MAY2122-T109499.99,DELTA,86,1,96,9,889,yes,61,-2000
2025-05-21T18:04:41.061918,KXBTCD-25MAY2122-T109499.99,DELTA,86,1,96,9,890,yes,61,-1000
2025-05-21T18:04:41.101228,KXBTCD-25MAY2122-T109499.99,DELTA,86,1,96,9,891,yes,71,1000
2025-05-21T18:04:41.101916,KXBTCD-25MAY2122-T109499.99,DELTA,86,1,97,80000,892,no,4,-9
2025-05-21T18:04:41.102466,KXBTCD-25MAY2122-T109499.99,DELTA,86,1,97,80000,893,yes,71,2000
2025-05-21T18:04:41.102931,KXBTCD-25MAY2122-T109499.99,DELTA,86,1,97,80000,894,yes,71,9
2025-05-21T18:04:41.637086,KXBTCD-25MAY2122-T109499.99,DELTA,86,1,97,80000,895,yes,84,100
2025-05-21T18:04:41.638311,KXBTCD-25MAY2122-T109499.99,DELTA,86,1,92,100,896,no,8,100
2025-05-21T18:04:41.737258,KXBTCD-25MAY2122-T109499.99,DELTA,86,1,92,100,897,yes,71,-1000
2025-05-21T18:04:41.777561,KXBTCD-25MAY2122-T109499.99,DELTA,86,1,92,100,898,yes,85,1000
2025-05-21T18:04:41.918908,KXBTCD-25MAY2122-T109499.99,DELTA,86,1,92,100,899,no,4,9
2025-05-21T18:04:41.920031,KXBTCD-25MAY2122-T109499.99,DELTA,86,1,92,100,900,yes,71,-9
2025-05-21T18:04:42.717906,KXBTCD-25MAY2122-T109499.99,DELTA,86,1,96,9,901,no,8,-100
2025-05-21T18:04:42.856926,KXBTCD-25MAY2122-T109499.99,DELTA,86,1,97,80000,902,no,4,-9
2025-05-21T18:04:43.476938,KXBTCD-25MAY2122-T109499.99,DELTA,86,1,97,80000,903,yes,84,-100
2025-05-21T18:04:43.537664,KXBTCD-25MAY2122-T109499.99,DELTA,86,1,97,80000,904,yes,85,-1000
2025-05-21T18:04:43.578772,KXBTCD-25MAY2122-T109499.99,DELTA,86,1,97,80000,905,yes,71,1000
2025-05-21T18:04:43.904974,KXBTCD-25MAY2122-T109499.99,DELTA,86,1,90,100,906,no,10,100
2025-05-21T18:04:44.603185,KXBTCD-25MAY2122-T109499.99,DELTA,86,1,90,100,907,yes,82,100
2025-05-21T18:04:44.639582,KXBTCD-25MAY2122-T109499.99,DELTA,86,1,90,100,908,yes,71,-1000
2025-05-21T18:04:44.699406,KXBTCD-25MAY2122-T109499.99,DELTA,86,1,90,100,909,yes,83,1000
2025-05-21T18:04:44.738937,KXBTCD-25MAY2122-T109499.99,DELTA,86,1,90,100,910,no,4,9
2025-05-21T18:04:44.740361,KXBTCD-25MAY2122-T109499.99,DELTA,86,1,90,100,911,yes,72,9
2025-05-21T18:04:46.737544,KXBTCD-25MAY2122-T109499.99,DELTA,86,1,90,100,912,yes,82,-100
2025-05-21T18:04:46.798814,KXBTCD-25MAY2122-T109499.99,DELTA,86,1,90,100,913,yes,83,-1000
2025-05-21T18:04:46.839318,KXBTCD-25MAY2122-T109499.99,DELTA,86,1,90,100,914,yes,71,1000
2025-05-21T18:04:46.857613,KXBTCD-25MAY2122-T109499.99,DELTA,86,1,90,100,915,yes,72,-9
2025-05-21T18:04:48.097835,KXBTCD-25MAY2122-T109499.99,DELTA,86,1,90,100,916,yes,82,100
2025-05-21T18:04:48.198481,KXBTCD-25MAY2122-T109499.99,DELTA,86,1,90,100,917,yes,71,-1000
2025-05-21T18:04:48.238349,KXBTCD-25MAY2122-T109499.99,DELTA,86,1,90,100,918,yes,83,1000
2025-05-21T18:04:48.239278,KXBTCD-25MAY2122-T109499.99,DELTA,86,1,90,100,919,yes,72,9
2025-05-21T18:04:49.356191,KXBTCD-25MAY2122-T109499.99,DELTA,86,1,90,100,920,yes,82,-100
2025-05-21T18:04:49.416518,KXBTCD-25MAY2122-T109499.99,DELTA,86,1,90,100,921,yes,83,-1000
2025-05-21T18:04:49.477111,KXBTCD-25MAY2122-T109499.99,DELTA,86,1,90,100,922,yes,71,1000
2025-05-21T18:04:49.478010,KXBTCD-25MAY2122-T109499.99,DELTA,86,1,90,100,923,yes,72,-9
2025-05-21T18:04:50.704749,KXBTCD-25MAY2122-T109499.99,DELTA,86,1,90,100,924,yes,82,100
2025-05-21T18:04:50.757762,KXBTCD-25MAY2122-T109499.99,DELTA,86,1,90,100,925,yes,71,-1000
2025-05-21T18:04:50.798386,KXBTCD-25MAY2122-T109499.99,DELTA,86,1,90,100,926,yes,83,1000
2025-05-21T18:04:50.817620,KXBTCD-25MAY2122-T109499.99,DELTA,86,1,90,100,927,yes,72,9
2025-05-21T18:04:50.918441,KXBTCD-25MAY2122-T109499.99,DELTA,86,1,90,100,928,yes,82,-100
2025-05-21T18:04:50.977069,KXBTCD-25MAY2122-T109499.99,DELTA,86,1,90,100,929,yes,83,-1000
2025-05-21T18:04:51.017352,KXBTCD-25MAY2122-T109499.99,DELTA,86,1,90,100,930,yes,71,1000
2025-05-21T18:04:51.778355,KXBTCD-25MAY2122-T109499.99,DELTA,86,1,90,100,931,yes,83,100
2025-05-21T18:04:51.839344,KXBTCD-25MAY2122-T109499.99,DELTA,86,1,90,100,932,yes,71,-1000
2025-05-21T18:04:51.879295,KXBTCD-25MAY2122-T109499.99,DELTA,86,1,90,100,933,yes,84,1000
2025-05-21T18:04:53.839139,KXBTCD-25MAY2122-T109499.99,DELTA,86,1,90,100,934,yes,70,-200
2025-05-21T18:04:53.840146,KXBTCD-25MAY2122-T109499.99,DELTA,86,1,90,100,935,yes,60,200
2025-05-21T18:04:53.917644,KXBTCD-25MAY2122-T109499.99,DELTA,86,1,90,100,936,yes,71,-2000
2025-05-21T18:04:53.957353,KXBTCD-25MAY2122-T109499.99,DELTA,86,1,90,100,937,yes,72,-9
2025-05-21T18:04:53.958444,KXBTCD-25MAY2122-T109499.99,DELTA,86,1,90,100,938,yes,61,2000
2025-05-21T18:04:55.209106,KXBTCD-25MAY2122-T109499.99,DELTA,86,1,90,100,939,yes,60,-200
2025-05-21T18:04:55.210191,KXBTCD-25MAY2122-T109499.99,DELTA,86,1,90,100,940,yes,70,200
2025-05-21T18:04:55.258041,KXBTCD-25MAY2122-T109499.99,DELTA,86,1,90,100,941,yes,61,-2000
2025-05-21T18:04:55.317306,KXBTCD-25MAY2122-T109499.99,DELTA,86,1,90,100,942,yes,71,2000
2025-05-21T18:05:00.541063,KXBTCD-25MAY2122-T109499.99,DELTA,86,1,90,100,943,yes,70,-200
2025-05-21T18:05:00.541822,KXBTCD-25MAY2122-T109499.99,DELTA,86,1,90,100,944,yes,60,200
2025-05-21T18:05:00.597719,KXBTCD-25MAY2122-T109499.99,DELTA,86,1,90,100,945,yes,71,-2000
2025-05-21T18:05:00.638816,KXBTCD-25MAY2122-T109499.99,DELTA,86,1,90,100,946,yes,61,2000
2025-05-21T18:05:01.198885,KXBTCD-25MAY2122-T109499.99,DELTA,86,1,90,100,947,yes,62,250
2025-05-21T18:05:01.300400,KXBTCD-25MAY2122-T109499.99,DELTA,86,1,90,100,948,yes,61,-2000
2025-05-21T18:05:01.317968,KXBTCD-25MAY2122-T109499.99,DELTA,86,1,90,100,949,no,2,250
2025-05-21T18:05:01.319179,KXBTCD-25MAY2122-T109499.99,DELTA,86,1,90,100,950,yes,60,250
2025-05-21T18:05:01.423704,KXBTCD-25MAY2122-T109499.99,DELTA,86,1,90,100,951,no,4,250
2025-05-21T18:05:01.424514,KXBTCD-25MAY2122-T109499.99,DELTA,86,1,90,100,952,yes,68,250
2025-05-21T18:05:01.425054,KXBTCD-25MAY2122-T109499.99,DELTA,86,1,90,100,953,yes,66,250
2025-05-21T18:05:01.425460,KXBTCD-25MAY2122-T109499.99,DELTA,86,1,90,100,954,yes,64,250
2025-05-21T18:05:01.425860,KXBTCD-25MAY2122-T109499.99,DELTA,86,1,90,100,955,yes,63,2000
2025-05-21T18:05:01.480273,KXBTCD-25MAY2122-T109499.99,DELTA,86,1,90,100,956,no,3,1000
2025-05-21T18:05:01.558311,KXBTCD-25MAY2122-T109499.99,DELTA,86,1,90,100,957,no,3,-1000
2025-05-21T18:05:02.098389,KXBTCD-25MAY2122-T109499.99,DELTA,86,1,90,100,958,yes,63,-2000
2025-05-21T18:05:02.198845,KXBTCD-25MAY2122-T109499.99,DELTA,86,1,90,100,959,yes,68,-250
2025-05-21T18:05:02.218514,KXBTCD-25MAY2122-T109499.99,DELTA,86,1,90,100,960,no,4,-9
2025-05-21T18:05:02.218766,KXBTCD-25MAY2122-T109499.99,DELTA,86,1,90,100,961,no,5,2000
2025-05-21T18:05:02.247743,KXBTCD-25MAY2122-T109499.99,DELTA,86,1,90,100,962,yes,58,250
2025-05-21T18:05:02.311004,KXBTCD-25MAY2122-T109499.99,DELTA,86,1,90,100,963,no,5,9
2025-05-21T18:05:02.311783,KXBTCD-25MAY2122-T109499.99,DELTA,86,1,90,100,964,no,5,1000
2025-05-21T18:05:02.358177,KXBTCD-25MAY2122-T109499.99,DELTA,86,1,90,100,965,no,5,1250
2025-05-21T18:05:02.399093,KXBTCD-25MAY2122-T109499.99,DELTA,86,1,90,100,966,yes,83,-100
2025-05-21T18:05:02.481915,KXBTCD-25MAY2122-T109499.99,DELTA,86,1,90,100,967,yes,69,2000
2025-05-21T18:05:02.528496,KXBTCD-25MAY2122-T109499.99,DELTA,86,1,95,4259,968,no,10,-100
2025-05-21T18:05:02.556943,KXBTCD-25MAY2122-T109499.99,DELTA,86,1,95,4259,969,yes,84,-1000
2025-05-21T18:05:02.637499,KXBTCD-25MAY2122-T109499.99,DELTA,86,1,95,4259,970,yes,67,1000
2025-05-21T18:05:02.839650,KXBTCD-25MAY2122-T109499.99,DELTA,86,1,94,250,971,no,6,250
2025-05-21T18:05:02.901287,KXBTCD-25MAY2122-T109499.99,DELTA,86,1,94,250,972,yes,69,-2000
2025-05-21T18:05:02.919148,KXBTCD-25MAY2122-T109499.99,DELTA,86,1,94,250,973,no,5,-1000
2025-05-21T18:05:02.919669,KXBTCD-25MAY2122-T109499.99,DELTA,86,1,94,250,974,no,5,-1250
2025-05-21T18:05:02.979196,KXBTCD-25MAY2122-T109499.99,DELTA,86,1,94,250,975,yes,67,2000
2025-05-21T18:05:03.018482,KXBTCD-25MAY2122-T109499.99,DELTA,86,1,94,1500,976,no,6,1250
2025-05-21T18:05:03.058377,KXBTCD-25MAY2122-T109499.99,DELTA,86,1,93,1000,977,no,7,1000
2025-05-21T18:05:03.158666,KXBTCD-25MAY2122-T109499.99,DELTA,86,1,93,1000,978,yes,68,250
2025-05-21T18:05:03.218580,KXBTCD-25MAY2122-T109499.99,DELTA,86,1,93,1000,979,yes,67,-2000
2025-05-21T18:05:03.242260,KXBTCD-25MAY2122-T109499.99,DELTA,86,1,93,1000,980,yes,67,-1000
2025-05-21T18:05:03.279414,KXBTCD-25MAY2122-T109499.99,DELTA,86,1,93,1000,981,yes,69,1000
2025-05-21T18:05:03.280234,KXBTCD-25MAY2122-T109499.99,DELTA,86,1,93,1000,982,yes,58,-250
2025-05-21T18:05:03.358418,KXBTCD-25MAY2122-T109499.99,DELTA,86,1,93,1000,983,yes,69,2000
2025-05-21T18:05:03.383144,KXBTCD-25MAY2122-T109499.99,DELTA,86,1,93,1000,984,no,5,-9
2025-05-21T18:05:04.438142,KXBTCD-25MAY2122-T109499.99,DELTA,86,1,93,1000,985,yes,70,9
2025-05-21T18:05:05.597382,KXBTCD-25MAY2122-T109499.99,DELTA,86,1,93,1000,986,no,5,-2000
2025-05-21T18:05:05.598418,KXBTCD-25MAY2122-T109499.99,DELTA,86,1,93,1000,987,no,6,-1250
2025-05-21T18:05:05.777131,KXBTCD-25MAY2122-T109499.99,DELTA,86,1,93,1000,988,no,5,1250
2025-05-21T18:05:05.777290,KXBTCD-25MAY2122-T109499.99,DELTA,86,1,93,1000,989,no,4,2000
2025-05-21T18:05:06.178274,KXBTCD-25MAY2122-T109499.99,DELTA,86,1,93,1000,990,no,6,-250
2025-05-21T18:05:06.239802,KXBTCD-25MAY2122-T109499.99,DELTA,86,1,95,1250,991,no,7,-1000
2025-05-21T18:05:06.318031,KXBTCD-25MAY2122-T109499.99,DELTA,86,1,95,1250,992,yes,60,-200
2025-05-21T18:05:06.318703,KXBTCD-25MAY2122-T109499.99,DELTA,86,1,95,1250,993,yes,70,200
2025-05-21T18:05:06.377238,KXBTCD-25MAY2122-T109499.99,DELTA,86,1,95,2250,994,no,5,1000
2025-05-21T18:05:06.478255,KXBTCD-25MAY2122-T109499.99,DELTA,86,1,95,2250,995,yes,69,-2000
2025-05-21T18:05:06.497383,KXBTCD-25MAY2122-T109499.99,DELTA,86,1,95,2250,996,yes,69,-1000
2025-05-21T18:05:06.498861,KXBTCD-25MAY2122-T109499.99,DELTA,86,1,95,2250,997,yes,70,-9
2025-05-21T18:05:06.637803,KXBTCD-25MAY2122-T109499.99,DELTA,86,1,95,2250,998,yes,71,1000
2025-05-21T18:05:06.803832,KXBTCD-25MAY2122-T109499.99,DELTA,86,1,95,2250,999,yes,71,2000
2025-05-21T18:05:06.898024,KXBTCD-25MAY2122-T109499.99,DELTA,86,1,95,2250,1000,yes,83,100
2025-05-21T18:05:06.918421,KXBTCD-25MAY2122-T109499.99,DELTA,86,1,91,100,1001,no,9,100
2025-05-21T18:05:06.958475,KXBTCD-25MAY2122-T109499.99,DELTA,86,1,91,100,1002,yes,71,-1000
2025-05-21T18:05:07.017847,KXBTCD-25MAY2122-T109499.99,DELTA,86,1,91,100,1003,yes,84,1000
2025-05-21T18:05:07.379172,KXBTCD-25MAY2122-T109499.99,DELTA,86,1,91,100,1004,yes,71,9
2025-05-21T18:05:07.736672,KXBTCD-25MAY2122-T109499.99,DELTA,86,1,91,100,1005,yes,71,-9
2025-05-21T18:05:08.157044,KXBTCD-25MAY2122-T109499.99,DELTA,86,1,91,100,1006,yes,70,250
2025-05-21T18:05:08.277891,KXBTCD-25MAY2122-T109499.99,DELTA,86,1,91,100,1007,yes,60,-250
2025-05-21T18:05:08.717189,KXBTCD-25MAY2122-T109499.99,DELTA,86,1,91,100,1008,no,4,-2000
2025-05-21T18:05:08.717938,KXBTCD-25MAY2122-T109499.99,DELTA,86,1,91,100,1009,no,5,-1250
2025-05-21T18:05:08.976655,KXBTCD-25MAY2122-T109499.99,DELTA,86,1,91,100,1010,no,3,2000
2025-05-21T18:05:09.077868,KXBTCD-25MAY2122-T109499.99,DELTA,86,1,91,100,1011,no,4,1250
2025-05-21T18:05:09.098161,KXBTCD-25MAY2122-T109499.99,DELTA,86,1,91,100,1012,yes,83,-100
2025-05-21T18:05:09.178910,KXBTCD-25MAY2122-T109499.99,DELTA,86,1,91,100,1013,yes,84,-1000
2025-05-21T18:05:09.237478,KXBTCD-25MAY2122-T109499.99,DELTA,86,1,91,100,1014,yes,71,1000
2025-05-21T18:05:09.790335,KXBTCD-25MAY2122-T109499.99,DELTA,86,1,91,100,1015,no,4,-250
2025-05-21T18:05:09.980219,KXBTCD-25MAY2122-T109499.99,DELTA,86,1,91,100,1016,yes,72,9
2025-05-21T18:05:10.117893,KXBTCD-25MAY2122-T109499.99,DELTA,86,1,91,100,1017,no,5,-1000
2025-05-21T18:05:10.137709,KXBTCD-25MAY2122-T109499.99,DELTA,86,1,91,100,1018,no,4,-1250
2025-05-21T18:05:10.180917,KXBTCD-25MAY2122-T109499.99,DELTA,86,1,91,100,1019,no,3,1250
2025-05-21T18:05:10.217576,KXBTCD-25MAY2122-T109499.99,DELTA,86,1,91,100,1020,no,3,1000
2025-05-21T18:05:10.218272,KXBTCD-25MAY2122-T109499.99,DELTA,86,1,91,100,1021,yes,84,100
2025-05-21T18:05:10.516569,KXBTCD-25MAY2122-T109499.99,DELTA,86,1,91,100,1022,yes,71,-1000
2025-05-21T18:05:10.577992,KXBTCD-25MAY2122-T109499.99,DELTA,86,1,91,100,1023,yes,85,1000
2025-05-21T18:05:10.737938,KXBTCD-25MAY2122-T109499.99,DELTA,86,1,91,100,1024,yes,72,-9
2025-05-21T18:05:11.257279,KXBTCD-25MAY2122-T109499.99,DELTA,86,1,91,100,1025,no,4,250
2025-05-21T18:05:11.358084,KXBTCD-25MAY2122-T109499.99,DELTA,86,1,91,100,1026,no,4,9
2025-05-21T18:05:11.757582,KXBTCD-25MAY2122-T109499.99,DELTA,86,1,91,100,1027,no,4,-9
2025-05-21T18:05:11.758351,KXBTCD-25MAY2122-T109499.99,DELTA,86,1,91,100,1028,no,3,-1000
2025-05-21T18:05:11.778874,KXBTCD-25MAY2122-T109499.99,DELTA,86,1,91,100,1029,no,3,-1250
2025-05-21T18:05:11.837322,KXBTCD-25MAY2122-T109499.99,DELTA,86,1,91,100,1030,no,4,1250
2025-05-21T18:05:11.838001,KXBTCD-25MAY2122-T109499.99,DELTA,86,1,91,100,1031,no,5,1000
2025-05-21T18:05:13.418004,KXBTCD-25MAY2122-T109499.99,DELTA,86,1,91,100,1032,no,3,-2000
2025-05-21T18:05:13.419777,KXBTCD-25MAY2122-T109499.99,DELTA,86,1,91,100,1033,no,4,-1250
2025-05-21T18:05:13.478030,KXBTCD-25MAY2122-T109499.99,DELTA,86,1,91,100,1034,no,5,1250
2025-05-21T18:05:13.478951,KXBTCD-25MAY2122-T109499.99,DELTA,86,1,91,100,1035,no,4,2000
2025-05-21T18:05:14.018923,KXBTCD-25MAY2122-T109499.99,DELTA,86,1,91,100,1036,no,4,-2000
2025-05-21T18:05:14.020066,KXBTCD-25MAY2122-T109499.99,DELTA,86,1,91,100,1037,no,5,-1250
2025-05-21T18:05:14.139863,KXBTCD-25MAY2122-T109499.99,DELTA,86,1,91,100,1038,no,4,1250
2025-05-21T18:05:14.178296,KXBTCD-25MAY2122-T109499.99,DELTA,86,1,91,100,1039,no,3,2000
2025-05-21T18:05:14.259076,KXBTCD-25MAY2122-T109499.99,DELTA,86,1,91,100,1040,no,3,-2000
2025-05-21T18:05:14.277311,KXBTCD-25MAY2122-T109499.99,DELTA,86,1,91,100,1041,no,4,-1250
2025-05-21T18:05:14.336887,KXBTCD-25MAY2122-T109499.99,DELTA,86,1,91,100,1042,no,5,1250
2025-05-21T18:05:14.818131,KXBTCD-25MAY2122-T109499.99,DELTA,86,1,91,100,1043,no,4,2000
2025-05-21T18:05:15.198779,KXBTCD-25MAY2122-T109499.99,DELTA,86,1,91,100,1044,yes,70,-250
2025-05-21T18:05:15.219134,KXBTCD-25MAY2122-T109499.99,DELTA,86,1,91,100,1045,yes,60,250
2025-05-21T18:05:19.257626,KXBTCD-25MAY2122-T109499.99,DELTA,86,1,91,100,1046,no,4,-2000
2025-05-21T18:05:19.259293,KXBTCD-25MAY2122-T109499.99,DELTA,86,1,91,100,1047,no,5,-1250
2025-05-21T18:05:19.337548,KXBTCD-25MAY2122-T109499.99,DELTA,86,1,91,100,1048,no,3,2000
2025-05-21T18:05:19.597342,KXBTCD-25MAY2122-T109499.99,DELTA,86,1,91,100,1049,no,4,1250
2025-05-21T18:05:20.218130,KXBTCD-25MAY2122-T109499.99,DELTA,86,1,91,100,1050,yes,60,-250
2025-05-21T18:05:20.219209,KXBTCD-25MAY2122-T109499.99,DELTA,86,1,91,100,1051,yes,70,250
2025-05-21T18:05:23.118555,KXBTCD-25MAY2122-T109499.99,DELTA,86,1,91,100,1052,no,3,-2000
2025-05-21T18:05:23.138473,KXBTCD-25MAY2122-T109499.99,DELTA,86,1,91,100,1053,no,4,-1250
2025-05-21T18:05:23.198320,KXBTCD-25MAY2122-T109499.99,DELTA,86,1,91,100,1054,no,5,1250
2025-05-21T18:05:23.199124,KXBTCD-25MAY2122-T109499.99,DELTA,86,1,91,100,1055,no,4,2000
2025-05-21T18:05:23.399083,KXBTCD-25MAY2122-T109499.99,DELTA,86,1,91,100,1056,yes,84,-100
2025-05-21T18:05:23.498170,KXBTCD-25MAY2122-T109499.99,DELTA,86,1,91,100,1057,yes,85,-1000
2025-05-21T18:05:23.542005,KXBTCD-25MAY2122-T109499.99,DELTA,86,1,91,100,1058,yes,71,1000
2025-05-21T18:05:23.618765,KXBTCD-25MAY2122-T109499.99,DELTA,86,1,95,2250,1059,no,9,-100
2025-05-21T18:05:25.178438,KXBTCD-25MAY2122-T109499.99,DELTA,86,1,95,2250,1060,yes,60,250
2025-05-21T18:05:25.219428,KXBTCD-25MAY2122-T109499.99,DELTA,86,1,95,2250,1061,yes,70,-250
2025-05-21T18:05:25.297355,KXBTCD-25MAY2122-T109499.99,DELTA,86,1,95,2250,1062,yes,72,9
2025-05-21T18:05:26.438111,KXBTCD-25MAY2122-T109499.99,DELTA,86,1,95,2250,1063,yes,84,100
2025-05-21T18:05:26.457433,KXBTCD-25MAY2122-T109499.99,DELTA,86,1,92,100,1064,no,8,100
2025-05-21T18:05:26.518863,KXBTCD-25MAY2122-T109499.99,DELTA,86,1,92,100,1065,yes,71,-1000
2025-05-21T18:05:26.577971,KXBTCD-25MAY2122-T109499.99,DELTA,86,1,92,100,1066,yes,85,1000
2025-05-21T18:05:30.802140,KXBTCD-25MAY2122-T109499.99,DELTA,86,1,92,100,1067,yes,84,-100
2025-05-21T18:05:31.022267,KXBTCD-25MAY2122-T109499.99,DELTA,86,1,92,100,1068,yes,85,-1000
2025-05-21T18:05:31.099055,KXBTCD-25MAY2122-T109499.99,DELTA,86,1,92,100,1069,yes,72,-9
2025-05-21T18:05:31.219433,KXBTCD-25MAY2122-T109499.99,DELTA,86,1,92,100,1070,yes,71,1000
2025-05-21T18:05:32.220121,KXBTCD-25MAY2122-T109499.99,DELTA,86,1,92,100,1071,no,4,-2000
2025-05-21T18:05:32.319219,KXBTCD-25MAY2122-T109499.99,DELTA,86,1,92,100,1072,no,5,-1000
2025-05-21T18:05:32.899524,KXBTCD-25MAY2122-T109499.99,DELTA,86,1,92,1100,1073,no,8,1000
2025-05-21T18:05:32.900062,KXBTCD-25MAY2122-T109499.99,DELTA,86,1,92,1100,1074,no,5,2000
2025-05-21T18:05:32.901870,KXBTCD-25MAY2122-T109499.99,DELTA,86,1,92,1100,1075,yes,72,9
2025-05-21T18:05:32.902100,KXBTCD-25MAY2122-T109499.99,DELTA,86,1,92,1100,1076,yes,70,-200
2025-05-21T18:05:32.902286,KXBTCD-25MAY2122-T109499.99,DELTA,86,1,92,1100,1077,yes,60,200
2025-05-21T18:05:33.104312,KXBTCD-25MAY2122-T109499.99,DELTA,86,1,92,1100,1078,yes,71,-2000
2025-05-21T18:05:33.105716,KXBTCD-25MAY2122-T109499.99,DELTA,86,1,92,1100,1079,yes,71,-1000
2025-05-21T18:05:33.201859,KXBTCD-25MAY2122-T109499.99,DELTA,86,1,92,1100,1080,yes,69,1000
2025-05-21T18:05:33.202686,KXBTCD-25MAY2122-T109499.99,DELTA,86,1,92,1100,1081,yes,69,2000
2025-05-21T18:05:33.240535,KXBTCD-25MAY2122-T109499.99,DELTA,86,1,92,1000,1082,no,8,-100
2025-05-21T18:05:33.337666,KXBTCD-25MAY2122-T109499.99,DELTA,86,1,95,3250,1083,no,8,-1000
2025-05-21T18:05:33.419391,KXBTCD-25MAY2122-T109499.99,DELTA,86,1,95,4250,1084,no,5,1000
2025-05-21T18:05:33.619261,KXBTCD-25MAY2122-T109499.99,DELTA,86,1,95,4250,1085,yes,82,100
2025-05-21T18:05:33.702059,KXBTCD-25MAY2122-T109499.99,DELTA,86,1,94,250,1086,no,6,250
2025-05-21T18:05:33.830845,KXBTCD-25MAY2122-T109499.99,DELTA,86,1,94,250,1087,yes,69,-1000
2025-05-21T18:05:33.861846,KXBTCD-25MAY2122-T109499.99,DELTA,86,1,94,250,1088,no,5,-1000
2025-05-21T18:05:33.862349,KXBTCD-25MAY2122-T109499.99,DELTA,86,1,94,250,1089,no,5,-1250
2025-05-21T18:05:33.897821,KXBTCD-25MAY2122-T109499.99,DELTA,86,1,94,250,1090,yes,70,9
2025-05-21T18:05:33.938331,KXBTCD-25MAY2122-T109499.99,DELTA,86,1,94,250,1091,yes,83,1000
2025-05-21T18:05:34.058573,KXBTCD-25MAY2122-T109499.99,DELTA,86,1,94,250,1092,yes,72,-9
2025-05-21T18:05:34.080979,KXBTCD-25MAY2122-T109499.99,DELTA,86,1,93,1000,1093,no,7,1000
2025-05-21T18:05:34.081592,KXBTCD-25MAY2122-T109499.99,DELTA,86,1,93,1000,1094,no,6,1250
2025-05-21T18:05:34.277115,KXBTCD-25MAY2122-T109499.99,DELTA,86,1,93,1000,1095,yes,82,-100
2025-05-21T18:05:34.357431,KXBTCD-25MAY2122-T109499.99,DELTA,86,1,93,1000,1096,yes,83,-1000
2025-05-21T18:05:34.417637,KXBTCD-25MAY2122-T109499.99,DELTA,86,1,93,1000,1097,yes,69,1000
2025-05-21T18:05:34.657170,KXBTCD-25MAY2122-T109499.99,DELTA,86,1,91,100,1098,no,9,100
2025-05-21T18:05:35.439079,KXBTCD-25MAY2122-T109499.99,DELTA,86,1,93,1000,1099,no,9,-100
2025-05-21T18:05:35.558367,KXBTCD-25MAY2122-T109499.99,DELTA,86,1,93,1000,1100,yes,82,100
2025-05-21T18:05:35.618356,KXBTCD-25MAY2122-T109499.99,DELTA,86,1,93,1000,1101,yes,69,-1000
2025-05-21T18:05:35.719252,KXBTCD-25MAY2122-T109499.99,DELTA,86,1,93,1000,1102,yes,83,1000
2025-05-21T18:05:36.119526,KXBTCD-25MAY2122-T109499.99,DELTA,86,1,93,1000,1103,no,5,-2000
2025-05-21T18:05:36.120311,KXBTCD-25MAY2122-T109499.99,DELTA,86,1,93,1000,1104,no,6,-1250
2025-05-21T18:05:36.220865,KXBTCD-25MAY2122-T109499.99,DELTA,86,1,93,1000,1105,no,6,2000
2025-05-21T18:05:36.221123,KXBTCD-25MAY2122-T109499.99,DELTA,86,1,93,2250,1106,no,7,1250
