timestamp,market_ticker,type,yes_bid_price_cents,yes_bid_qty,yes_ask_price_cents,yes_ask_qty_on_no_side,sequence_num,delta_side,delta_price_cents,delta_quantity
2025-05-21T13:02:42.730146,KXBTCD-25MAY2117-T109499.99,SNAPSHOT,13,50,15,1100,1,,,
2025-05-21T13:02:45.374962,KXBTCD-25MAY2117-T109499.99,DELTA,13,50,15,100,2,no,85,-1000
2025-05-21T13:02:45.453639,KXBTCD-25MAY2117-T109499.99,DELTA,13,50,14,1000,3,no,86,1000
2025-05-21T13:02:45.857028,KXBTCD-25MAY2117-T109499.99,DELTA,13,50,15,100,4,no,86,-1000
2025-05-21T13:02:45.873451,KXBTCD-25MAY2117-T109499.99,DELTA,13,50,15,1100,5,no,85,1000
2025-05-21T13:02:46.675478,KXBTCD-25MAY2117-T109499.99,DELTA,13,50,15,100,6,no,85,-1000
2025-05-21T13:02:46.675727,KXBTCD-25MAY2117-T109499.99,DELTA,13,50,14,1000,7,no,86,1000
2025-05-21T13:02:46.713494,KXBTCD-25MAY2117-T109499.99,DELTA,13,50,15,100,8,no,86,-1000
2025-05-21T13:02:46.773251,KXBTCD-25MAY2117-T109499.99,DELTA,13,50,15,1100,9,no,85,1000
2025-05-21T13:02:47.804483,KXBTCD-25MAY2117-T109499.99,DELTA,13,50,15,100,10,no,85,-1000
2025-05-21T13:02:47.805240,KXBTCD-25MAY2117-T109499.99,DELTA,13,50,14,1000,11,no,86,1000
2025-05-21T13:02:53.213839,KXBTCD-25MAY2117-T109499.99,DELTA,13,50,14,1000,12,yes,12,-500
2025-05-21T13:02:53.272989,KXBTCD-25MAY2117-T109499.99,DELTA,13,50,14,1000,13,yes,11,500
2025-05-21T13:02:53.273442,KXBTCD-25MAY2117-T109499.99,DELTA,11,500,14,1000,14,yes,13,-50
2025-05-21T13:02:53.273873,KXBTCD-25MAY2117-T109499.99,DELTA,11,500,14,1000,15,yes,10,50
2025-05-21T13:02:53.412996,KXBTCD-25MAY2117-T109499.99,DELTA,11,500,14,1000,16,yes,8,-100
2025-05-21T13:02:53.413966,KXBTCD-25MAY2117-T109499.99,DELTA,11,500,14,1000,17,yes,10,-50
2025-05-21T13:02:53.414661,KXBTCD-25MAY2117-T109499.99,DELTA,12,50,14,1000,18,yes,12,50
2025-05-21T13:02:53.415075,KXBTCD-25MAY2117-T109499.99,DELTA,12,50,14,1000,19,no,85,-100
2025-05-21T13:02:53.493160,KXBTCD-25MAY2117-T109499.99,DELTA,12,50,14,1000,20,yes,9,-1000
2025-05-21T13:02:53.493714,KXBTCD-25MAY2117-T109499.99,DELTA,12,50,18,74,21,no,86,-1000
2025-05-21T13:02:53.554152,KXBTCD-25MAY2117-T109499.99,DELTA,12,50,17,1000,22,no,83,1000
2025-05-21T13:02:53.554951,KXBTCD-25MAY2117-T109499.99,DELTA,12,50,17,1000,23,yes,2,1000
2025-05-21T13:02:54.225382,KXBTCD-25MAY2117-T109499.99,DELTA,12,50,17,1000,24,yes,7,100
2025-05-21T13:02:54.226051,KXBTCD-25MAY2117-T109499.99,DELTA,12,50,15,100,25,no,85,100
2025-05-21T13:02:54.294064,KXBTCD-25MAY2117-T109499.99,DELTA,12,50,15,100,26,yes,2,-1000
2025-05-21T13:02:54.294739,KXBTCD-25MAY2117-T109499.99,DELTA,12,50,15,100,27,no,83,-1000
2025-05-21T13:02:54.335407,KXBTCD-25MAY2117-T109499.99,DELTA,12,50,15,100,28,yes,8,1000
2025-05-21T13:02:54.335674,KXBTCD-25MAY2117-T109499.99,DELTA,12,50,14,1000,29,no,86,1000
2025-05-21T13:02:54.734662,KXBTCD-25MAY2117-T109499.99,DELTA,12,50,15,100,30,no,86,-1000
2025-05-21T13:02:54.793783,KXBTCD-25MAY2117-T109499.99,DELTA,12,50,15,1100,31,no,85,1000
2025-05-21T13:02:54.953283,KXBTCD-25MAY2117-T109499.99,DELTA,12,50,15,1100,32,no,75,-1
2025-05-21T13:02:54.953674,KXBTCD-25MAY2117-T109499.99,DELTA,12,50,15,1100,33,no,74,1
2025-05-21T13:02:55.574047,KXBTCD-25MAY2117-T109499.99,DELTA,12,50,15,1100,34,no,74,-1
2025-05-21T13:02:55.575251,KXBTCD-25MAY2117-T109499.99,DELTA,12,50,15,1100,35,no,75,1
2025-05-21T13:02:57.453058,KXBTCD-25MAY2117-T109499.99,DELTA,12,50,15,100,36,no,85,-1000
2025-05-21T13:02:57.473733,KXBTCD-25MAY2117-T109499.99,DELTA,12,50,18,74,37,no,85,-100
2025-05-21T13:02:57.532780,KXBTCD-25MAY2117-T109499.99,DELTA,12,50,14,1000,38,no,86,1000
2025-05-21T13:02:57.572696,KXBTCD-25MAY2117-T109499.99,DELTA,12,50,14,1000,39,no,80,-500
2025-05-21T13:02:57.592502,KXBTCD-25MAY2117-T109499.99,DELTA,12,50,18,74,40,no,86,-1000
2025-05-21T13:02:57.613412,KXBTCD-25MAY2117-T109499.99,DELTA,12,50,18,424,41,no,82,350
2025-05-21T13:02:57.652481,KXBTCD-25MAY2117-T109499.99,DELTA,12,50,18,424,42,no,81,-2000
2025-05-21T13:02:57.653124,KXBTCD-25MAY2117-T109499.99,DELTA,12,50,18,424,43,no,81,-1250
2025-05-21T13:02:57.653607,KXBTCD-25MAY2117-T109499.99,DELTA,12,50,17,1000,44,no,83,1000
2025-05-21T13:02:57.733855,KXBTCD-25MAY2117-T109499.99,DELTA,12,50,17,2250,45,no,83,1250
2025-05-21T13:02:57.735007,KXBTCD-25MAY2117-T109499.99,DELTA,12,50,17,4250,46,no,83,2000
2025-05-21T13:02:58.033506,KXBTCD-25MAY2117-T109499.99,DELTA,12,50,17,4250,47,no,82,-350
2025-05-21T13:02:58.074592,KXBTCD-25MAY2117-T109499.99,DELTA,12,50,17,4250,48,no,81,500
2025-05-21T13:02:58.094684,KXBTCD-25MAY2117-T109499.99,DELTA,12,50,17,2250,49,no,83,-2000
2025-05-21T13:02:58.095421,KXBTCD-25MAY2117-T109499.99,DELTA,12,50,17,1000,50,no,83,-1250
2025-05-21T13:02:58.153177,KXBTCD-25MAY2117-T109499.99,DELTA,12,50,17,1000,51,no,82,1250
2025-05-21T13:02:58.154230,KXBTCD-25MAY2117-T109499.99,DELTA,12,50,17,1000,52,no,82,2000
2025-05-21T13:02:58.734628,KXBTCD-25MAY2117-T109499.99,DELTA,12,50,17,1000,53,no,75,-1
2025-05-21T13:02:58.734895,KXBTCD-25MAY2117-T109499.99,DELTA,12,50,17,1000,54,no,74,1
2025-05-21T13:02:58.736395,KXBTCD-25MAY2117-T109499.99,DELTA,12,50,15,100,55,no,85,100
2025-05-21T13:02:58.794591,KXBTCD-25MAY2117-T109499.99,DELTA,12,50,15,100,56,yes,11,-500
2025-05-21T13:02:58.813285,KXBTCD-25MAY2117-T109499.99,DELTA,12,50,15,100,57,no,81,-500
2025-05-21T13:02:58.813505,KXBTCD-25MAY2117-T109499.99,DELTA,12,50,15,100,58,no,83,-1000
2025-05-21T13:02:58.893100,KXBTCD-25MAY2117-T109499.99,DELTA,12,50,15,1100,59,no,85,1000
2025-05-21T13:02:58.913547,KXBTCD-25MAY2117-T109499.99,DELTA,12,50,15,1100,60,no,82,-2000
2025-05-21T13:02:58.933760,KXBTCD-25MAY2117-T109499.99,DELTA,12,50,15,1100,61,no,82,-1250
2025-05-21T13:02:58.994499,KXBTCD-25MAY2117-T109499.99,DELTA,12,50,15,1100,62,no,61,2000
2025-05-21T13:02:59.033816,KXBTCD-25MAY2117-T109499.99,DELTA,13,150,15,1100,63,yes,13,150
2025-05-21T13:02:59.034229,KXBTCD-25MAY2117-T109499.99,DELTA,13,150,15,1100,64,no,80,500
2025-05-21T13:02:59.092304,KXBTCD-25MAY2117-T109499.99,DELTA,13,150,15,1100,65,no,81,1250
2025-05-21T13:02:59.092460,KXBTCD-25MAY2117-T109499.99,DELTA,13,150,15,1100,66,yes,12,-50
2025-05-21T13:02:59.092552,KXBTCD-25MAY2117-T109499.99,DELTA,14,50,15,1100,67,yes,14,50
2025-05-21T13:02:59.092634,KXBTCD-25MAY2117-T109499.99,DELTA,14,50,15,1100,68,no,61,-2000
2025-05-21T13:02:59.151412,KXBTCD-25MAY2117-T109499.99,DELTA,14,50,15,1100,69,no,81,2000
2025-05-21T13:02:59.233432,KXBTCD-25MAY2117-T109499.99,DELTA,14,50,15,1100,70,no,82,-50
2025-05-21T13:02:59.233596,KXBTCD-25MAY2117-T109499.99,DELTA,14,50,15,1100,71,no,81,50
2025-05-21T13:02:59.313128,KXBTCD-25MAY2117-T109499.99,DELTA,14,50,15,1100,72,yes,7,-100
2025-05-21T13:02:59.373649,KXBTCD-25MAY2117-T109499.99,DELTA,14,50,15,1100,73,yes,8,-1000
2025-05-21T13:02:59.433231,KXBTCD-25MAY2117-T109499.99,DELTA,14,50,15,1100,74,yes,2,1000
2025-05-21T13:02:59.511563,KXBTCD-25MAY2117-T109499.99,DELTA,14,50,15,1000,75,no,85,-100
2025-05-21T13:02:59.591637,KXBTCD-25MAY2117-T109499.99,DELTA,14,50,18,24,76,no,85,-1000
2025-05-21T13:02:59.632491,KXBTCD-25MAY2117-T109499.99,DELTA,14,50,18,24,77,yes,4,9
2025-05-21T13:02:59.632737,KXBTCD-25MAY2117-T109499.99,DELTA,14,50,18,1024,78,no,82,1000
2025-05-21T13:03:00.852637,KXBTCD-25MAY2117-T109499.99,DELTA,14,50,18,1024,79,yes,9,100
2025-05-21T13:03:00.853207,KXBTCD-25MAY2117-T109499.99,DELTA,14,50,17,100,80,no,83,100
2025-05-21T13:03:00.933634,KXBTCD-25MAY2117-T109499.99,DELTA,14,50,17,100,81,yes,2,-1000
2025-05-21T13:03:00.934155,KXBTCD-25MAY2117-T109499.99,DELTA,14,50,17,100,82,no,82,-1000
2025-05-21T13:03:00.973130,KXBTCD-25MAY2117-T109499.99,DELTA,14,50,17,100,83,yes,4,-9
2025-05-21T13:03:00.973598,KXBTCD-25MAY2117-T109499.99,DELTA,14,50,17,100,84,yes,10,9
2025-05-21T13:03:00.992608,KXBTCD-25MAY2117-T109499.99,DELTA,14,50,17,100,85,yes,10,1000
2025-05-21T13:03:00.993179,KXBTCD-25MAY2117-T109499.99,DELTA,14,50,16,1000,86,no,84,1000
2025-05-21T13:03:01.352682,KXBTCD-25MAY2117-T109499.99,DELTA,14,50,16,1000,87,no,74,-1
2025-05-21T13:03:01.353080,KXBTCD-25MAY2117-T109499.99,DELTA,14,50,16,1000,88,no,73,1
2025-05-21T13:03:03.775774,KXBTCD-25MAY2117-T109499.99,DELTA,14,50,16,1000,89,yes,13,-150
2025-05-21T13:03:03.792829,KXBTCD-25MAY2117-T109499.99,DELTA,14,50,16,1000,90,no,73,-1
2025-05-21T13:03:03.793269,KXBTCD-25MAY2117-T109499.99,DELTA,14,50,16,1000,91,no,74,1
2025-05-21T13:03:03.833823,KXBTCD-25MAY2117-T109499.99,DELTA,14,50,16,1000,92,yes,12,450
2025-05-21T13:03:03.872300,KXBTCD-25MAY2117-T109499.99,DELTA,14,50,16,1000,93,yes,10,-9
2025-05-21T13:03:03.992952,KXBTCD-25MAY2117-T109499.99,DELTA,12,450,16,1000,94,yes,14,-50
2025-05-21T13:03:03.993981,KXBTCD-25MAY2117-T109499.99,DELTA,13,50,16,1000,95,yes,13,50
2025-05-21T13:03:07.093657,KXBTCD-25MAY2117-T109499.99,DELTA,13,50,16,1000,96,no,35,-925
2025-05-21T13:03:09.451760,KXBTCD-25MAY2117-T109499.99,DELTA,13,50,16,1000,97,no,83,-100
2025-05-21T13:03:09.531782,KXBTCD-25MAY2117-T109499.99,DELTA,13,50,18,24,98,no,84,-1000
2025-05-21T13:03:09.572167,KXBTCD-25MAY2117-T109499.99,DELTA,13,50,18,1024,99,no,82,1000
2025-05-21T13:03:10.232004,KXBTCD-25MAY2117-T109499.99,DELTA,13,50,17,100,100,no,83,100
2025-05-21T13:03:10.292452,KXBTCD-25MAY2117-T109499.99,DELTA,13,50,17,100,101,no,82,-1000
2025-05-21T13:03:10.351341,KXBTCD-25MAY2117-T109499.99,DELTA,13,50,16,1000,102,no,84,1000
2025-05-21T13:03:10.431686,KXBTCD-25MAY2117-T109499.99,DELTA,13,50,16,1000,103,no,83,-100
2025-05-21T13:03:10.491156,KXBTCD-25MAY2117-T109499.99,DELTA,13,50,18,24,104,no,84,-1000
2025-05-21T13:03:10.531492,KXBTCD-25MAY2117-T109499.99,DELTA,13,50,18,1024,105,no,82,1000
2025-05-21T13:03:11.171646,KXBTCD-25MAY2117-T109499.99,DELTA,13,50,16,100,106,no,84,100
2025-05-21T13:03:11.231734,KXBTCD-25MAY2117-T109499.99,DELTA,13,50,16,100,107,no,82,-1000
2025-05-21T13:03:11.271072,KXBTCD-25MAY2117-T109499.99,DELTA,13,50,15,1000,108,no,85,1000
2025-05-21T13:03:14.670529,KXBTCD-25MAY2117-T109499.99,DELTA,13,50,15,1000,109,no,35,925
2025-05-21T13:03:15.011816,KXBTCD-25MAY2117-T109499.99,DELTA,13,50,15,1000,110,no,74,-1
2025-05-21T13:03:15.111250,KXBTCD-25MAY2117-T109499.99,DELTA,13,50,15,1000,111,no,75,1
2025-05-21T13:03:15.831179,KXBTCD-25MAY2117-T109499.99,DELTA,13,50,15,1000,112,yes,12,-450
2025-05-21T13:03:15.909925,KXBTCD-25MAY2117-T109499.99,DELTA,13,50,15,1000,113,yes,11,500
2025-05-21T13:03:16.791633,KXBTCD-25MAY2117-T109499.99,DELTA,13,50,15,1000,114,no,75,-1
2025-05-21T13:03:16.791825,KXBTCD-25MAY2117-T109499.99,DELTA,13,50,15,1000,115,no,74,1
2025-05-21T13:03:18.191018,KXBTCD-25MAY2117-T109499.99,DELTA,13,50,15,1000,116,no,74,-1
2025-05-21T13:03:18.191310,KXBTCD-25MAY2117-T109499.99,DELTA,13,50,15,1000,117,no,75,1
2025-05-21T13:03:20.750890,KXBTCD-25MAY2117-T109499.99,DELTA,13,50,15,1000,118,no,80,-500
2025-05-21T13:03:20.789433,KXBTCD-25MAY2117-T109499.99,DELTA,13,50,15,1000,119,yes,10,-1000
2025-05-21T13:03:20.809929,KXBTCD-25MAY2117-T109499.99,DELTA,13,50,15,1000,120,no,82,350
2025-05-21T13:03:20.811046,KXBTCD-25MAY2117-T109499.99,DELTA,13,50,15,1000,121,no,81,-2000
2025-05-21T13:03:20.812141,KXBTCD-25MAY2117-T109499.99,DELTA,11,500,15,1000,122,yes,13,-50
2025-05-21T13:03:20.812959,KXBTCD-25MAY2117-T109499.99,DELTA,12,50,15,1000,123,yes,12,50
2025-05-21T13:03:20.837472,KXBTCD-25MAY2117-T109499.99,DELTA,12,50,15,1000,124,no,81,-1250
2025-05-21T13:03:20.849700,KXBTCD-25MAY2117-T109499.99,DELTA,12,50,15,1000,125,yes,9,1000
2025-05-21T13:03:20.850348,KXBTCD-25MAY2117-T109499.99,DELTA,12,50,15,1000,126,no,81,-50
2025-05-21T13:03:20.850907,KXBTCD-25MAY2117-T109499.99,DELTA,12,50,15,1000,127,no,82,50
2025-05-21T13:03:20.868695,KXBTCD-25MAY2117-T109499.99,DELTA,12,50,15,1000,128,no,83,2000
2025-05-21T13:03:20.869334,KXBTCD-25MAY2117-T109499.99,DELTA,12,50,15,1000,129,no,83,1250
2025-05-21T13:03:22.882459,KXBTCD-25MAY2117-T109499.99,DELTA,12,50,15,1000,130,yes,9,-1000
2025-05-21T13:03:22.883407,KXBTCD-25MAY2117-T109499.99,DELTA,12,50,15,1000,131,no,83,-2000
2025-05-21T13:03:22.891140,KXBTCD-25MAY2117-T109499.99,DELTA,12,50,15,1000,132,yes,10,1000
2025-05-21T13:03:22.893282,KXBTCD-25MAY2117-T109499.99,DELTA,12,50,15,1000,133,no,82,2000
2025-05-21T13:03:26.590144,KXBTCD-25MAY2117-T109499.99,DELTA,12,50,15,1000,134,no,84,-100
2025-05-21T13:03:26.609427,KXBTCD-25MAY2117-T109499.99,DELTA,12,50,15,1000,135,yes,9,-100
2025-05-21T13:03:26.651407,KXBTCD-25MAY2117-T109499.99,DELTA,12,50,17,1250,136,no,85,-1000
2025-05-21T13:03:26.669169,KXBTCD-25MAY2117-T109499.99,DELTA,12,50,17,1250,137,yes,10,-1000
2025-05-21T13:03:26.689315,KXBTCD-25MAY2117-T109499.99,DELTA,12,50,17,2250,138,no,83,1000
2025-05-21T13:03:26.728721,KXBTCD-25MAY2117-T109499.99,DELTA,12,50,17,2250,139,yes,2,1000
2025-05-21T13:03:27.690194,KXBTCD-25MAY2117-T109499.99,DELTA,12,50,17,2250,140,yes,7,100
2025-05-21T13:03:27.691135,KXBTCD-25MAY2117-T109499.99,DELTA,12,50,15,100,141,no,85,100
2025-05-21T13:03:27.748736,KXBTCD-25MAY2117-T109499.99,DELTA,12,50,15,100,142,yes,2,-1000
2025-05-21T13:03:27.749779,KXBTCD-25MAY2117-T109499.99,DELTA,12,50,15,100,143,no,83,-1000
2025-05-21T13:03:27.905241,KXBTCD-25MAY2117-T109499.99,DELTA,12,50,15,1100,144,no,85,1000
2025-05-21T13:03:27.906810,KXBTCD-25MAY2117-T109499.99,DELTA,12,50,15,1100,145,yes,8,1000
2025-05-21T13:03:33.729731,KXBTCD-25MAY2117-T109499.99,DELTA,12,50,15,1100,146,no,82,-2000
2025-05-21T13:03:33.748979,KXBTCD-25MAY2117-T109499.99,DELTA,12,50,15,100,147,no,85,-1000
2025-05-21T13:03:33.789081,KXBTCD-25MAY2117-T109499.99,DELTA,12,50,15,100,148,no,82,-50
2025-05-21T13:03:33.790079,KXBTCD-25MAY2117-T109499.99,DELTA,12,50,15,100,149,no,83,50
2025-05-21T13:03:33.790895,KXBTCD-25MAY2117-T109499.99,DELTA,12,50,15,100,150,no,83,2000
2025-05-21T13:03:33.791641,KXBTCD-25MAY2117-T109499.99,DELTA,12,50,14,1000,151,no,86,1000
2025-05-21T13:03:33.808463,KXBTCD-25MAY2117-T109499.99,DELTA,12,50,14,1000,152,yes,11,-500
2025-05-21T13:03:33.869088,KXBTCD-25MAY2117-T109499.99,DELTA,12,50,14,1000,153,yes,10,500
2025-05-21T13:03:35.408865,KXBTCD-25MAY2117-T109499.99,DELTA,12,50,14,1000,154,no,85,-100
2025-05-21T13:03:35.469678,KXBTCD-25MAY2117-T109499.99,DELTA,12,50,17,3300,155,no,86,-1000
2025-05-21T13:03:35.510957,KXBTCD-25MAY2117-T109499.99,DELTA,12,50,16,1000,156,no,84,1000
2025-05-21T13:03:36.309087,KXBTCD-25MAY2117-T109499.99,DELTA,12,50,14,100,157,no,86,100
2025-05-21T13:03:36.567963,KXBTCD-25MAY2117-T109499.99,DELTA,12,50,14,100,158,no,84,-1000
2025-05-21T13:03:36.647861,KXBTCD-25MAY2117-T109499.99,DELTA,12,50,14,1100,159,no,86,1000
2025-05-21T13:03:36.868018,KXBTCD-25MAY2117-T109499.99,DELTA,12,50,14,1100,160,yes,8,-1000
2025-05-21T13:03:36.868613,KXBTCD-25MAY2117-T109499.99,DELTA,12,50,14,1100,161,no,83,-2000
2025-05-21T13:03:36.888938,KXBTCD-25MAY2117-T109499.99,DELTA,12,50,14,100,162,no,86,-1000
2025-05-21T13:03:36.947569,KXBTCD-25MAY2117-T109499.99,DELTA,12,50,14,100,163,no,82,2000
2025-05-21T13:03:36.948531,KXBTCD-25MAY2117-T109499.99,DELTA,12,50,14,100,164,yes,10,1000
2025-05-21T13:03:36.949136,KXBTCD-25MAY2117-T109499.99,DELTA,12,50,14,100,165,no,84,1000
2025-05-21T13:03:38.648329,KXBTCD-25MAY2117-T109499.99,DELTA,12,50,14,100,166,yes,10,-1000
2025-05-21T13:03:38.649151,KXBTCD-25MAY2117-T109499.99,DELTA,12,50,14,100,167,no,82,-2000
2025-05-21T13:03:38.668795,KXBTCD-25MAY2117-T109499.99,DELTA,12,50,14,100,168,no,84,-1000
2025-05-21T13:03:38.709339,KXBTCD-25MAY2117-T109499.99,DELTA,12,50,14,100,169,no,83,2000
2025-05-21T13:03:38.710372,KXBTCD-25MAY2117-T109499.99,DELTA,12,50,14,100,170,yes,8,1000
2025-05-21T13:03:38.711011,KXBTCD-25MAY2117-T109499.99,DELTA,12,50,14,1100,171,no,86,1000
2025-05-21T13:03:47.129443,KXBTCD-25MAY2117-T109499.99,DELTA,12,50,14,1100,172,yes,8,-1000
2025-05-21T13:03:47.148452,KXBTCD-25MAY2117-T109499.99,DELTA,12,50,14,1100,173,no,83,-2000
2025-05-21T13:03:47.149020,KXBTCD-25MAY2117-T109499.99,DELTA,12,50,14,100,174,no,86,-1000
2025-05-21T13:03:47.191515,KXBTCD-25MAY2117-T109499.99,DELTA,12,50,14,100,175,yes,10,1000
2025-05-21T13:03:47.192235,KXBTCD-25MAY2117-T109499.99,DELTA,12,50,14,100,176,no,82,2000
2025-05-21T13:03:47.192788,KXBTCD-25MAY2117-T109499.99,DELTA,12,50,14,100,177,no,84,1000
2025-05-21T13:03:49.829127,KXBTCD-25MAY2117-T109499.99,DELTA,12,50,14,100,178,yes,10,-1000
2025-05-21T13:03:49.830296,KXBTCD-25MAY2117-T109499.99,DELTA,12,50,14,100,179,no,82,-2000
2025-05-21T13:03:49.848804,KXBTCD-25MAY2117-T109499.99,DELTA,12,50,14,100,180,no,84,-1000
2025-05-21T13:03:49.888118,KXBTCD-25MAY2117-T109499.99,DELTA,12,50,14,100,181,yes,8,1000
2025-05-21T13:03:49.908900,KXBTCD-25MAY2117-T109499.99,DELTA,12,50,14,100,182,no,83,2000
2025-05-21T13:03:49.909539,KXBTCD-25MAY2117-T109499.99,DELTA,12,50,14,1100,183,no,86,1000
2025-05-21T13:03:50.188893,KXBTCD-25MAY2117-T109499.99,DELTA,12,50,14,1100,184,yes,8,-1000
2025-05-21T13:03:50.189556,KXBTCD-25MAY2117-T109499.99,DELTA,12,50,14,1100,185,no,83,-2000
2025-05-21T13:03:50.207747,KXBTCD-25MAY2117-T109499.99,DELTA,12,50,14,100,186,no,86,-1000
2025-05-21T13:03:50.269379,KXBTCD-25MAY2117-T109499.99,DELTA,12,50,14,100,187,no,83,2000
2025-05-21T13:03:50.270333,KXBTCD-25MAY2117-T109499.99,DELTA,12,50,14,100,188,yes,8,1000
2025-05-21T13:03:50.271041,KXBTCD-25MAY2117-T109499.99,DELTA,12,50,14,1100,189,no,86,1000
2025-05-21T13:03:52.029384,KXBTCD-25MAY2117-T109499.99,DELTA,12,50,14,1100,190,no,75,-1
2025-05-21T13:03:52.030357,KXBTCD-25MAY2117-T109499.99,DELTA,12,50,14,1100,191,no,76,1
2025-05-21T13:03:53.187343,KXBTCD-25MAY2117-T109499.99,DELTA,12,50,14,1100,192,no,76,-1
2025-05-21T13:03:53.187530,KXBTCD-25MAY2117-T109499.99,DELTA,12,50,14,1100,193,no,75,1
2025-05-21T13:03:54.228133,KXBTCD-25MAY2117-T109499.99,DELTA,12,50,14,1100,194,no,75,-1
2025-05-21T13:03:54.228839,KXBTCD-25MAY2117-T109499.99,DELTA,12,50,14,1100,195,no,76,1
2025-05-21T13:03:56.111158,KXBTCD-25MAY2117-T109499.99,DELTA,12,50,14,1100,196,no,84,24
2025-05-21T13:03:56.153717,KXBTCD-25MAY2117-T109499.99,DELTA,12,50,14,1100,197,yes,1,-24
2025-05-21T13:03:56.154327,KXBTCD-25MAY2117-T109499.99,DELTA,12,50,14,1100,198,no,82,-24
2025-05-21T13:03:56.468921,KXBTCD-25MAY2117-T109499.99,DELTA,12,50,14,1000,199,no,86,-100
2025-05-21T13:03:56.487990,KXBTCD-25MAY2117-T109499.99,DELTA,12,50,14,1000,200,yes,7,-100
2025-05-21T13:03:56.508386,KXBTCD-25MAY2117-T109499.99,DELTA,12,50,14,1000,201,no,76,-1
2025-05-21T13:03:56.509049,KXBTCD-25MAY2117-T109499.99,DELTA,12,50,14,1000,202,no,75,1
2025-05-21T13:03:56.587794,KXBTCD-25MAY2117-T109499.99,DELTA,12,50,16,24,203,no,86,-1000
2025-05-21T13:03:56.628206,KXBTCD-25MAY2117-T109499.99,DELTA,12,50,16,24,204,yes,8,-1000
2025-05-21T13:03:56.668296,KXBTCD-25MAY2117-T109499.99,DELTA,12,50,16,1024,205,no,84,1000
2025-05-21T13:03:56.907376,KXBTCD-25MAY2117-T109499.99,DELTA,12,50,16,1024,206,no,75,-1
2025-05-21T13:03:56.908195,KXBTCD-25MAY2117-T109499.99,DELTA,12,50,16,1024,207,no,76,1
2025-05-21T13:03:57.948588,KXBTCD-25MAY2117-T109499.99,DELTA,12,50,16,1024,208,yes,6,100
2025-05-21T13:03:57.949570,KXBTCD-25MAY2117-T109499.99,DELTA,12,50,14,100,209,no,86,100
2025-05-21T13:03:58.010466,KXBTCD-25MAY2117-T109499.99,DELTA,12,50,14,100,210,yes,7,1000
2025-05-21T13:03:58.011880,KXBTCD-25MAY2117-T109499.99,DELTA,12,50,14,100,211,no,84,-1000
2025-05-21T13:03:58.012482,KXBTCD-25MAY2117-T109499.99,DELTA,12,50,14,100,212,no,76,-1
2025-05-21T13:03:58.013002,KXBTCD-25MAY2117-T109499.99,DELTA,12,50,14,100,213,no,75,1
2025-05-21T13:03:58.069843,KXBTCD-25MAY2117-T109499.99,DELTA,12,50,14,1100,214,no,86,1000
2025-05-21T13:03:59.087761,KXBTCD-25MAY2117-T109499.99,DELTA,12,50,14,1100,215,no,75,-1
2025-05-21T13:03:59.088306,KXBTCD-25MAY2117-T109499.99,DELTA,12,50,14,1100,216,no,76,1
2025-05-21T13:04:05.519973,KXBTCD-25MAY2117-T109499.99,DELTA,12,50,14,1100,217,no,76,-1
2025-05-21T13:04:05.520960,KXBTCD-25MAY2117-T109499.99,DELTA,12,50,14,1100,218,no,75,1
2025-05-21T13:04:05.588169,KXBTCD-25MAY2117-T109499.99,DELTA,12,50,14,1100,219,no,75,-1
2025-05-21T13:04:05.589112,KXBTCD-25MAY2117-T109499.99,DELTA,12,50,14,1100,220,no,76,1
2025-05-21T13:04:06.048535,KXBTCD-25MAY2117-T109499.99,DELTA,12,50,14,1100,221,no,76,-1
2025-05-21T13:04:06.108820,KXBTCD-25MAY2117-T109499.99,DELTA,12,50,14,1100,222,no,75,1
2025-05-21T13:04:06.587722,KXBTCD-25MAY2117-T109499.99,DELTA,12,50,14,1100,223,no,75,-1
2025-05-21T13:04:06.588522,KXBTCD-25MAY2117-T109499.99,DELTA,12,50,14,1100,224,no,76,1
2025-05-21T13:04:07.248208,KXBTCD-25MAY2117-T109499.99,DELTA,12,50,14,1100,225,no,76,-1
2025-05-21T13:04:07.249116,KXBTCD-25MAY2117-T109499.99,DELTA,12,50,14,1100,226,no,75,1
2025-05-21T13:04:08.329185,KXBTCD-25MAY2117-T109499.99,DELTA,12,50,14,1100,227,no,75,-1
2025-05-21T13:04:08.330482,KXBTCD-25MAY2117-T109499.99,DELTA,12,50,14,1100,228,no,76,1
2025-05-21T13:04:08.407735,KXBTCD-25MAY2117-T109499.99,DELTA,12,50,14,1000,229,no,86,-100
2025-05-21T13:04:08.467623,KXBTCD-25MAY2117-T109499.99,DELTA,12,50,16,24,230,no,86,-1000
2025-05-21T13:04:08.507604,KXBTCD-25MAY2117-T109499.99,DELTA,12,50,16,1024,231,no,84,1000
2025-05-21T13:04:09.309520,KXBTCD-25MAY2117-T109499.99,DELTA,12,50,14,100,232,no,86,100
2025-05-21T13:04:09.368307,KXBTCD-25MAY2117-T109499.99,DELTA,12,50,14,100,233,no,84,-1000
2025-05-21T13:04:09.410519,KXBTCD-25MAY2117-T109499.99,DELTA,12,50,14,1100,234,no,86,1000
2025-05-21T13:04:09.448022,KXBTCD-25MAY2117-T109499.99,DELTA,12,50,14,1000,235,no,86,-100
2025-05-21T13:04:09.507634,KXBTCD-25MAY2117-T109499.99,DELTA,12,50,16,24,236,no,86,-1000
2025-05-21T13:04:09.547569,KXBTCD-25MAY2117-T109499.99,DELTA,12,50,16,1024,237,no,84,1000
2025-05-21T13:04:09.888845,KXBTCD-25MAY2117-T109499.99,DELTA,12,50,16,1024,238,yes,10,-500
2025-05-21T13:04:09.907282,KXBTCD-25MAY2117-T109499.99,DELTA,12,50,16,1024,239,no,82,-350
2025-05-21T13:04:09.968655,KXBTCD-25MAY2117-T109499.99,DELTA,12,50,16,1024,240,yes,9,500
2025-05-21T13:04:09.988324,KXBTCD-25MAY2117-T109499.99,DELTA,12,50,16,1024,241,no,83,-2000
2025-05-21T13:04:09.988886,KXBTCD-25MAY2117-T109499.99,DELTA,12,50,16,1424,242,no,84,400
2025-05-21T13:04:09.989332,KXBTCD-25MAY2117-T109499.99,DELTA,12,50,16,1424,243,no,83,-1250
2025-05-21T13:04:10.031478,KXBTCD-25MAY2117-T109499.99,DELTA,12,50,16,1424,244,yes,7,-1000
2025-05-21T13:04:10.049227,KXBTCD-25MAY2117-T109499.99,DELTA,12,50,16,1424,245,no,61,2000
2025-05-21T13:04:10.071046,KXBTCD-25MAY2117-T109499.99,DELTA,12,50,16,2674,246,no,84,1250
2025-05-21T13:04:10.096991,KXBTCD-25MAY2117-T109499.99,DELTA,12,50,16,2674,247,yes,9,1000
2025-05-21T13:04:10.115667,KXBTCD-25MAY2117-T109499.99,DELTA,12,50,16,1674,248,no,84,-1000
2025-05-21T13:04:10.170338,KXBTCD-25MAY2117-T109499.99,DELTA,12,50,15,1000,249,no,85,1000
2025-05-21T13:04:10.409848,KXBTCD-25MAY2117-T109499.99,DELTA,12,50,13,100,250,no,87,100
2025-05-21T13:04:11.449083,KXBTCD-25MAY2117-T109499.99,DELTA,12,50,13,100,251,no,84,-400
2025-05-21T13:04:11.508943,KXBTCD-25MAY2117-T109499.99,DELTA,12,50,13,100,252,no,83,500
2025-05-21T13:04:11.509947,KXBTCD-25MAY2117-T109499.99,DELTA,12,50,13,100,253,no,85,-1000
2025-05-21T13:04:11.528291,KXBTCD-25MAY2117-T109499.99,DELTA,9,1500,13,100,254,yes,12,-50
2025-05-21T13:04:11.529090,KXBTCD-25MAY2117-T109499.99,DELTA,10,50,13,100,255,yes,10,50
2025-05-21T13:04:11.529713,KXBTCD-25MAY2117-T109499.99,DELTA,10,50,13,100,256,no,84,-1250
2025-05-21T13:04:11.571937,KXBTCD-25MAY2117-T109499.99,DELTA,10,50,13,100,257,no,84,1000
2025-05-21T13:04:11.572826,KXBTCD-25MAY2117-T109499.99,DELTA,10,50,13,100,258,no,84,1250
2025-05-21T13:04:11.610452,KXBTCD-25MAY2117-T109499.99,DELTA,10,50,13,100,259,no,61,-2000
2025-05-21T13:04:11.648231,KXBTCD-25MAY2117-T109499.99,DELTA,10,50,13,100,260,no,83,2000
2025-05-21T13:04:11.753553,KXBTCD-25MAY2117-T109499.99,DELTA,10,50,13,100,261,no,76,-1
2025-05-21T13:04:11.753825,KXBTCD-25MAY2117-T109499.99,DELTA,10,50,13,100,262,no,75,1
2025-05-21T13:04:12.909307,KXBTCD-25MAY2117-T109499.99,DELTA,10,50,13,100,263,no,75,-1
2025-05-21T13:04:12.909571,KXBTCD-25MAY2117-T109499.99,DELTA,10,50,13,100,264,no,76,1
2025-05-21T13:04:14.027677,KXBTCD-25MAY2117-T109499.99,DELTA,10,50,13,100,265,yes,9,-1000
2025-05-21T13:04:14.048958,KXBTCD-25MAY2117-T109499.99,DELTA,10,50,13,100,266,no,83,-2000
2025-05-21T13:04:14.049559,KXBTCD-25MAY2117-T109499.99,DELTA,10,50,13,100,267,no,84,-1000
2025-05-21T13:04:14.207984,KXBTCD-25MAY2117-T109499.99,DELTA,10,50,13,100,268,no,84,2000
2025-05-21T13:04:14.227142,KXBTCD-25MAY2117-T109499.99,DELTA,10,50,13,1100,269,no,87,1000
2025-05-21T13:04:14.227246,KXBTCD-25MAY2117-T109499.99,DELTA,10,50,13,1100,270,yes,7,1000
2025-05-21T13:04:14.228016,KXBTCD-25MAY2117-T109499.99,DELTA,10,50,13,1100,271,no,76,-1
2025-05-21T13:04:14.228146,KXBTCD-25MAY2117-T109499.99,DELTA,10,50,13,1100,272,no,77,1
2025-05-21T13:04:14.268112,KXBTCD-25MAY2117-T109499.99,DELTA,10,50,13,1100,273,no,83,-50
2025-05-21T13:04:14.268230,KXBTCD-25MAY2117-T109499.99,DELTA,10,50,13,1100,274,no,84,50
2025-05-21T13:04:14.568057,KXBTCD-25MAY2117-T109499.99,DELTA,10,50,13,1100,275,no,77,-1
2025-05-21T13:04:14.569188,KXBTCD-25MAY2117-T109499.99,DELTA,10,50,13,1100,276,no,76,1
2025-05-21T13:04:14.708211,KXBTCD-25MAY2117-T109499.99,DELTA,10,50,13,1100,277,no,76,-1
2025-05-21T13:04:14.709207,KXBTCD-25MAY2117-T109499.99,DELTA,10,50,13,1100,278,no,77,1
2025-05-21T13:04:14.768758,KXBTCD-25MAY2117-T109499.99,DELTA,10,50,13,1100,279,no,77,-1
2025-05-21T13:04:14.769777,KXBTCD-25MAY2117-T109499.99,DELTA,10,50,13,1100,280,no,76,1
2025-05-21T13:04:16.868399,KXBTCD-25MAY2117-T109499.99,DELTA,10,50,13,1100,281,yes,7,-1000
2025-05-21T13:04:16.868924,KXBTCD-25MAY2117-T109499.99,DELTA,10,50,13,1100,282,no,84,-2000
2025-05-21T13:04:16.887244,KXBTCD-25MAY2117-T109499.99,DELTA,10,50,13,100,283,no,87,-1000
2025-05-21T13:04:17.008002,KXBTCD-25MAY2117-T109499.99,DELTA,10,50,13,100,284,no,83,2000
2025-05-21T13:04:17.009098,KXBTCD-25MAY2117-T109499.99,DELTA,10,50,13,100,285,yes,9,1000
2025-05-21T13:04:17.048794,KXBTCD-25MAY2117-T109499.99,DELTA,10,50,13,100,286,no,85,1000
2025-05-21T13:04:17.267457,KXBTCD-25MAY2117-T109499.99,DELTA,10,50,13,100,287,yes,9,-1000
2025-05-21T13:04:17.287622,KXBTCD-25MAY2117-T109499.99,DELTA,10,50,13,100,288,no,83,-2000
2025-05-21T13:04:17.288314,KXBTCD-25MAY2117-T109499.99,DELTA,10,50,13,100,289,no,85,-1000
2025-05-21T13:04:17.407669,KXBTCD-25MAY2117-T109499.99,DELTA,10,50,13,100,290,no,84,2000
2025-05-21T13:04:17.408837,KXBTCD-25MAY2117-T109499.99,DELTA,10,50,13,1100,291,no,87,1000
2025-05-21T13:04:17.427372,KXBTCD-25MAY2117-T109499.99,DELTA,10,50,13,1100,292,yes,7,1000
2025-05-21T13:04:18.448137,KXBTCD-25MAY2117-T109499.99,DELTA,10,50,13,1100,293,yes,7,-1000
2025-05-21T13:04:18.468124,KXBTCD-25MAY2117-T109499.99,DELTA,10,50,13,1100,294,no,84,-2000
2025-05-21T13:04:18.468918,KXBTCD-25MAY2117-T109499.99,DELTA,10,50,13,100,295,no,87,-1000
2025-05-21T13:04:18.528188,KXBTCD-25MAY2117-T109499.99,DELTA,10,50,13,100,296,no,84,-50
2025-05-21T13:04:18.528946,KXBTCD-25MAY2117-T109499.99,DELTA,10,50,13,100,297,no,83,50
2025-05-21T13:04:18.648283,KXBTCD-25MAY2117-T109499.99,DELTA,10,50,13,100,298,no,85,1000
2025-05-21T13:04:18.649672,KXBTCD-25MAY2117-T109499.99,DELTA,10,50,13,100,299,no,83,2000
2025-05-21T13:04:18.650507,KXBTCD-25MAY2117-T109499.99,DELTA,10,50,13,100,300,yes,9,1000
2025-05-21T13:04:18.768670,KXBTCD-25MAY2117-T109499.99,DELTA,10,50,13,100,301,no,76,-1
2025-05-21T13:04:18.769569,KXBTCD-25MAY2117-T109499.99,DELTA,10,50,13,100,302,no,75,1
2025-05-21T13:04:18.807823,KXBTCD-25MAY2117-T109499.99,DELTA,10,50,13,100,303,no,85,-1000
2025-05-21T13:04:18.947697,KXBTCD-25MAY2117-T109499.99,DELTA,10,50,13,100,304,no,84,1000
2025-05-21T13:04:19.268027,KXBTCD-25MAY2117-T109499.99,DELTA,10,50,13,100,305,no,75,-1
2025-05-21T13:04:19.269113,KXBTCD-25MAY2117-T109499.99,DELTA,10,50,13,100,306,no,76,1
2025-05-21T13:04:19.667906,KXBTCD-25MAY2117-T109499.99,DELTA,10,50,13,100,307,yes,9,-1000
2025-05-21T13:04:19.688249,KXBTCD-25MAY2117-T109499.99,DELTA,10,50,13,100,308,no,83,-2000
2025-05-21T13:04:19.689035,KXBTCD-25MAY2117-T109499.99,DELTA,10,50,13,100,309,no,84,-1000
2025-05-21T13:04:19.809112,KXBTCD-25MAY2117-T109499.99,DELTA,10,50,13,100,310,no,84,2000
2025-05-21T13:04:19.827282,KXBTCD-25MAY2117-T109499.99,DELTA,10,50,13,100,311,yes,7,1000
2025-05-21T13:04:19.867134,KXBTCD-25MAY2117-T109499.99,DELTA,10,50,13,1100,312,no,87,1000
2025-05-21T13:04:24.608845,KXBTCD-25MAY2117-T109499.99,DELTA,10,50,13,1100,313,no,76,-1
2025-05-21T13:04:24.688715,KXBTCD-25MAY2117-T109499.99,DELTA,10,50,13,1100,314,no,77,1
2025-05-21T13:04:25.350504,KXBTCD-25MAY2117-T109499.99,DELTA,10,50,13,1100,315,no,83,-50
2025-05-21T13:04:25.351655,KXBTCD-25MAY2117-T109499.99,DELTA,10,50,13,1100,316,no,85,50
2025-05-21T13:04:27.789155,KXBTCD-25MAY2117-T109499.99,DELTA,10,50,13,100,317,no,87,-1000
2025-05-21T13:04:27.858340,KXBTCD-25MAY2117-T109499.99,DELTA,10,50,13,100,318,yes,9,-500
2025-05-21T13:04:27.889589,KXBTCD-25MAY2117-T109499.99,DELTA,10,50,13,100,319,no,83,-500
2025-05-21T13:04:27.998620,KXBTCD-25MAY2117-T109499.99,DELTA,10,50,13,1100,320,no,87,1000
2025-05-21T13:04:28.107460,KXBTCD-25MAY2117-T109499.99,DELTA,10,50,13,1100,321,yes,8,500
2025-05-21T13:04:28.107987,KXBTCD-25MAY2117-T109499.99,DELTA,10,50,13,1100,322,no,84,-24
2025-05-21T13:04:28.108302,KXBTCD-25MAY2117-T109499.99,DELTA,10,50,13,1100,323,no,84,-2000
2025-05-21T13:04:28.108843,KXBTCD-25MAY2117-T109499.99,DELTA,10,50,13,1100,324,no,85,24
2025-05-21T13:04:28.188138,KXBTCD-25MAY2117-T109499.99,DELTA,10,50,13,1100,325,no,85,500
2025-05-21T13:04:28.188260,KXBTCD-25MAY2117-T109499.99,DELTA,10,50,13,1100,326,no,84,-1250
2025-05-21T13:04:28.407682,KXBTCD-25MAY2117-T109499.99,DELTA,10,50,13,100,327,no,87,-1000
2025-05-21T13:04:28.408805,KXBTCD-25MAY2117-T109499.99,DELTA,10,50,13,100,328,no,86,1250
2025-05-21T13:04:28.409414,KXBTCD-25MAY2117-T109499.99,DELTA,10,50,13,100,329,no,61,2000
2025-05-21T13:04:28.590953,KXBTCD-25MAY2117-T109499.99,DELTA,10,50,12,1000,330,no,88,1000
2025-05-21T13:04:28.592320,KXBTCD-25MAY2117-T109499.99,DELTA,10,50,12,1000,331,no,61,-2000
2025-05-21T13:04:28.809064,KXBTCD-25MAY2117-T109499.99,DELTA,10,50,12,1000,332,no,85,2000
2025-05-21T13:04:28.889965,KXBTCD-25MAY2117-T109499.99,DELTA,8,500,12,1000,333,yes,10,-50
2025-05-21T13:04:28.890350,KXBTCD-25MAY2117-T109499.99,DELTA,9,50,12,1000,334,yes,9,50
2025-05-21T13:04:28.890629,KXBTCD-25MAY2117-T109499.99,DELTA,9,50,12,1000,335,no,77,-1
2025-05-21T13:04:28.890847,KXBTCD-25MAY2117-T109499.99,DELTA,9,50,12,1000,336,no,78,1
2025-05-21T13:04:29.009006,KXBTCD-25MAY2117-T109499.99,DELTA,9,50,12,1000,337,no,78,-1
2025-05-21T13:04:29.009651,KXBTCD-25MAY2117-T109499.99,DELTA,9,50,12,1000,338,no,77,1
2025-05-21T13:04:29.089604,KXBTCD-25MAY2117-T109499.99,DELTA,9,50,12,1000,339,no,87,-100
2025-05-21T13:04:29.323814,KXBTCD-25MAY2117-T109499.99,DELTA,9,50,12,1000,340,yes,6,-100
2025-05-21T13:04:29.324597,KXBTCD-25MAY2117-T109499.99,DELTA,9,50,14,1250,341,no,88,-1000
2025-05-21T13:04:29.389764,KXBTCD-25MAY2117-T109499.99,DELTA,9,50,14,1250,342,yes,7,-1000
2025-05-21T13:04:29.391039,KXBTCD-25MAY2117-T109499.99,DELTA,9,50,14,2250,343,no,86,1000
2025-05-21T13:04:29.826946,KXBTCD-25MAY2117-T109499.99,DELTA,9,50,14,2250,344,no,77,-1
2025-05-21T13:04:29.827443,KXBTCD-25MAY2117-T109499.99,DELTA,9,50,14,2250,345,no,78,1
2025-05-21T13:04:30.268613,KXBTCD-25MAY2117-T109499.99,DELTA,9,50,14,2250,346,yes,5,100
2025-05-21T13:04:30.287704,KXBTCD-25MAY2117-T109499.99,DELTA,9,50,13,100,347,no,87,100
2025-05-21T13:04:30.329472,KXBTCD-25MAY2117-T109499.99,DELTA,9,50,13,100,348,yes,6,1000
2025-05-21T13:04:30.347093,KXBTCD-25MAY2117-T109499.99,DELTA,9,50,13,100,349,no,86,-1000
2025-05-21T13:04:30.390219,KXBTCD-25MAY2117-T109499.99,DELTA,9,50,12,1000,350,no,88,1000
2025-05-21T13:04:30.391127,KXBTCD-25MAY2117-T109499.99,DELTA,9,50,12,1000,351,yes,8,-500
2025-05-21T13:04:30.468638,KXBTCD-25MAY2117-T109499.99,DELTA,9,50,12,1000,352,yes,7,500
2025-05-21T13:04:30.529603,KXBTCD-25MAY2117-T109499.99,DELTA,9,50,12,1000,353,yes,6,-1000
2025-05-21T13:04:30.567834,KXBTCD-25MAY2117-T109499.99,DELTA,9,50,12,1000,354,yes,7,1000
2025-05-21T13:04:31.049213,KXBTCD-25MAY2117-T109499.99,DELTA,9,50,12,1000,355,no,85,-50
2025-05-21T13:04:31.050391,KXBTCD-25MAY2117-T109499.99,DELTA,9,50,12,1000,356,no,86,50
2025-05-21T13:04:34.507951,KXBTCD-25MAY2117-T109499.99,DELTA,9,50,12,1000,357,yes,7,-1000
2025-05-21T13:04:34.508885,KXBTCD-25MAY2117-T109499.99,DELTA,9,50,12,1000,358,no,85,-2000
2025-05-21T13:04:34.527753,KXBTCD-25MAY2117-T109499.99,DELTA,9,50,13,100,359,no,88,-1000
2025-05-21T13:04:34.528134,KXBTCD-25MAY2117-T109499.99,DELTA,9,50,13,100,360,no,86,-1250
2025-05-21T13:04:34.607629,KXBTCD-25MAY2117-T109499.99,DELTA,9,50,13,100,361,yes,8,1000
2025-05-21T13:04:34.607791,KXBTCD-25MAY2117-T109499.99,DELTA,9,50,13,100,362,no,61,2000
2025-05-21T13:04:34.607875,KXBTCD-25MAY2117-T109499.99,DELTA,9,50,13,1100,363,no,87,1000
2025-05-21T13:04:34.608089,KXBTCD-25MAY2117-T109499.99,DELTA,9,50,13,1100,364,no,85,1250
2025-05-21T13:04:34.628057,KXBTCD-25MAY2117-T109499.99,DELTA,9,50,13,1100,365,no,78,-1
2025-05-21T13:04:34.628223,KXBTCD-25MAY2117-T109499.99,DELTA,9,50,13,1100,366,no,77,1
2025-05-21T13:04:35.320186,KXBTCD-25MAY2117-T109499.99,DELTA,9,50,13,1100,367,yes,8,-1000
2025-05-21T13:04:35.321313,KXBTCD-25MAY2117-T109499.99,DELTA,9,50,13,1100,368,no,61,-2000
2025-05-21T13:04:35.327072,KXBTCD-25MAY2117-T109499.99,DELTA,9,50,13,100,369,no,87,-1000
2025-05-21T13:04:35.327662,KXBTCD-25MAY2117-T109499.99,DELTA,9,50,13,100,370,no,85,-1250
2025-05-21T13:04:35.388949,KXBTCD-25MAY2117-T109499.99,DELTA,9,50,13,100,371,no,85,2000
2025-05-21T13:04:35.389889,KXBTCD-25MAY2117-T109499.99,DELTA,9,50,13,100,372,no,86,1250
2025-05-21T13:04:35.390632,KXBTCD-25MAY2117-T109499.99,DELTA,9,50,13,100,373,yes,7,1000
2025-05-21T13:04:35.391122,KXBTCD-25MAY2117-T109499.99,DELTA,9,50,12,1000,374,no,88,1000
2025-05-21T13:04:36.369040,KXBTCD-25MAY2117-T109499.99,DELTA,9,50,12,1000,375,yes,7,-1000
2025-05-21T13:04:36.395211,KXBTCD-25MAY2117-T109499.99,DELTA,9,50,12,1000,376,no,85,-2000
2025-05-21T13:04:36.396125,KXBTCD-25MAY2117-T109499.99,DELTA,9,50,13,100,377,no,88,-1000
2025-05-21T13:04:36.406477,KXBTCD-25MAY2117-T109499.99,DELTA,9,50,13,100,378,no,86,-1250
2025-05-21T13:04:36.467028,KXBTCD-25MAY2117-T109499.99,DELTA,9,50,13,100,379,yes,8,1000
2025-05-21T13:04:36.468013,KXBTCD-25MAY2117-T109499.99,DELTA,9,50,13,1100,380,no,87,1000
2025-05-21T13:04:36.468992,KXBTCD-25MAY2117-T109499.99,DELTA,9,50,13,1100,381,no,61,2000
2025-05-21T13:04:36.469644,KXBTCD-25MAY2117-T109499.99,DELTA,9,50,13,1100,382,no,85,1250
2025-05-21T13:04:37.088867,KXBTCD-25MAY2117-T109499.99,DELTA,9,50,13,1100,383,yes,8,-1000
2025-05-21T13:04:37.108857,KXBTCD-25MAY2117-T109499.99,DELTA,9,50,13,1100,384,no,61,-2000
2025-05-21T13:04:37.109468,KXBTCD-25MAY2117-T109499.99,DELTA,9,50,13,100,385,no,87,-1000
2025-05-21T13:04:37.128320,KXBTCD-25MAY2117-T109499.99,DELTA,9,50,13,100,386,no,85,-1250
2025-05-21T13:04:37.168344,KXBTCD-25MAY2117-T109499.99,DELTA,9,50,12,1000,387,no,88,1000
2025-05-21T13:04:37.169095,KXBTCD-25MAY2117-T109499.99,DELTA,9,50,12,1000,388,no,86,1250
2025-05-21T13:04:37.188292,KXBTCD-25MAY2117-T109499.99,DELTA,9,50,12,1000,389,no,85,2000
2025-05-21T13:04:37.188893,KXBTCD-25MAY2117-T109499.99,DELTA,9,50,12,1000,390,yes,7,1000
2025-05-21T13:04:37.289008,KXBTCD-25MAY2117-T109499.99,DELTA,9,50,12,1000,391,no,77,-1
2025-05-21T13:04:37.289705,KXBTCD-25MAY2117-T109499.99,DELTA,9,50,12,1000,392,no,78,1
2025-05-21T13:04:37.828906,KXBTCD-25MAY2117-T109499.99,DELTA,9,50,12,1000,393,no,78,-1
2025-05-21T13:04:37.830007,KXBTCD-25MAY2117-T109499.99,DELTA,9,50,12,1000,394,no,77,1
2025-05-21T13:04:38.491349,KXBTCD-25MAY2117-T109499.99,DELTA,9,50,12,1000,395,no,77,-1
2025-05-21T13:04:38.492151,KXBTCD-25MAY2117-T109499.99,DELTA,9,50,12,1000,396,no,78,1
2025-05-21T13:04:39.926189,KXBTCD-25MAY2117-T109499.99,DELTA,9,50,12,1000,397,no,78,-1
2025-05-21T13:04:39.927277,KXBTCD-25MAY2117-T109499.99,DELTA,9,50,12,1000,398,no,77,1
2025-05-21T13:04:39.927880,KXBTCD-25MAY2117-T109499.99,DELTA,9,50,12,1000,399,no,77,-1
2025-05-21T13:04:39.928332,KXBTCD-25MAY2117-T109499.99,DELTA,9,50,12,1000,400,no,78,1
2025-05-21T13:04:40.308156,KXBTCD-25MAY2117-T109499.99,DELTA,9,50,12,1000,401,no,78,-1
2025-05-21T13:04:40.308987,KXBTCD-25MAY2117-T109499.99,DELTA,9,50,12,1000,402,no,77,1
2025-05-21T13:04:40.408119,KXBTCD-25MAY2117-T109499.99,DELTA,9,50,12,1000,403,no,77,-1
2025-05-21T13:04:40.409014,KXBTCD-25MAY2117-T109499.99,DELTA,9,50,12,1000,404,no,78,1
2025-05-21T13:04:40.827773,KXBTCD-25MAY2117-T109499.99,DELTA,9,50,12,1000,405,no,78,-1
2025-05-21T13:04:40.887560,KXBTCD-25MAY2117-T109499.99,DELTA,9,50,12,1000,406,no,77,1
2025-05-21T13:04:41.169340,KXBTCD-25MAY2117-T109499.99,DELTA,9,50,12,1000,407,no,77,-1
2025-05-21T13:04:41.170055,KXBTCD-25MAY2117-T109499.99,DELTA,9,50,12,1000,408,no,78,1
2025-05-21T13:04:45.173120,KXBTCD-25MAY2117-T109499.99,DELTA,9,50,12,1000,409,no,78,-1
2025-05-21T13:04:45.174382,KXBTCD-25MAY2117-T109499.99,DELTA,9,50,12,1000,410,no,77,1
2025-05-21T13:04:45.348775,KXBTCD-25MAY2117-T109499.99,DELTA,9,50,12,1000,411,no,77,-1
2025-05-21T13:04:45.349869,KXBTCD-25MAY2117-T109499.99,DELTA,9,50,12,1000,412,no,78,1
2025-05-21T13:04:45.908015,KXBTCD-25MAY2117-T109499.99,DELTA,9,50,12,1000,413,no,78,-1
2025-05-21T13:04:45.908626,KXBTCD-25MAY2117-T109499.99,DELTA,9,50,12,1000,414,no,77,1
2025-05-21T13:04:46.387495,KXBTCD-25MAY2117-T109499.99,DELTA,9,50,12,1000,415,no,87,-100
2025-05-21T13:04:46.446895,KXBTCD-25MAY2117-T109499.99,DELTA,9,50,14,1300,416,no,88,-1000
2025-05-21T13:04:46.487659,KXBTCD-25MAY2117-T109499.99,DELTA,9,50,13,1000,417,no,87,1000
2025-05-21T13:04:46.993586,KXBTCD-25MAY2117-T109499.99,DELTA,9,50,13,1000,418,yes,7,-1000
2025-05-21T13:04:46.994616,KXBTCD-25MAY2117-T109499.99,DELTA,9,50,13,1000,419,no,85,-2000
2025-05-21T13:04:46.995310,KXBTCD-25MAY2117-T109499.99,DELTA,9,50,13,1000,420,no,86,-1250
2025-05-21T13:04:46.995929,KXBTCD-25MAY2117-T109499.99,DELTA,9,50,13,1000,421,no,86,-50
2025-05-21T13:04:46.996408,KXBTCD-25MAY2117-T109499.99,DELTA,9,50,13,1000,422,no,85,50
2025-05-21T13:04:47.008554,KXBTCD-25MAY2117-T109499.99,DELTA,9,50,13,1000,423,yes,8,1000
2025-05-21T13:04:47.048645,KXBTCD-25MAY2117-T109499.99,DELTA,9,50,13,1000,424,no,85,1250
2025-05-21T13:04:47.049216,KXBTCD-25MAY2117-T109499.99,DELTA,9,50,13,1000,425,no,61,2000
2025-05-21T13:04:47.067781,KXBTCD-25MAY2117-T109499.99,DELTA,9,50,15,1824,426,no,87,-1000
2025-05-21T13:04:47.108020,KXBTCD-25MAY2117-T109499.99,DELTA,9,50,15,1824,427,yes,7,-500
2025-05-21T13:04:47.128821,KXBTCD-25MAY2117-T109499.99,DELTA,9,50,15,1324,428,no,85,-500
2025-05-21T13:04:47.171867,KXBTCD-25MAY2117-T109499.99,DELTA,9,50,15,1324,429,no,77,-1
2025-05-21T13:04:47.172460,KXBTCD-25MAY2117-T109499.99,DELTA,9,50,15,1324,430,no,76,1
2025-05-21T13:04:47.201148,KXBTCD-25MAY2117-T109499.99,DELTA,9,50,14,1000,431,no,86,1000
2025-05-21T13:04:47.209605,KXBTCD-25MAY2117-T109499.99,DELTA,9,50,14,1000,432,yes,8,-1000
2025-05-21T13:04:47.228790,KXBTCD-25MAY2117-T109499.99,DELTA,9,50,14,1000,433,no,85,-1250
2025-05-21T13:04:47.288447,KXBTCD-25MAY2117-T109499.99,DELTA,9,250,14,1000,434,yes,9,200
2025-05-21T13:04:47.289131,KXBTCD-25MAY2117-T109499.99,DELTA,9,250,14,1000,435,no,76,-1
2025-05-21T13:04:47.289607,KXBTCD-25MAY2117-T109499.99,DELTA,9,250,14,1000,436,no,77,1
2025-05-21T13:04:47.290082,KXBTCD-25MAY2117-T109499.99,DELTA,9,250,14,1000,437,yes,6,1000
2025-05-21T13:04:47.308163,KXBTCD-25MAY2117-T109499.99,DELTA,9,250,14,1000,438,no,84,500
2025-05-21T13:04:47.328304,KXBTCD-25MAY2117-T109499.99,DELTA,9,250,13,100,439,no,87,100
2025-05-21T13:04:47.348517,KXBTCD-25MAY2117-T109499.99,DELTA,9,200,13,100,440,yes,9,-50
2025-05-21T13:04:47.349326,KXBTCD-25MAY2117-T109499.99,DELTA,10,50,13,100,441,yes,10,50
2025-05-21T13:04:47.386894,KXBTCD-25MAY2117-T109499.99,DELTA,10,50,13,100,442,no,61,-2000
2025-05-21T13:04:47.387542,KXBTCD-25MAY2117-T109499.99,DELTA,10,50,13,100,443,no,85,1250
2025-05-21T13:04:47.428510,KXBTCD-25MAY2117-T109499.99,DELTA,10,50,13,100,444,no,77,-1
2025-05-21T13:04:47.429596,KXBTCD-25MAY2117-T109499.99,DELTA,10,50,13,100,445,no,76,1
2025-05-21T13:04:47.448157,KXBTCD-25MAY2117-T109499.99,DELTA,10,50,13,100,446,no,84,2000
2025-05-21T13:04:47.449068,KXBTCD-25MAY2117-T109499.99,DELTA,10,50,13,100,447,no,86,-1000
2025-05-21T13:04:47.507447,KXBTCD-25MAY2117-T109499.99,DELTA,10,50,13,1100,448,no,87,1000
2025-05-21T13:04:47.668194,KXBTCD-25MAY2117-T109499.99,DELTA,10,50,13,1100,449,yes,9,-200
2025-05-21T13:04:47.687696,KXBTCD-25MAY2117-T109499.99,DELTA,10,50,13,1100,450,no,84,-500
2025-05-21T13:04:47.747715,KXBTCD-25MAY2117-T109499.99,DELTA,10,50,13,1100,451,yes,9,500
2025-05-21T13:04:47.767652,KXBTCD-25MAY2117-T109499.99,DELTA,10,50,13,1100,452,no,84,400
2025-05-21T13:04:47.787144,KXBTCD-25MAY2117-T109499.99,DELTA,10,50,13,1100,453,no,84,-2000
2025-05-21T13:04:47.787806,KXBTCD-25MAY2117-T109499.99,DELTA,10,50,13,1100,454,no,85,-1250
2025-05-21T13:04:47.867812,KXBTCD-25MAY2117-T109499.99,DELTA,10,50,13,1100,455,no,84,-400
2025-05-21T13:04:47.869128,KXBTCD-25MAY2117-T109499.99,DELTA,10,50,13,1100,456,no,85,1250
2025-05-21T13:04:47.869862,KXBTCD-25MAY2117-T109499.99,DELTA,10,50,13,1100,457,no,84,2000
2025-05-21T13:04:47.908472,KXBTCD-25MAY2117-T109499.99,DELTA,10,50,13,1100,458,no,83,500
2025-05-21T13:04:47.927890,KXBTCD-25MAY2117-T109499.99,DELTA,10,50,13,1100,459,no,84,-2000
2025-05-21T13:04:47.947922,KXBTCD-25MAY2117-T109499.99,DELTA,10,50,13,1100,460,no,85,-1250
2025-05-21T13:04:47.948576,KXBTCD-25MAY2117-T109499.99,DELTA,10,50,13,1100,461,yes,5,-100
2025-05-21T13:04:48.026688,KXBTCD-25MAY2117-T109499.99,DELTA,10,50,13,1100,462,no,84,2000
2025-05-21T13:04:48.027607,KXBTCD-25MAY2117-T109499.99,DELTA,10,50,13,1100,463,no,84,1250
2025-05-21T13:04:48.047427,KXBTCD-25MAY2117-T109499.99,DELTA,10,50,13,1100,464,yes,6,-1000
2025-05-21T13:04:48.967746,KXBTCD-25MAY2117-T109499.99,DELTA,10,50,13,1100,465,yes,6,100
2025-05-21T13:04:49.027547,KXBTCD-25MAY2117-T109499.99,DELTA,10,50,13,1100,466,yes,7,1000
2025-05-21T13:04:50.068495,KXBTCD-25MAY2117-T109499.99,DELTA,10,50,13,100,467,no,87,-1000
2025-05-21T13:04:50.127317,KXBTCD-25MAY2117-T109499.99,DELTA,10,50,12,1000,468,no,88,1000
2025-05-21T13:04:51.048355,KXBTCD-25MAY2117-T109499.99,DELTA,10,50,13,100,469,no,88,-1000
2025-05-21T13:04:51.088049,KXBTCD-25MAY2117-T109499.99,DELTA,10,50,13,1100,470,no,87,1000
2025-05-21T13:04:53.286536,KXBTCD-25MAY2117-T109499.99,DELTA,10,50,13,1000,471,no,87,-100
2025-05-21T13:04:53.346358,KXBTCD-25MAY2117-T109499.99,DELTA,10,50,15,74,472,no,87,-1000
2025-05-21T13:04:53.387917,KXBTCD-25MAY2117-T109499.99,DELTA,10,50,14,1000,473,no,86,1000
2025-05-21T13:04:53.467334,KXBTCD-25MAY2117-T109499.99,DELTA,10,50,14,1000,474,yes,6,-100
2025-05-21T13:04:53.527966,KXBTCD-25MAY2117-T109499.99,DELTA,10,50,14,1000,475,yes,7,-1000
2025-05-21T13:04:53.954811,KXBTCD-25MAY2117-T109499.99,DELTA,10,50,14,1000,476,no,85,100
2025-05-21T13:04:54.526795,KXBTCD-25MAY2117-T109499.99,DELTA,10,50,14,1000,477,yes,7,100
2025-05-21T13:04:54.608092,KXBTCD-25MAY2117-T109499.99,DELTA,10,50,14,1000,478,yes,8,1000
2025-05-21T13:04:56.268141,KXBTCD-25MAY2117-T109499.99,DELTA,10,50,14,1000,479,yes,7,-100
2025-05-21T13:04:56.329916,KXBTCD-25MAY2117-T109499.99,DELTA,10,50,14,1000,480,no,85,-50
2025-05-21T13:04:56.330661,KXBTCD-25MAY2117-T109499.99,DELTA,10,50,14,1000,481,no,84,50
2025-05-21T13:04:56.331223,KXBTCD-25MAY2117-T109499.99,DELTA,10,50,14,1000,482,yes,8,-1000
2025-05-21T13:04:57.641227,KXBTCD-25MAY2117-T109499.99,DELTA,10,50,14,1000,483,yes,7,100
2025-05-21T13:04:57.642070,KXBTCD-25MAY2117-T109499.99,DELTA,10,50,14,1000,484,yes,8,1000
2025-05-21T13:05:01.226206,KXBTCD-25MAY2117-T109499.99,DELTA,10,50,14,1000,485,no,82,500
2025-05-21T13:05:01.226420,KXBTCD-25MAY2117-T109499.99,DELTA,10,50,14,1000,486,no,74,500
2025-05-21T13:05:01.226751,KXBTCD-25MAY2117-T109499.99,DELTA,10,50,14,1000,487,no,76,500
2025-05-21T13:05:01.227002,KXBTCD-25MAY2117-T109499.99,DELTA,10,50,14,1000,488,no,78,500
2025-05-21T13:05:01.227097,KXBTCD-25MAY2117-T109499.99,DELTA,10,50,14,1000,489,yes,4,500
2025-05-21T13:05:01.245894,KXBTCD-25MAY2117-T109499.99,DELTA,10,50,14,1000,490,no,80,500
2025-05-21T13:05:01.246097,KXBTCD-25MAY2117-T109499.99,DELTA,10,50,14,1000,491,yes,2,500
2025-05-21T13:05:01.326456,KXBTCD-25MAY2117-T109499.99,DELTA,10,50,14,1000,492,yes,5,2000
2025-05-21T13:05:01.887605,KXBTCD-25MAY2117-T109499.99,DELTA,10,50,14,1000,493,yes,5,1250
2025-05-21T13:05:03.306841,KXBTCD-25MAY2117-T109499.99,DELTA,10,50,14,1000,494,no,76,-1
2025-05-21T13:05:03.307099,KXBTCD-25MAY2117-T109499.99,DELTA,10,50,14,1000,495,no,75,1
2025-05-21T13:05:03.647899,KXBTCD-25MAY2117-T109499.99,DELTA,10,50,14,1000,496,no,75,-1
2025-05-21T13:05:03.648825,KXBTCD-25MAY2117-T109499.99,DELTA,10,50,14,1000,497,no,76,1
2025-05-21T13:05:06.988549,KXBTCD-25MAY2117-T109499.99,DELTA,10,50,14,1000,498,no,76,-1
2025-05-21T13:05:06.989526,KXBTCD-25MAY2117-T109499.99,DELTA,10,50,14,1000,499,no,75,1
2025-05-21T13:05:07.068437,KXBTCD-25MAY2117-T109499.99,DELTA,10,50,14,1000,500,no,2,-8005
2025-05-21T13:05:07.408494,KXBTCD-25MAY2117-T109499.99,DELTA,10,50,14,1000,501,no,75,-1
2025-05-21T13:05:07.409530,KXBTCD-25MAY2117-T109499.99,DELTA,10,50,14,1000,502,no,76,1
2025-05-21T13:05:07.768294,KXBTCD-25MAY2117-T109499.99,DELTA,10,50,14,1000,503,no,76,-1
2025-05-21T13:05:07.828391,KXBTCD-25MAY2117-T109499.99,DELTA,10,50,14,1000,504,no,75,1
2025-05-21T13:05:08.187064,KXBTCD-25MAY2117-T109499.99,DELTA,10,50,14,1000,505,no,75,-1
2025-05-21T13:05:08.187329,KXBTCD-25MAY2117-T109499.99,DELTA,10,50,14,1000,506,no,76,1
2025-05-21T13:05:08.287043,KXBTCD-25MAY2117-T109499.99,DELTA,10,50,14,1000,507,no,76,-1
2025-05-21T13:05:08.287349,KXBTCD-25MAY2117-T109499.99,DELTA,10,50,14,1000,508,no,75,1
2025-05-21T13:05:09.872592,KXBTCD-25MAY2117-T109499.99,DELTA,10,50,14,1000,509,yes,8,-1000
2025-05-21T13:05:09.888450,KXBTCD-25MAY2117-T109499.99,DELTA,10,50,14,1000,510,no,84,-2000
2025-05-21T13:05:09.928408,KXBTCD-25MAY2117-T109499.99,DELTA,10,50,14,1000,511,yes,8,1000
2025-05-21T13:05:09.929600,KXBTCD-25MAY2117-T109499.99,DELTA,10,50,14,1000,512,no,84,2000
2025-05-21T13:05:09.930515,KXBTCD-25MAY2117-T109499.99,DELTA,10,50,14,1000,513,no,84,-50
2025-05-21T13:05:09.931148,KXBTCD-25MAY2117-T109499.99,DELTA,10,50,14,1000,514,no,83,50
2025-05-21T13:05:10.206696,KXBTCD-25MAY2117-T109499.99,DELTA,10,50,14,1000,515,no,72,500
2025-05-21T13:05:10.227043,KXBTCD-25MAY2117-T109499.99,DELTA,10,50,14,1000,516,no,82,-500
2025-05-21T13:05:10.227240,KXBTCD-25MAY2117-T109499.99,DELTA,10,50,14,1000,517,yes,6,500
2025-05-21T13:05:10.467391,KXBTCD-25MAY2117-T109499.99,DELTA,10,50,14,1000,518,yes,5,-1250
2025-05-21T13:05:10.468788,KXBTCD-25MAY2117-T109499.99,DELTA,10,50,14,1000,519,no,83,-500
2025-05-21T13:05:10.507491,KXBTCD-25MAY2117-T109499.99,DELTA,10,50,14,1000,520,yes,9,-500
2025-05-21T13:05:10.568926,KXBTCD-25MAY2117-T109499.99,DELTA,10,50,14,1000,521,no,84,-2000
2025-05-21T13:05:10.586676,KXBTCD-25MAY2117-T109499.99,DELTA,10,50,14,1000,522,no,84,-1250
2025-05-21T13:05:10.587668,KXBTCD-25MAY2117-T109499.99,DELTA,11,50,14,1000,523,yes,11,50
2025-05-21T13:05:10.606765,KXBTCD-25MAY2117-T109499.99,DELTA,11,50,14,1000,524,no,82,500
2025-05-21T13:05:10.607727,KXBTCD-25MAY2117-T109499.99,DELTA,11,50,14,1000,525,no,84,24
2025-05-21T13:05:10.608535,KXBTCD-25MAY2117-T109499.99,DELTA,11,50,14,1000,526,no,85,-24
2025-05-21T13:05:10.647917,KXBTCD-25MAY2117-T109499.99,DELTA,11,50,14,1000,527,yes,10,-50
2025-05-21T13:05:10.648671,KXBTCD-25MAY2117-T109499.99,DELTA,12,50,14,1000,528,yes,12,50
2025-05-21T13:05:10.667192,KXBTCD-25MAY2117-T109499.99,DELTA,12,50,14,1000,529,no,81,1250
2025-05-21T13:05:10.687275,KXBTCD-25MAY2117-T109499.99,DELTA,12,50,14,1000,530,no,81,2000
2025-05-21T13:05:10.767336,KXBTCD-25MAY2117-T109499.99,DELTA,12,50,14,1000,531,yes,11,-50
2025-05-21T13:05:10.787509,KXBTCD-25MAY2117-T109499.99,DELTA,12,50,14,1000,532,yes,6,1250
2025-05-21T13:05:10.806853,KXBTCD-25MAY2117-T109499.99,DELTA,12,50,14,1000,533,no,75,-1
2025-05-21T13:05:10.806992,KXBTCD-25MAY2117-T109499.99,DELTA,12,50,14,1000,534,no,74,1
2025-05-21T13:05:10.886906,KXBTCD-25MAY2117-T109499.99,DELTA,12,50,14,1000,535,no,81,-2000
2025-05-21T13:05:10.887953,KXBTCD-25MAY2117-T109499.99,DELTA,12,50,14,1000,536,yes,5,-2000
2025-05-21T13:05:10.888345,KXBTCD-25MAY2117-T109499.99,DELTA,12,50,14,1000,537,yes,6,-1250
2025-05-21T13:05:10.888666,KXBTCD-25MAY2117-T109499.99,DELTA,12,50,14,1000,538,no,81,-1250
2025-05-21T13:05:10.906940,KXBTCD-25MAY2117-T109499.99,DELTA,12,50,14,1000,539,yes,11,200
2025-05-21T13:05:10.907200,KXBTCD-25MAY2117-T109499.99,DELTA,12,50,14,1000,540,yes,7,-100
2025-05-21T13:05:11.008580,KXBTCD-25MAY2117-T109499.99,DELTA,12,50,14,1000,541,yes,6,2000
2025-05-21T13:05:11.009562,KXBTCD-25MAY2117-T109499.99,DELTA,12,50,14,1000,542,yes,7,1250
2025-05-21T13:05:11.010106,KXBTCD-25MAY2117-T109499.99,DELTA,12,50,14,1000,543,no,83,2000
2025-05-21T13:05:11.010694,KXBTCD-25MAY2117-T109499.99,DELTA,12,50,14,1000,544,no,83,1250
2025-05-21T13:05:11.068632,KXBTCD-25MAY2117-T109499.99,DELTA,12,50,14,1000,545,yes,8,-1000
2025-05-21T13:05:11.170848,KXBTCD-25MAY2117-T109499.99,DELTA,12,50,14,1000,546,yes,7,1000
2025-05-21T13:05:11.647474,KXBTCD-25MAY2117-T109499.99,DELTA,12,50,14,1000,547,no,85,-100
2025-05-21T13:05:11.747256,KXBTCD-25MAY2117-T109499.99,DELTA,12,50,14,1000,548,yes,8,9
2025-05-21T13:05:11.810891,KXBTCD-25MAY2117-T109499.99,DELTA,12,50,16,24,549,no,86,-1000
2025-05-21T13:05:11.887555,KXBTCD-25MAY2117-T109499.99,DELTA,12,50,16,1024,550,no,84,1000
2025-05-21T13:05:12.075451,KXBTCD-25MAY2117-T109499.99,DELTA,12,50,16,1024,551,yes,9,100
2025-05-21T13:05:12.163347,KXBTCD-25MAY2117-T109499.99,DELTA,12,50,16,1024,552,yes,7,-1000
2025-05-21T13:05:12.188138,KXBTCD-25MAY2117-T109499.99,DELTA,12,50,16,1024,553,yes,9,1000
2025-05-21T13:05:12.626961,KXBTCD-25MAY2117-T109499.99,DELTA,12,50,16,1024,554,no,83,100
2025-05-21T13:05:12.753577,KXBTCD-25MAY2117-T109499.99,DELTA,12,50,16,1024,555,yes,8,-9
2025-05-21T13:05:15.927997,KXBTCD-25MAY2117-T109499.99,DELTA,12,50,16,1024,556,yes,11,-200
2025-05-21T13:05:15.988821,KXBTCD-25MAY2117-T109499.99,DELTA,9,1100,16,1024,557,yes,12,-50
2025-05-21T13:05:15.989788,KXBTCD-25MAY2117-T109499.99,DELTA,10,50,16,1024,558,yes,10,50
2025-05-21T13:05:16.007766,KXBTCD-25MAY2117-T109499.99,DELTA,10,550,16,1024,559,yes,10,500
2025-05-21T13:05:16.028806,KXBTCD-25MAY2117-T109499.99,DELTA,10,550,16,1024,560,no,74,-1
2025-05-21T13:05:16.029723,KXBTCD-25MAY2117-T109499.99,DELTA,10,550,16,1024,561,no,75,1
2025-05-21T13:05:16.187480,KXBTCD-25MAY2117-T109499.99,DELTA,10,550,16,1024,562,no,75,-1
2025-05-21T13:05:16.187740,KXBTCD-25MAY2117-T109499.99,DELTA,10,550,16,1024,563,no,74,1
2025-05-21T13:05:19.688090,KXBTCD-25MAY2117-T109499.99,DELTA,10,550,16,1024,564,yes,6,-2000
2025-05-21T13:05:19.689303,KXBTCD-25MAY2117-T109499.99,DELTA,10,550,16,1024,565,yes,9,-1000
2025-05-21T13:05:19.707477,KXBTCD-25MAY2117-T109499.99,DELTA,10,550,16,1024,566,no,83,-2000
2025-05-21T13:05:19.767305,KXBTCD-25MAY2117-T109499.99,DELTA,10,1550,16,1024,567,yes,10,1000
2025-05-21T13:05:19.767929,KXBTCD-25MAY2117-T109499.99,DELTA,10,1550,16,1024,568,no,82,2000
2025-05-21T13:05:19.768444,KXBTCD-25MAY2117-T109499.99,DELTA,10,1550,16,1024,569,yes,7,2000
2025-05-21T13:05:20.707865,KXBTCD-25MAY2117-T109499.99,DELTA,10,1550,16,1024,570,yes,9,-100
2025-05-21T13:05:21.707563,KXBTCD-25MAY2117-T109499.99,DELTA,10,1550,16,1024,571,yes,9,100
2025-05-21T13:05:21.907407,KXBTCD-25MAY2117-T109499.99,DELTA,10,1550,16,1024,572,no,83,-50
2025-05-21T13:05:21.907886,KXBTCD-25MAY2117-T109499.99,DELTA,10,1550,16,1024,573,no,82,50
2025-05-21T13:05:22.208135,KXBTCD-25MAY2117-T109499.99,DELTA,10,1550,16,1024,574,yes,9,-100
2025-05-21T13:05:23.127498,KXBTCD-25MAY2117-T109499.99,DELTA,10,1550,16,1024,575,no,80,-500
2025-05-21T13:05:23.127806,KXBTCD-25MAY2117-T109499.99,DELTA,10,1550,16,1024,576,no,70,500
2025-05-21T13:05:23.146679,KXBTCD-25MAY2117-T109499.99,DELTA,10,1550,16,1024,577,yes,8,500
2025-05-21T13:05:23.226788,KXBTCD-25MAY2117-T109499.99,DELTA,10,1550,16,1024,578,yes,7,-1250
2025-05-21T13:05:23.246121,KXBTCD-25MAY2117-T109499.99,DELTA,10,1650,16,1024,579,yes,10,100
2025-05-21T13:05:23.286740,KXBTCD-25MAY2117-T109499.99,DELTA,10,1650,16,1024,580,yes,8,1250
2025-05-21T13:05:24.727426,KXBTCD-25MAY2117-T109499.99,DELTA,10,1650,16,1024,581,no,82,-500
2025-05-21T13:05:24.807319,KXBTCD-25MAY2117-T109499.99,DELTA,10,1650,16,1024,582,no,82,-2000
2025-05-21T13:05:24.807914,KXBTCD-25MAY2117-T109499.99,DELTA,10,1650,16,1024,583,no,83,-1250
2025-05-21T13:05:24.827487,KXBTCD-25MAY2117-T109499.99,DELTA,10,1650,16,1024,584,no,81,500
2025-05-21T13:05:24.867340,KXBTCD-25MAY2117-T109499.99,DELTA,10,1650,16,1024,585,no,79,2000
2025-05-21T13:05:24.868268,KXBTCD-25MAY2117-T109499.99,DELTA,10,1650,16,1024,586,no,79,1250
2025-05-21T13:05:24.908004,KXBTCD-25MAY2117-T109499.99,DELTA,10,1650,16,1024,587,no,79,-2000
2025-05-21T13:05:24.909025,KXBTCD-25MAY2117-T109499.99,DELTA,10,1650,16,1024,588,no,79,-1250
2025-05-21T13:05:24.969443,KXBTCD-25MAY2117-T109499.99,DELTA,10,1650,16,1024,589,no,82,2000
2025-05-21T13:05:24.970315,KXBTCD-25MAY2117-T109499.99,DELTA,10,1650,16,1024,590,no,82,1250
2025-05-21T13:05:25.391600,KXBTCD-25MAY2117-T109499.99,DELTA,10,1650,16,1024,591,yes,1,24
2025-05-21T13:05:25.392494,KXBTCD-25MAY2117-T109499.99,DELTA,10,1650,16,1000,592,no,84,-24
2025-05-21T13:05:25.407669,KXBTCD-25MAY2117-T109499.99,DELTA,10,1650,16,1000,593,no,82,24
2025-05-21T13:05:25.467302,KXBTCD-25MAY2117-T109499.99,DELTA,10,1650,16,1000,594,no,74,-1
2025-05-21T13:05:25.468237,KXBTCD-25MAY2117-T109499.99,DELTA,10,1650,16,1000,595,no,73,1
2025-05-21T13:05:25.488153,KXBTCD-25MAY2117-T109499.99,DELTA,10,1650,16,1000,596,yes,7,-2000
2025-05-21T13:05:25.507077,KXBTCD-25MAY2117-T109499.99,DELTA,10,650,16,1000,597,yes,10,-1000
2025-05-21T13:05:25.508155,KXBTCD-25MAY2117-T109499.99,DELTA,10,650,16,1000,598,yes,8,-1250
2025-05-21T13:05:25.527490,KXBTCD-25MAY2117-T109499.99,DELTA,10,650,16,1000,599,no,82,-2000
2025-05-21T13:05:25.588106,KXBTCD-25MAY2117-T109499.99,DELTA,11,1000,16,1000,600,yes,11,1000
2025-05-21T13:05:25.589115,KXBTCD-25MAY2117-T109499.99,DELTA,11,1000,16,1000,601,no,81,2000
2025-05-21T13:05:25.590008,KXBTCD-25MAY2117-T109499.99,DELTA,11,1000,16,1000,602,yes,8,2000
2025-05-21T13:05:25.631979,KXBTCD-25MAY2117-T109499.99,DELTA,11,1000,16,1000,603,yes,9,1250
2025-05-21T13:05:25.651371,KXBTCD-25MAY2117-T109499.99,DELTA,11,1000,16,1000,604,yes,10,-50
2025-05-21T13:05:25.651920,KXBTCD-25MAY2117-T109499.99,DELTA,12,50,16,1000,605,yes,12,50
2025-05-21T13:05:25.670294,KXBTCD-25MAY2117-T109499.99,DELTA,12,50,16,1000,606,yes,10,-500
2025-05-21T13:05:25.769638,KXBTCD-25MAY2117-T109499.99,DELTA,12,50,16,1000,607,no,73,-1
2025-05-21T13:05:25.769894,KXBTCD-25MAY2117-T109499.99,DELTA,12,50,16,1000,608,no,72,1
2025-05-21T13:05:25.819833,KXBTCD-25MAY2117-T109499.99,DELTA,12,50,16,1000,609,no,81,-500
2025-05-21T13:05:25.829394,KXBTCD-25MAY2117-T109499.99,DELTA,12,50,16,1000,610,no,82,-50
2025-05-21T13:05:25.829523,KXBTCD-25MAY2117-T109499.99,DELTA,12,50,16,1000,611,no,80,50
2025-05-21T13:05:25.888636,KXBTCD-25MAY2117-T109499.99,DELTA,12,50,16,1000,612,no,81,-2000
2025-05-21T13:05:25.888826,KXBTCD-25MAY2117-T109499.99,DELTA,12,50,16,1000,613,no,82,-1250
2025-05-21T13:05:25.949301,KXBTCD-25MAY2117-T109499.99,DELTA,12,50,16,1000,614,no,79,2000
2025-05-21T13:05:25.950608,KXBTCD-25MAY2117-T109499.99,DELTA,12,50,16,1000,615,no,79,1250
2025-05-21T13:05:25.969541,KXBTCD-25MAY2117-T109499.99,DELTA,13,250,16,1000,616,yes,13,250
2025-05-21T13:05:25.988566,KXBTCD-25MAY2117-T109499.99,DELTA,13,250,16,1000,617,no,80,450
2025-05-21T13:05:26.052390,KXBTCD-25MAY2117-T109499.99,DELTA,13,250,16,1000,618,no,79,-2000
2025-05-21T13:05:26.068717,KXBTCD-25MAY2117-T109499.99,DELTA,13,250,16,1000,619,no,79,-1250
2025-05-21T13:05:26.120163,KXBTCD-25MAY2117-T109499.99,DELTA,13,250,16,1000,620,no,81,2000
2025-05-21T13:05:26.120874,KXBTCD-25MAY2117-T109499.99,DELTA,13,250,16,1000,621,no,81,1250
2025-05-21T13:05:26.268435,KXBTCD-25MAY2117-T109499.99,DELTA,13,250,16,1000,622,yes,10,-100
2025-05-21T13:05:26.287832,KXBTCD-25MAY2117-T109499.99,DELTA,13,250,16,1000,623,no,83,-100
2025-05-21T13:05:26.420515,KXBTCD-25MAY2117-T109499.99,DELTA,13,250,16,1000,624,yes,11,-1000
2025-05-21T13:05:26.421686,KXBTCD-25MAY2117-T109499.99,DELTA,13,250,18,24,625,no,84,-1000
2025-05-21T13:05:26.468783,KXBTCD-25MAY2117-T109499.99,DELTA,13,250,18,24,626,yes,9,1000
2025-05-21T13:05:26.469777,KXBTCD-25MAY2117-T109499.99,DELTA,13,250,18,24,627,no,81,1000
2025-05-21T13:05:26.647435,KXBTCD-25MAY2117-T109499.99,DELTA,13,250,18,24,628,yes,12,-50
2025-05-21T13:05:26.647804,KXBTCD-25MAY2117-T109499.99,DELTA,14,50,18,24,629,yes,14,50
2025-05-21T13:05:27.167544,KXBTCD-25MAY2117-T109499.99,DELTA,14,50,18,24,630,no,78,-500
2025-05-21T13:05:27.168356,KXBTCD-25MAY2117-T109499.99,DELTA,14,50,18,24,631,no,68,500
2025-05-21T13:05:27.268141,KXBTCD-25MAY2117-T109499.99,DELTA,14,50,18,24,632,yes,10,9
2025-05-21T13:05:27.368167,KXBTCD-25MAY2117-T109499.99,DELTA,14,50,18,24,633,yes,11,100
2025-05-21T13:05:27.388303,KXBTCD-25MAY2117-T109499.99,DELTA,14,50,18,24,634,no,80,100
2025-05-21T13:05:27.486901,KXBTCD-25MAY2117-T109499.99,DELTA,14,50,18,24,635,yes,9,-1000
2025-05-21T13:05:27.607703,KXBTCD-25MAY2117-T109499.99,DELTA,14,50,18,24,636,yes,11,1000
2025-05-21T13:05:27.608278,KXBTCD-25MAY2117-T109499.99,DELTA,14,50,18,24,637,yes,11,-100
2025-05-21T13:05:27.788199,KXBTCD-25MAY2117-T109499.99,DELTA,14,50,18,24,638,yes,11,-1000
2025-05-21T13:05:27.908691,KXBTCD-25MAY2117-T109499.99,DELTA,14,50,18,24,639,yes,9,1000
2025-05-21T13:05:28.509196,KXBTCD-25MAY2117-T109499.99,DELTA,14,50,18,24,640,yes,12,100
2025-05-21T13:05:28.708327,KXBTCD-25MAY2117-T109499.99,DELTA,14,50,18,24,641,yes,10,-9
2025-05-21T13:05:29.208424,KXBTCD-25MAY2117-T109499.99,DELTA,14,50,18,24,642,no,68,-500
2025-05-21T13:05:29.209133,KXBTCD-25MAY2117-T109499.99,DELTA,14,50,18,24,643,no,78,500
2025-05-21T13:05:31.331033,KXBTCD-25MAY2117-T109499.99,DELTA,14,50,18,24,644,no,78,-500
2025-05-21T13:05:31.332103,KXBTCD-25MAY2117-T109499.99,DELTA,14,50,18,24,645,no,68,500
2025-05-21T13:05:32.208772,KXBTCD-25MAY2117-T109499.99,DELTA,14,50,18,24,646,yes,8,-2000
2025-05-21T13:05:32.210377,KXBTCD-25MAY2117-T109499.99,DELTA,14,50,18,24,647,yes,9,-1000
2025-05-21T13:05:32.210962,KXBTCD-25MAY2117-T109499.99,DELTA,14,50,18,24,648,no,81,-2000
2025-05-21T13:05:32.288120,KXBTCD-25MAY2117-T109499.99,DELTA,14,50,18,24,649,no,80,2000
2025-05-21T13:05:32.289296,KXBTCD-25MAY2117-T109499.99,DELTA,14,50,18,24,650,yes,9,2000
2025-05-21T13:05:32.289795,KXBTCD-25MAY2117-T109499.99,DELTA,14,50,18,24,651,yes,12,1000
2025-05-21T13:05:32.667636,KXBTCD-25MAY2117-T109499.99,DELTA,14,50,18,24,652,yes,9,-2000
2025-05-21T13:05:32.668778,KXBTCD-25MAY2117-T109499.99,DELTA,14,50,18,24,653,yes,12,-1000
2025-05-21T13:05:32.689449,KXBTCD-25MAY2117-T109499.99,DELTA,14,50,18,24,654,no,80,-2000
2025-05-21T13:05:32.748138,KXBTCD-25MAY2117-T109499.99,DELTA,14,50,18,24,655,yes,9,1000
2025-05-21T13:05:32.748959,KXBTCD-25MAY2117-T109499.99,DELTA,14,50,18,24,656,yes,8,2000
2025-05-21T13:05:32.816223,KXBTCD-25MAY2117-T109499.99,DELTA,14,50,18,24,657,no,81,2000
2025-05-21T13:05:33.347178,KXBTCD-25MAY2117-T109499.99,DELTA,14,50,18,24,658,no,78,500
2025-05-21T13:05:33.347754,KXBTCD-25MAY2117-T109499.99,DELTA,14,50,18,24,659,no,68,-500
2025-05-21T13:05:36.287052,KXBTCD-25MAY2117-T109499.99,DELTA,14,50,18,24,660,no,80,-100
2025-05-21T13:05:36.714915,KXBTCD-25MAY2117-T109499.99,DELTA,14,50,18,24,661,yes,13,-250
2025-05-21T13:05:36.767577,KXBTCD-25MAY2117-T109499.99,DELTA,14,50,18,24,662,yes,8,-2000
2025-05-21T13:05:36.787056,KXBTCD-25MAY2117-T109499.99,DELTA,14,50,18,24,663,yes,9,-1250
2025-05-21T13:05:36.787475,KXBTCD-25MAY2117-T109499.99,DELTA,14,50,18,24,664,yes,12,400
2025-05-21T13:05:36.826605,KXBTCD-25MAY2117-T109499.99,DELTA,14,50,18,24,665,yes,8,1250
2025-05-21T13:05:36.827313,KXBTCD-25MAY2117-T109499.99,DELTA,14,50,18,24,666,yes,7,2000
2025-05-21T13:05:36.948446,KXBTCD-25MAY2117-T109499.99,DELTA,12,500,18,24,667,yes,14,-50
2025-05-21T13:05:36.949102,KXBTCD-25MAY2117-T109499.99,DELTA,13,50,18,24,668,yes,13,50
2025-05-21T13:05:36.999172,KXBTCD-25MAY2117-T109499.99,DELTA,13,50,18,24,669,no,72,-1
2025-05-21T13:05:36.999931,KXBTCD-25MAY2117-T109499.99,DELTA,13,50,18,24,670,no,73,1
2025-05-21T13:05:37.000492,KXBTCD-25MAY2117-T109499.99,DELTA,13,50,18,24,671,no,81,100
2025-05-21T13:05:37.068468,KXBTCD-25MAY2117-T109499.99,DELTA,13,50,18,24,672,no,81,-1000
2025-05-21T13:05:37.127223,KXBTCD-25MAY2117-T109499.99,DELTA,13,50,18,1024,673,no,82,1000
2025-05-21T13:05:37.386934,KXBTCD-25MAY2117-T109499.99,DELTA,13,50,18,1024,674,yes,12,-400
2025-05-21T13:05:37.526604,KXBTCD-25MAY2117-T109499.99,DELTA,13,50,18,1024,675,yes,11,500
2025-05-21T13:05:37.547981,KXBTCD-25MAY2117-T109499.99,DELTA,13,50,18,1024,676,no,73,-1
2025-05-21T13:05:37.548148,KXBTCD-25MAY2117-T109499.99,DELTA,13,50,18,1024,677,no,74,1
2025-05-21T13:05:37.767830,KXBTCD-25MAY2117-T109499.99,DELTA,13,50,18,1024,678,no,80,-450
2025-05-21T13:05:37.827799,KXBTCD-25MAY2117-T109499.99,DELTA,13,50,18,1024,679,no,80,-50
2025-05-21T13:05:37.828917,KXBTCD-25MAY2117-T109499.99,DELTA,13,50,18,1024,680,no,81,50
2025-05-21T13:05:37.829765,KXBTCD-25MAY2117-T109499.99,DELTA,13,50,18,1024,681,no,81,-2000
2025-05-21T13:05:37.846483,KXBTCD-25MAY2117-T109499.99,DELTA,13,50,18,1374,682,no,82,350
2025-05-21T13:05:37.847520,KXBTCD-25MAY2117-T109499.99,DELTA,13,50,18,1374,683,no,81,-1250
2025-05-21T13:05:37.889101,KXBTCD-25MAY2117-T109499.99,DELTA,13,50,18,1374,684,no,79,1250
2025-05-21T13:05:37.889855,KXBTCD-25MAY2117-T109499.99,DELTA,13,50,18,1374,685,no,79,2000
2025-05-21T13:05:37.976394,KXBTCD-25MAY2117-T109499.99,DELTA,13,50,18,1374,686,no,79,-2000
2025-05-21T13:05:37.986632,KXBTCD-25MAY2117-T109499.99,DELTA,13,50,18,374,687,no,82,-1000
2025-05-21T13:05:37.987224,KXBTCD-25MAY2117-T109499.99,DELTA,13,50,18,374,688,no,79,-1250
2025-05-21T13:05:38.066877,KXBTCD-25MAY2117-T109499.99,DELTA,13,50,17,1000,689,no,83,1000
2025-05-21T13:05:38.067692,KXBTCD-25MAY2117-T109499.99,DELTA,13,50,17,1000,690,no,82,2000
2025-05-21T13:05:38.068211,KXBTCD-25MAY2117-T109499.99,DELTA,13,50,17,2250,691,no,83,1250
2025-05-21T13:05:38.186893,KXBTCD-25MAY2117-T109499.99,DELTA,13,50,17,2250,692,no,81,-100
2025-05-21T13:05:38.206990,KXBTCD-25MAY2117-T109499.99,DELTA,13,50,17,2250,693,yes,12,-100
2025-05-21T13:05:38.207206,KXBTCD-25MAY2117-T109499.99,DELTA,13,50,17,2250,694,yes,8,-500
2025-05-21T13:05:38.207313,KXBTCD-25MAY2117-T109499.99,DELTA,13,50,17,2250,695,no,80,500
2025-05-21T13:05:38.225475,KXBTCD-25MAY2117-T109499.99,DELTA,13,50,17,2250,696,no,70,-500
2025-05-21T13:05:38.266888,KXBTCD-25MAY2117-T109499.99,DELTA,13,50,17,2250,697,yes,9,-1000
2025-05-21T13:05:38.285954,KXBTCD-25MAY2117-T109499.99,DELTA,13,50,17,2250,698,yes,8,-1250
2025-05-21T13:05:38.346421,KXBTCD-25MAY2117-T109499.99,DELTA,13,50,17,2250,699,yes,7,1250
2025-05-21T13:05:38.346994,KXBTCD-25MAY2117-T109499.99,DELTA,13,50,17,2250,700,yes,7,1000
2025-05-21T13:05:39.507628,KXBTCD-25MAY2117-T109499.99,DELTA,13,50,17,2250,701,yes,10,100
2025-05-21T13:05:39.508708,KXBTCD-25MAY2117-T109499.99,DELTA,13,50,17,2250,702,no,82,100
2025-05-21T13:05:39.587037,KXBTCD-25MAY2117-T109499.99,DELTA,13,50,17,2250,703,yes,7,-1000
2025-05-21T13:05:39.646909,KXBTCD-25MAY2117-T109499.99,DELTA,13,50,17,2250,704,yes,10,1000
2025-05-21T13:05:40.588718,KXBTCD-25MAY2117-T109499.99,DELTA,13,50,17,2250,705,yes,10,-1000
2025-05-21T13:05:40.589886,KXBTCD-25MAY2117-T109499.99,DELTA,13,50,17,2250,706,no,82,-2000
2025-05-21T13:05:40.607550,KXBTCD-25MAY2117-T109499.99,DELTA,13,50,17,1000,707,no,83,-1250
2025-05-21T13:05:40.672916,KXBTCD-25MAY2117-T109499.99,DELTA,13,50,17,1000,708,no,81,2000
2025-05-21T13:05:40.673937,KXBTCD-25MAY2117-T109499.99,DELTA,13,50,17,1000,709,yes,11,1000
2025-05-21T13:05:40.674744,KXBTCD-25MAY2117-T109499.99,DELTA,13,50,17,1000,710,no,82,1250
2025-05-21T13:05:42.171607,KXBTCD-25MAY2117-T109499.99,DELTA,13,50,17,1000,711,yes,11,-1000
2025-05-21T13:05:42.187675,KXBTCD-25MAY2117-T109499.99,DELTA,13,50,17,1000,712,no,81,-2000
2025-05-21T13:05:42.188315,KXBTCD-25MAY2117-T109499.99,DELTA,13,50,17,1000,713,no,82,-1250
2025-05-21T13:05:42.248469,KXBTCD-25MAY2117-T109499.99,DELTA,13,50,17,1000,714,yes,10,1000
2025-05-21T13:05:42.249193,KXBTCD-25MAY2117-T109499.99,DELTA,13,50,17,1000,715,no,82,2000
2025-05-21T13:05:42.249712,KXBTCD-25MAY2117-T109499.99,DELTA,13,50,17,2250,716,no,83,1250
2025-05-21T13:05:42.875158,KXBTCD-25MAY2117-T109499.99,DELTA,13,50,17,2250,717,yes,1,-24
2025-05-21T13:05:42.876296,KXBTCD-25MAY2117-T109499.99,DELTA,13,50,16,24,718,no,84,24
2025-05-21T13:05:42.877084,KXBTCD-25MAY2117-T109499.99,DELTA,13,50,16,24,719,no,82,-24
2025-05-21T13:05:42.927464,KXBTCD-25MAY2117-T109499.99,DELTA,11,500,16,24,720,yes,13,-50
2025-05-21T13:05:42.928287,KXBTCD-25MAY2117-T109499.99,DELTA,12,50,16,24,721,yes,12,50
2025-05-21T13:05:43.306182,KXBTCD-25MAY2117-T109499.99,DELTA,12,50,16,24,722,yes,11,-500
2025-05-21T13:05:43.399647,KXBTCD-25MAY2117-T109499.99,DELTA,12,50,16,24,723,no,74,-1
2025-05-21T13:05:43.400245,KXBTCD-25MAY2117-T109499.99,DELTA,12,50,16,24,724,no,75,1
2025-05-21T13:05:43.446759,KXBTCD-25MAY2117-T109499.99,DELTA,12,50,16,24,725,no,81,-50
2025-05-21T13:05:43.447461,KXBTCD-25MAY2117-T109499.99,DELTA,12,50,16,24,726,no,82,50
2025-05-21T13:05:43.467313,KXBTCD-25MAY2117-T109499.99,DELTA,12,50,16,24,727,yes,10,450
2025-05-21T13:05:43.627247,KXBTCD-25MAY2117-T109499.99,DELTA,12,50,16,24,728,no,82,-100
2025-05-21T13:05:44.188334,KXBTCD-25MAY2117-T109499.99,DELTA,12,50,16,24,729,no,82,500
2025-05-21T13:05:44.207649,KXBTCD-25MAY2117-T109499.99,DELTA,12,50,16,24,730,yes,6,-500
2025-05-21T13:05:44.208570,KXBTCD-25MAY2117-T109499.99,DELTA,12,50,16,24,731,no,72,-500
2025-05-21T13:05:44.266609,KXBTCD-25MAY2117-T109499.99,DELTA,12,50,16,24,732,yes,7,-2000
2025-05-21T13:05:44.286796,KXBTCD-25MAY2117-T109499.99,DELTA,12,50,16,24,733,yes,7,-1250
2025-05-21T13:05:44.327075,KXBTCD-25MAY2117-T109499.99,DELTA,12,50,16,24,734,yes,5,1250
2025-05-21T13:05:44.346753,KXBTCD-25MAY2117-T109499.99,DELTA,12,50,16,24,735,yes,5,2000
2025-05-21T13:05:45.151194,KXBTCD-25MAY2117-T109499.99,DELTA,12,50,16,24,736,no,83,100
2025-05-21T13:05:45.187349,KXBTCD-25MAY2117-T109499.99,DELTA,12,50,16,24,737,yes,6,500
2025-05-21T13:05:45.188000,KXBTCD-25MAY2117-T109499.99,DELTA,12,50,16,24,738,no,82,-500
2025-05-21T13:05:45.208158,KXBTCD-25MAY2117-T109499.99,DELTA,12,50,16,24,739,no,72,500
2025-05-21T13:05:45.232339,KXBTCD-25MAY2117-T109499.99,DELTA,12,50,16,24,740,no,83,-1000
2025-05-21T13:05:45.266764,KXBTCD-25MAY2117-T109499.99,DELTA,12,50,16,24,741,yes,5,-2000
2025-05-21T13:05:45.287511,KXBTCD-25MAY2117-T109499.99,DELTA,12,50,16,24,742,yes,5,-1250
2025-05-21T13:05:45.288223,KXBTCD-25MAY2117-T109499.99,DELTA,12,50,16,1024,743,no,84,1000
2025-05-21T13:05:45.346553,KXBTCD-25MAY2117-T109499.99,DELTA,12,50,16,1024,744,yes,7,2000
2025-05-21T13:05:45.347492,KXBTCD-25MAY2117-T109499.99,DELTA,12,50,16,1024,745,yes,7,1250
2025-05-21T13:05:46.187458,KXBTCD-25MAY2117-T109499.99,DELTA,12,50,16,1024,746,no,72,-500
2025-05-21T13:05:46.188078,KXBTCD-25MAY2117-T109499.99,DELTA,12,50,16,1024,747,no,82,500
2025-05-21T13:05:46.188439,KXBTCD-25MAY2117-T109499.99,DELTA,12,50,16,1024,748,yes,6,-500
2025-05-21T13:05:46.287807,KXBTCD-25MAY2117-T109499.99,DELTA,12,50,16,1024,749,yes,7,-2000
2025-05-21T13:05:46.288819,KXBTCD-25MAY2117-T109499.99,DELTA,12,50,16,1024,750,yes,7,-1250
2025-05-21T13:05:46.347364,KXBTCD-25MAY2117-T109499.99,DELTA,12,50,16,1024,751,yes,5,1250
2025-05-21T13:05:46.348184,KXBTCD-25MAY2117-T109499.99,DELTA,12,50,16,1024,752,yes,5,2000
2025-05-21T13:05:48.689556,KXBTCD-25MAY2117-T109499.99,DELTA,12,50,16,1024,753,yes,10,-1000
2025-05-21T13:05:48.690442,KXBTCD-25MAY2117-T109499.99,DELTA,12,50,16,1024,754,no,82,-2000
2025-05-21T13:05:48.727281,KXBTCD-25MAY2117-T109499.99,DELTA,12,50,16,1024,755,yes,5,1000
2025-05-21T13:05:48.747518,KXBTCD-25MAY2117-T109499.99,DELTA,12,50,16,1024,756,no,83,2000
2025-05-21T13:05:49.148316,KXBTCD-25MAY2117-T109499.99,DELTA,12,50,16,1024,757,yes,6,500
2025-05-21T13:05:49.167471,KXBTCD-25MAY2117-T109499.99,DELTA,12,50,16,1024,758,no,82,-500
2025-05-21T13:05:49.168005,KXBTCD-25MAY2117-T109499.99,DELTA,12,50,16,1024,759,no,72,500
2025-05-21T13:05:49.206929,KXBTCD-25MAY2117-T109499.99,DELTA,12,50,16,1024,760,yes,5,-2000
2025-05-21T13:05:49.207534,KXBTCD-25MAY2117-T109499.99,DELTA,12,50,16,1024,761,yes,5,-1000
2025-05-21T13:05:49.226532,KXBTCD-25MAY2117-T109499.99,DELTA,12,50,16,1024,762,yes,5,-1250
2025-05-21T13:05:49.266780,KXBTCD-25MAY2117-T109499.99,DELTA,12,50,16,1024,763,yes,6,2000
2025-05-21T13:05:49.267415,KXBTCD-25MAY2117-T109499.99,DELTA,12,50,16,1024,764,yes,7,1250
2025-05-21T13:05:49.267915,KXBTCD-25MAY2117-T109499.99,DELTA,12,50,16,1024,765,yes,7,1000
2025-05-21T13:05:49.367129,KXBTCD-25MAY2117-T109499.99,DELTA,12,50,16,1024,766,yes,6,-2000
2025-05-21T13:05:49.367858,KXBTCD-25MAY2117-T109499.99,DELTA,12,50,16,1024,767,yes,7,-1000
2025-05-21T13:05:49.387144,KXBTCD-25MAY2117-T109499.99,DELTA,12,50,16,1024,768,no,83,-2000
2025-05-21T13:05:49.447910,KXBTCD-25MAY2117-T109499.99,DELTA,12,50,16,1024,769,no,82,2000
2025-05-21T13:05:49.448900,KXBTCD-25MAY2117-T109499.99,DELTA,12,50,16,1024,770,yes,7,2000
2025-05-21T13:05:49.449570,KXBTCD-25MAY2117-T109499.99,DELTA,12,50,16,1024,771,yes,10,1000
2025-05-21T13:05:49.908782,KXBTCD-25MAY2117-T109499.99,DELTA,12,50,16,1024,772,no,75,-1
2025-05-21T13:05:49.909394,KXBTCD-25MAY2117-T109499.99,DELTA,12,50,16,1024,773,no,74,1
2025-05-21T13:05:56.607989,KXBTCD-25MAY2117-T109499.99,DELTA,12,50,16,1024,774,yes,10,-1000
2025-05-21T13:05:56.608825,KXBTCD-25MAY2117-T109499.99,DELTA,12,50,16,1024,775,no,82,-2000
2025-05-21T13:05:56.627694,KXBTCD-25MAY2117-T109499.99,DELTA,12,50,16,1024,776,no,83,-1250
2025-05-21T13:05:56.687036,KXBTCD-25MAY2117-T109499.99,DELTA,12,50,16,1024,777,yes,11,1000
2025-05-21T13:05:56.687851,KXBTCD-25MAY2117-T109499.99,DELTA,12,50,16,1024,778,no,81,2000
2025-05-21T13:05:56.688472,KXBTCD-25MAY2117-T109499.99,DELTA,12,50,16,1024,779,no,82,1250
2025-05-21T13:06:01.848793,KXBTCD-25MAY2117-T109499.99,DELTA,12,50,16,1024,780,yes,10,500
2025-05-21T13:06:01.867619,KXBTCD-25MAY2117-T109499.99,DELTA,12,50,16,1024,781,no,72,-500
2025-05-21T13:06:01.867863,KXBTCD-25MAY2117-T109499.99,DELTA,12,50,16,1024,782,yes,8,500
2025-05-21T13:06:01.887375,KXBTCD-25MAY2117-T109499.99,DELTA,12,50,16,1024,783,no,82,500
2025-05-21T13:06:01.948173,KXBTCD-25MAY2117-T109499.99,DELTA,12,50,16,1024,784,yes,7,-2000
2025-05-21T13:06:01.949053,KXBTCD-25MAY2117-T109499.99,DELTA,12,50,16,1024,785,yes,7,-1250
2025-05-21T13:06:02.028414,KXBTCD-25MAY2117-T109499.99,DELTA,12,50,16,1024,786,yes,8,2000
2025-05-21T13:06:02.029455,KXBTCD-25MAY2117-T109499.99,DELTA,12,50,16,1024,787,yes,9,1250
2025-05-21T13:06:05.308419,KXBTCD-25MAY2117-T109499.99,DELTA,12,50,16,1024,788,no,74,-1
2025-05-21T13:06:05.391591,KXBTCD-25MAY2117-T109499.99,DELTA,12,50,16,1024,789,no,75,1
2025-05-21T13:06:06.214409,KXBTCD-25MAY2117-T109499.99,DELTA,12,50,16,1024,790,no,74,-500
2025-05-21T13:06:06.215098,KXBTCD-25MAY2117-T109499.99,DELTA,12,50,16,1524,791,no,84,500
2025-05-21T13:06:06.433117,KXBTCD-25MAY2117-T109499.99,DELTA,12,50,16,1524,792,no,75,-1
2025-05-21T13:06:06.434143,KXBTCD-25MAY2117-T109499.99,DELTA,12,50,16,1524,793,no,74,1
2025-05-21T13:06:07.167923,KXBTCD-25MAY2117-T109499.99,DELTA,12,50,16,1024,794,no,84,-500
2025-05-21T13:06:07.168628,KXBTCD-25MAY2117-T109499.99,DELTA,12,50,16,1024,795,no,74,500
2025-05-21T13:06:08.246628,KXBTCD-25MAY2117-T109499.99,DELTA,12,50,16,1024,796,yes,8,-2000
2025-05-21T13:06:08.247091,KXBTCD-25MAY2117-T109499.99,DELTA,12,50,16,1024,797,yes,11,-1000
2025-05-21T13:06:08.267020,KXBTCD-25MAY2117-T109499.99,DELTA,12,50,16,1024,798,yes,9,-1250
2025-05-21T13:06:08.267171,KXBTCD-25MAY2117-T109499.99,DELTA,12,50,16,1024,799,no,81,-2000
2025-05-21T13:06:08.287389,KXBTCD-25MAY2117-T109499.99,DELTA,12,50,16,24,800,no,84,-1000
2025-05-21T13:06:08.288335,KXBTCD-25MAY2117-T109499.99,DELTA,12,50,16,24,801,no,82,-1250
2025-05-21T13:06:08.306597,KXBTCD-25MAY2117-T109499.99,DELTA,12,50,16,24,802,no,82,-50
2025-05-21T13:06:08.306741,KXBTCD-25MAY2117-T109499.99,DELTA,12,50,16,24,803,no,81,50
2025-05-21T13:06:08.366548,KXBTCD-25MAY2117-T109499.99,DELTA,12,50,16,24,804,no,83,1000
2025-05-21T13:06:08.367016,KXBTCD-25MAY2117-T109499.99,DELTA,12,50,16,24,805,no,81,1250
2025-05-21T13:06:08.367260,KXBTCD-25MAY2117-T109499.99,DELTA,12,1050,16,24,806,yes,12,1000
2025-05-21T13:06:08.367465,KXBTCD-25MAY2117-T109499.99,DELTA,12,1050,16,24,807,yes,9,2000
2025-05-21T13:06:08.367660,KXBTCD-25MAY2117-T109499.99,DELTA,12,1050,16,24,808,no,80,2000
2025-05-21T13:06:08.367840,KXBTCD-25MAY2117-T109499.99,DELTA,12,1050,16,24,809,yes,10,1250
2025-05-21T13:06:08.427128,KXBTCD-25MAY2117-T109499.99,DELTA,12,1000,16,24,810,yes,12,-50
2025-05-21T13:06:08.427987,KXBTCD-25MAY2117-T109499.99,DELTA,13,50,16,24,811,yes,13,50
2025-05-21T13:06:08.467173,KXBTCD-25MAY2117-T109499.99,DELTA,13,50,16,24,812,yes,9,-2000
2025-05-21T13:06:08.487423,KXBTCD-25MAY2117-T109499.99,DELTA,13,50,16,24,813,yes,12,-1000
2025-05-21T13:06:08.488076,KXBTCD-25MAY2117-T109499.99,DELTA,13,50,16,24,814,yes,10,-1250
2025-05-21T13:06:08.509225,KXBTCD-25MAY2117-T109499.99,DELTA,13,50,16,24,815,no,80,-2000
2025-05-21T13:06:08.509883,KXBTCD-25MAY2117-T109499.99,DELTA,13,50,16,24,816,no,83,-1000
2025-05-21T13:06:08.526835,KXBTCD-25MAY2117-T109499.99,DELTA,13,50,16,24,817,no,81,-1250
2025-05-21T13:06:08.546496,KXBTCD-25MAY2117-T109499.99,DELTA,10,1050,16,24,818,yes,13,-50
2025-05-21T13:06:08.546948,KXBTCD-25MAY2117-T109499.99,DELTA,11,50,16,24,819,yes,11,50
2025-05-21T13:06:08.611819,KXBTCD-25MAY2117-T109499.99,DELTA,11,50,16,1024,820,no,84,1000
2025-05-21T13:06:08.630707,KXBTCD-25MAY2117-T109499.99,DELTA,11,50,16,1024,821,yes,9,1250
2025-05-21T13:06:08.642518,KXBTCD-25MAY2117-T109499.99,DELTA,11,1050,16,1024,822,yes,11,1000
2025-05-21T13:06:08.643226,KXBTCD-25MAY2117-T109499.99,DELTA,11,1050,16,1024,823,no,82,1250
2025-05-21T13:06:08.643768,KXBTCD-25MAY2117-T109499.99,DELTA,11,1050,16,1024,824,no,81,2000
2025-05-21T13:06:08.644067,KXBTCD-25MAY2117-T109499.99,DELTA,11,1050,16,1024,825,yes,8,2000
2025-05-21T13:06:09.408025,KXBTCD-25MAY2117-T109499.99,DELTA,11,1050,16,1024,826,no,74,-1
2025-05-21T13:06:09.408961,KXBTCD-25MAY2117-T109499.99,DELTA,11,1050,16,1024,827,no,75,1
2025-05-21T13:06:10.040493,KXBTCD-25MAY2117-T109499.99,DELTA,11,1050,16,1024,828,no,83,-100
2025-05-21T13:06:10.047192,KXBTCD-25MAY2117-T109499.99,DELTA,11,1050,16,1024,829,yes,10,-100
2025-05-21T13:06:10.107811,KXBTCD-25MAY2117-T109499.99,DELTA,11,1050,16,24,830,no,84,-1000
2025-05-21T13:06:10.169280,KXBTCD-25MAY2117-T109499.99,DELTA,11,1050,16,24,831,no,83,1000
2025-05-21T13:06:10.180123,KXBTCD-25MAY2117-T109499.99,DELTA,11,1050,16,24,832,no,74,-500
2025-05-21T13:06:10.207381,KXBTCD-25MAY2117-T109499.99,DELTA,11,1050,16,524,833,no,84,500
2025-05-21T13:06:10.280258,KXBTCD-25MAY2117-T109499.99,DELTA,11,1050,16,524,834,no,83,-1000
2025-05-21T13:06:10.327465,KXBTCD-25MAY2117-T109499.99,DELTA,11,1050,16,1524,835,no,84,1000
2025-05-21T13:06:10.479461,KXBTCD-25MAY2117-T109499.99,DELTA,11,1050,16,1524,836,no,81,-50
2025-05-21T13:06:10.480270,KXBTCD-25MAY2117-T109499.99,DELTA,11,1050,16,1524,837,no,83,50
2025-05-21T13:06:10.747782,KXBTCD-25MAY2117-T109499.99,DELTA,11,1050,16,1524,838,yes,9,100
2025-05-21T13:06:10.781961,KXBTCD-25MAY2117-T109499.99,DELTA,11,1050,16,1524,839,no,83,100
2025-05-21T13:06:10.793812,KXBTCD-25MAY2117-T109499.99,DELTA,11,1050,16,1524,840,yes,8,-2000
2025-05-21T13:06:10.806467,KXBTCD-25MAY2117-T109499.99,DELTA,11,50,16,1524,841,yes,11,-1000
2025-05-21T13:06:10.806654,KXBTCD-25MAY2117-T109499.99,DELTA,11,50,16,1524,842,yes,9,-1250
2025-05-21T13:06:10.830327,KXBTCD-25MAY2117-T109499.99,DELTA,11,50,16,1524,843,no,81,-2000
2025-05-21T13:06:10.838368,KXBTCD-25MAY2117-T109499.99,DELTA,11,50,16,524,844,no,84,-1000
2025-05-21T13:06:10.853638,KXBTCD-25MAY2117-T109499.99,DELTA,11,50,16,524,845,no,82,-1250
2025-05-21T13:06:10.985375,KXBTCD-25MAY2117-T109499.99,DELTA,11,50,16,524,846,no,83,1250
2025-05-21T13:06:10.986321,KXBTCD-25MAY2117-T109499.99,DELTA,11,50,16,524,847,yes,10,1000
2025-05-21T13:06:10.986957,KXBTCD-25MAY2117-T109499.99,DELTA,11,50,16,524,848,no,82,2000
2025-05-21T13:06:10.987526,KXBTCD-25MAY2117-T109499.99,DELTA,11,50,16,524,849,yes,7,2000
2025-05-21T13:06:10.987998,KXBTCD-25MAY2117-T109499.99,DELTA,11,50,16,524,850,yes,8,1250
2025-05-21T13:06:10.988290,KXBTCD-25MAY2117-T109499.99,DELTA,11,50,15,1000,851,no,85,1000
2025-05-21T13:06:10.999100,KXBTCD-25MAY2117-T109499.99,DELTA,11,50,15,1000,852,no,83,-100
2025-05-21T13:06:11.127214,KXBTCD-25MAY2117-T109499.99,DELTA,11,50,15,1000,853,yes,10,-500
2025-05-21T13:06:12.248177,KXBTCD-25MAY2117-T109499.99,DELTA,11,50,15,1000,854,no,84,100
2025-05-21T13:06:12.626600,KXBTCD-25MAY2117-T109499.99,DELTA,11,50,15,1000,855,yes,10,-450
2025-05-21T13:06:12.646572,KXBTCD-25MAY2117-T109499.99,DELTA,11,50,15,1000,856,no,82,-350
2025-05-21T13:06:12.707056,KXBTCD-25MAY2117-T109499.99,DELTA,11,50,15,1000,857,yes,9,500
2025-05-21T13:06:12.726814,KXBTCD-25MAY2117-T109499.99,DELTA,11,50,15,1000,858,no,84,400
2025-05-21T13:06:13.047572,KXBTCD-25MAY2117-T109499.99,DELTA,11,50,15,1000,859,no,75,-1
2025-05-21T13:06:13.048572,KXBTCD-25MAY2117-T109499.99,DELTA,11,50,15,1000,860,no,76,1
2025-05-21T13:06:14.069951,KXBTCD-25MAY2117-T109499.99,DELTA,11,50,15,1000,861,no,35,-925
2025-05-21T13:06:18.548371,KXBTCD-25MAY2117-T109499.99,DELTA,11,50,15,1000,862,no,76,-1
2025-05-21T13:06:18.549326,KXBTCD-25MAY2117-T109499.99,DELTA,11,50,15,1000,863,no,75,1
2025-05-21T13:06:19.768124,KXBTCD-25MAY2117-T109499.99,DELTA,11,50,15,1000,864,no,35,925
2025-05-21T13:06:21.100106,KXBTCD-25MAY2117-T109499.99,DELTA,11,50,15,1000,865,yes,7,-2000
2025-05-21T13:06:21.101043,KXBTCD-25MAY2117-T109499.99,DELTA,11,50,15,1000,866,yes,10,-1000
2025-05-21T13:06:21.107111,KXBTCD-25MAY2117-T109499.99,DELTA,11,50,15,1000,867,yes,8,-1250
2025-05-21T13:06:21.167217,KXBTCD-25MAY2117-T109499.99,DELTA,11,50,15,1000,868,no,82,-2000
2025-05-21T13:06:21.187458,KXBTCD-25MAY2117-T109499.99,DELTA,11,50,15,1000,869,no,83,-1250
2025-05-21T13:06:21.227176,KXBTCD-25MAY2117-T109499.99,DELTA,11,50,15,1000,870,no,84,1250
2025-05-21T13:06:21.228019,KXBTCD-25MAY2117-T109499.99,DELTA,11,50,15,1000,871,yes,6,2000
2025-05-21T13:06:21.228550,KXBTCD-25MAY2117-T109499.99,DELTA,11,50,15,1000,872,no,83,2000
2025-05-21T13:06:21.229024,KXBTCD-25MAY2117-T109499.99,DELTA,11,50,15,1000,873,yes,7,1250
2025-05-21T13:06:21.229453,KXBTCD-25MAY2117-T109499.99,DELTA,11,50,15,1000,874,yes,9,1000
2025-05-21T13:06:24.910255,KXBTCD-25MAY2117-T109499.99,DELTA,11,50,15,1000,875,no,75,-1
2025-05-21T13:06:24.911027,KXBTCD-25MAY2117-T109499.99,DELTA,11,50,15,1000,876,no,76,1
2025-05-21T13:06:25.911582,KXBTCD-25MAY2117-T109499.99,DELTA,11,50,15,1000,877,no,84,-100
2025-05-21T13:06:25.912017,KXBTCD-25MAY2117-T109499.99,DELTA,11,50,15,1000,878,yes,9,-100
2025-05-21T13:06:26.008048,KXBTCD-25MAY2117-T109499.99,DELTA,11,50,15,1000,879,yes,6,-2000
2025-05-21T13:06:26.027101,KXBTCD-25MAY2117-T109499.99,DELTA,11,50,15,1000,880,yes,9,-1000
2025-05-21T13:06:26.027831,KXBTCD-25MAY2117-T109499.99,DELTA,11,50,15,1000,881,yes,7,-1250
2025-05-21T13:06:26.047711,KXBTCD-25MAY2117-T109499.99,DELTA,11,50,15,1000,882,no,83,-2000
2025-05-21T13:06:26.048572,KXBTCD-25MAY2117-T109499.99,DELTA,11,50,15,1000,883,no,84,-1250
2025-05-21T13:06:26.127977,KXBTCD-25MAY2117-T109499.99,DELTA,11,50,15,1000,884,no,84,2000
2025-05-21T13:06:26.128916,KXBTCD-25MAY2117-T109499.99,DELTA,11,50,15,1000,885,yes,6,1250
2025-05-21T13:06:26.129326,KXBTCD-25MAY2117-T109499.99,DELTA,11,50,15,1000,886,yes,5,2000
2025-05-21T13:06:26.148391,KXBTCD-25MAY2117-T109499.99,DELTA,11,50,15,1000,887,yes,8,1000
2025-05-21T13:06:26.149360,KXBTCD-25MAY2117-T109499.99,DELTA,11,50,15,2250,888,no,85,1250
2025-05-21T13:06:26.168516,KXBTCD-25MAY2117-T109499.99,DELTA,11,50,15,2250,889,yes,8,-500
2025-05-21T13:06:26.187255,KXBTCD-25MAY2117-T109499.99,DELTA,11,50,15,2250,890,no,83,-50
2025-05-21T13:06:26.187904,KXBTCD-25MAY2117-T109499.99,DELTA,11,50,15,2250,891,no,84,50
2025-05-21T13:06:26.188431,KXBTCD-25MAY2117-T109499.99,DELTA,11,50,15,2250,892,yes,9,-500
2025-05-21T13:06:26.248698,KXBTCD-25MAY2117-T109499.99,DELTA,11,50,15,2250,893,yes,8,500
2025-05-21T13:06:26.268183,KXBTCD-25MAY2117-T109499.99,DELTA,11,50,15,2250,894,yes,8,-1000
2025-05-21T13:06:26.327436,KXBTCD-25MAY2117-T109499.99,DELTA,8,500,15,2250,895,yes,11,-50
2025-05-21T13:06:26.328133,KXBTCD-25MAY2117-T109499.99,DELTA,9,50,15,2250,896,yes,9,50
2025-05-21T13:06:26.381020,KXBTCD-25MAY2117-T109499.99,DELTA,9,50,15,2250,897,yes,8,1000
2025-05-21T13:06:26.731489,KXBTCD-25MAY2117-T109499.99,DELTA,9,50,15,2250,898,no,76,-1
2025-05-21T13:06:26.732243,KXBTCD-25MAY2117-T109499.99,DELTA,9,50,15,2250,899,no,77,1
2025-05-21T13:06:26.987552,KXBTCD-25MAY2117-T109499.99,DELTA,9,50,15,2250,900,no,77,-1
2025-05-21T13:06:26.988030,KXBTCD-25MAY2117-T109499.99,DELTA,9,50,15,2250,901,no,76,1
2025-05-21T13:06:27.228043,KXBTCD-25MAY2117-T109499.99,DELTA,9,50,14,500,902,no,86,500
2025-05-21T13:06:27.229059,KXBTCD-25MAY2117-T109499.99,DELTA,9,50,14,500,903,yes,7,100
2025-05-21T13:06:27.247288,KXBTCD-25MAY2117-T109499.99,DELTA,9,50,14,500,904,no,85,100
2025-05-21T13:06:27.267193,KXBTCD-25MAY2117-T109499.99,DELTA,9,50,14,500,905,no,76,-500
2025-05-21T13:06:27.287562,KXBTCD-25MAY2117-T109499.99,DELTA,9,50,14,500,906,no,85,-1000
2025-05-21T13:06:27.347068,KXBTCD-25MAY2117-T109499.99,DELTA,9,50,13,1000,907,no,87,1000
2025-05-21T13:06:27.348000,KXBTCD-25MAY2117-T109499.99,DELTA,9,50,13,1000,908,no,76,-1
2025-05-21T13:06:27.348574,KXBTCD-25MAY2117-T109499.99,DELTA,9,50,13,1000,909,no,77,1
2025-05-21T13:06:27.747700,KXBTCD-25MAY2117-T109499.99,DELTA,9,50,13,1000,910,no,85,-100
2025-05-21T13:06:27.927732,KXBTCD-25MAY2117-T109499.99,DELTA,9,50,13,1000,911,no,84,-50
2025-05-21T13:06:27.928754,KXBTCD-25MAY2117-T109499.99,DELTA,9,50,13,1000,912,no,85,50
2025-05-21T13:06:28.612399,KXBTCD-25MAY2117-T109499.99,DELTA,9,50,13,1000,913,yes,8,-500
2025-05-21T13:06:28.686868,KXBTCD-25MAY2117-T109499.99,DELTA,9,50,13,1000,914,no,84,-400
2025-05-21T13:06:29.311680,KXBTCD-25MAY2117-T109499.99,DELTA,9,50,13,1000,915,yes,5,-2000
2025-05-21T13:06:29.313294,KXBTCD-25MAY2117-T109499.99,DELTA,9,50,13,1000,916,no,77,-1
2025-05-21T13:06:29.313589,KXBTCD-25MAY2117-T109499.99,DELTA,9,50,13,1000,917,no,78,1
2025-05-21T13:06:29.314184,KXBTCD-25MAY2117-T109499.99,DELTA,9,50,13,1000,918,yes,8,-1000
2025-05-21T13:06:29.314447,KXBTCD-25MAY2117-T109499.99,DELTA,9,50,13,1000,919,no,78,-1
2025-05-21T13:06:29.314652,KXBTCD-25MAY2117-T109499.99,DELTA,9,50,13,1000,920,no,77,1
2025-05-21T13:06:29.314825,KXBTCD-25MAY2117-T109499.99,DELTA,9,50,13,1000,921,no,85,100
2025-05-21T13:06:29.410507,KXBTCD-25MAY2117-T109499.99,DELTA,9,50,13,1000,922,yes,6,-1250
2025-05-21T13:06:29.412563,KXBTCD-25MAY2117-T109499.99,DELTA,9,50,13,1000,923,no,84,-24
2025-05-21T13:06:29.412694,KXBTCD-25MAY2117-T109499.99,DELTA,9,50,13,1000,924,no,86,24
2025-05-21T13:06:29.412771,KXBTCD-25MAY2117-T109499.99,DELTA,9,50,13,1000,925,no,84,-2000
2025-05-21T13:06:29.485444,KXBTCD-25MAY2117-T109499.99,DELTA,9,50,13,1000,926,no,77,-1
2025-05-21T13:06:29.485615,KXBTCD-25MAY2117-T109499.99,DELTA,9,50,13,1000,927,no,78,1
2025-05-21T13:06:29.586925,KXBTCD-25MAY2117-T109499.99,DELTA,9,50,13,1000,928,no,85,-1250
2025-05-21T13:06:29.687854,KXBTCD-25MAY2117-T109499.99,DELTA,9,50,13,1000,929,no,85,-100
2025-05-21T13:06:29.688644,KXBTCD-25MAY2117-T109499.99,DELTA,9,50,13,1000,930,no,85,2000
2025-05-21T13:06:29.689208,KXBTCD-25MAY2117-T109499.99,DELTA,9,50,13,1000,931,no,86,1250
2025-05-21T13:06:29.787000,KXBTCD-25MAY2117-T109499.99,DELTA,9,50,13,1000,932,yes,7,1000
2025-05-21T13:06:29.787992,KXBTCD-25MAY2117-T109499.99,DELTA,9,50,13,1000,933,yes,4,2000
2025-05-21T13:06:29.788738,KXBTCD-25MAY2117-T109499.99,DELTA,9,50,13,1000,934,yes,5,1250
2025-05-21T13:06:30.010599,KXBTCD-25MAY2117-T109499.99,DELTA,9,50,13,1000,935,yes,7,450
2025-05-21T13:06:30.208005,KXBTCD-25MAY2117-T109499.99,DELTA,9,50,13,1000,936,no,86,500
2025-05-21T13:06:30.307464,KXBTCD-25MAY2117-T109499.99,DELTA,9,50,13,1000,937,yes,6,-500
2025-05-21T13:06:30.990079,KXBTCD-25MAY2117-T109499.99,DELTA,9,50,13,1000,938,yes,6,500
2025-05-21T13:06:31.608874,KXBTCD-25MAY2117-T109499.99,DELTA,9,50,13,1000,939,no,86,100
2025-05-21T13:06:31.707079,KXBTCD-25MAY2117-T109499.99,DELTA,9,50,13,1000,940,yes,7,-450
2025-05-21T13:06:31.809430,KXBTCD-25MAY2117-T109499.99,DELTA,9,50,13,1000,941,no,85,-50
2025-05-21T13:06:31.809703,KXBTCD-25MAY2117-T109499.99,DELTA,9,50,13,1000,942,no,86,50
2025-05-21T13:06:32.029257,KXBTCD-25MAY2117-T109499.99,DELTA,9,50,13,1000,943,no,78,-1
2025-05-21T13:06:32.087059,KXBTCD-25MAY2117-T109499.99,DELTA,9,50,13,1000,944,no,77,1
2025-05-21T13:06:32.087771,KXBTCD-25MAY2117-T109499.99,DELTA,9,150,13,1000,945,yes,9,100
2025-05-21T13:06:32.147159,KXBTCD-25MAY2117-T109499.99,DELTA,9,100,13,1000,946,yes,9,-50
2025-05-21T13:06:32.147834,KXBTCD-25MAY2117-T109499.99,DELTA,10,50,13,1000,947,yes,10,50
2025-05-21T13:06:32.847630,KXBTCD-25MAY2117-T109499.99,DELTA,10,50,13,1000,948,yes,4,-2000
2025-05-21T13:06:32.849365,KXBTCD-25MAY2117-T109499.99,DELTA,10,50,13,1000,949,yes,7,-1000
2025-05-21T13:06:32.867998,KXBTCD-25MAY2117-T109499.99,DELTA,10,50,13,1000,950,yes,5,-1250
2025-05-21T13:06:32.869047,KXBTCD-25MAY2117-T109499.99,DELTA,10,50,13,1000,951,no,85,-2000
2025-05-21T13:06:32.888689,KXBTCD-25MAY2117-T109499.99,DELTA,10,50,13,1000,952,no,86,-1250
2025-05-21T13:06:32.907772,KXBTCD-25MAY2117-T109499.99,DELTA,10,50,13,1000,953,yes,9,-100
2025-05-21T13:06:32.947404,KXBTCD-25MAY2117-T109499.99,DELTA,10,50,13,1000,954,no,84,2000
2025-05-21T13:06:32.948331,KXBTCD-25MAY2117-T109499.99,DELTA,10,50,13,1000,955,yes,5,2000
2025-05-21T13:06:32.966966,KXBTCD-25MAY2117-T109499.99,DELTA,10,50,13,1000,956,yes,8,1000
2025-05-21T13:06:32.967631,KXBTCD-25MAY2117-T109499.99,DELTA,10,50,13,1000,957,no,85,1250
2025-05-21T13:06:32.968149,KXBTCD-25MAY2117-T109499.99,DELTA,10,50,13,1000,958,yes,6,1250
2025-05-21T13:06:33.008021,KXBTCD-25MAY2117-T109499.99,DELTA,10,50,13,1000,959,yes,9,350
2025-05-21T13:06:33.327363,KXBTCD-25MAY2117-T109499.99,DELTA,10,50,13,1000,960,yes,5,-2000
2025-05-21T13:06:33.346022,KXBTCD-25MAY2117-T109499.99,DELTA,10,50,13,1000,961,yes,8,-1000
2025-05-21T13:06:33.346221,KXBTCD-25MAY2117-T109499.99,DELTA,10,50,13,1000,962,yes,6,-1250
2025-05-21T13:06:33.367825,KXBTCD-25MAY2117-T109499.99,DELTA,10,50,13,1000,963,no,84,-2000
2025-05-21T13:06:33.368397,KXBTCD-25MAY2117-T109499.99,DELTA,10,50,13,1000,964,no,85,-1250
2025-05-21T13:06:33.428157,KXBTCD-25MAY2117-T109499.99,DELTA,10,50,13,1000,965,yes,7,1000
2025-05-21T13:06:33.429164,KXBTCD-25MAY2117-T109499.99,DELTA,10,50,13,1000,966,no,85,2000
2025-05-21T13:06:33.429707,KXBTCD-25MAY2117-T109499.99,DELTA,10,50,13,1000,967,no,86,1250
2025-05-21T13:06:33.430197,KXBTCD-25MAY2117-T109499.99,DELTA,10,50,13,1000,968,yes,5,1250
2025-05-21T13:06:33.430642,KXBTCD-25MAY2117-T109499.99,DELTA,10,50,13,1000,969,yes,4,2000
2025-05-21T13:06:34.126699,KXBTCD-25MAY2117-T109499.99,DELTA,10,50,13,1000,970,yes,4,-2000
2025-05-21T13:06:34.126997,KXBTCD-25MAY2117-T109499.99,DELTA,10,50,13,1000,971,yes,7,-1000
2025-05-21T13:06:34.146191,KXBTCD-25MAY2117-T109499.99,DELTA,10,50,13,1000,972,yes,5,-1250
2025-05-21T13:06:34.146590,KXBTCD-25MAY2117-T109499.99,DELTA,10,50,13,1000,973,no,85,-2000
2025-05-21T13:06:34.167349,KXBTCD-25MAY2117-T109499.99,DELTA,10,50,13,1000,974,no,86,-1250
2025-05-21T13:06:34.227034,KXBTCD-25MAY2117-T109499.99,DELTA,10,50,13,1000,975,yes,8,1000
2025-05-21T13:06:34.228151,KXBTCD-25MAY2117-T109499.99,DELTA,10,50,13,1000,976,yes,6,1250
2025-05-21T13:06:34.228735,KXBTCD-25MAY2117-T109499.99,DELTA,10,50,13,1000,977,no,84,2000
2025-05-21T13:06:34.229237,KXBTCD-25MAY2117-T109499.99,DELTA,10,50,13,1000,978,no,85,1250
2025-05-21T13:06:34.247031,KXBTCD-25MAY2117-T109499.99,DELTA,10,50,13,1000,979,yes,5,2000
2025-05-21T13:06:35.507858,KXBTCD-25MAY2117-T109499.99,DELTA,10,50,13,1000,980,yes,5,-2000
2025-05-21T13:06:35.526737,KXBTCD-25MAY2117-T109499.99,DELTA,10,50,13,1000,981,yes,8,-1000
2025-05-21T13:06:35.527385,KXBTCD-25MAY2117-T109499.99,DELTA,10,50,13,1000,982,yes,6,-1250
2025-05-21T13:06:35.546675,KXBTCD-25MAY2117-T109499.99,DELTA,10,50,13,1000,983,no,84,-2000
2025-05-21T13:06:35.548109,KXBTCD-25MAY2117-T109499.99,DELTA,10,50,13,1000,984,no,85,-1250
2025-05-21T13:06:35.611983,KXBTCD-25MAY2117-T109499.99,DELTA,10,50,13,1000,985,no,77,-1
2025-05-21T13:06:35.612441,KXBTCD-25MAY2117-T109499.99,DELTA,10,50,13,1000,986,no,78,1
2025-05-21T13:06:35.646323,KXBTCD-25MAY2117-T109499.99,DELTA,10,50,13,1000,987,no,85,2000
2025-05-21T13:06:35.647412,KXBTCD-25MAY2117-T109499.99,DELTA,10,50,13,1000,988,no,86,1250
2025-05-21T13:06:35.647939,KXBTCD-25MAY2117-T109499.99,DELTA,10,50,13,1000,989,yes,5,1250
2025-05-21T13:06:35.666384,KXBTCD-25MAY2117-T109499.99,DELTA,10,50,13,1000,990,yes,7,1000
2025-05-21T13:06:35.666983,KXBTCD-25MAY2117-T109499.99,DELTA,10,50,13,1000,991,yes,4,2000
2025-05-21T13:06:35.767217,KXBTCD-25MAY2117-T109499.99,DELTA,10,50,13,1000,992,yes,9,-350
2025-05-21T13:06:35.826357,KXBTCD-25MAY2117-T109499.99,DELTA,10,50,13,1000,993,yes,9,50
2025-05-21T13:06:37.787589,KXBTCD-25MAY2117-T109499.99,DELTA,10,50,13,1000,994,yes,9,-50
2025-05-21T13:06:37.847776,KXBTCD-25MAY2117-T109499.99,DELTA,7,1100,13,1000,995,yes,10,-50
2025-05-21T13:06:37.848796,KXBTCD-25MAY2117-T109499.99,DELTA,8,50,13,1000,996,yes,8,50
2025-05-21T13:06:37.867617,KXBTCD-25MAY2117-T109499.99,DELTA,8,550,13,1000,997,yes,8,500
2025-05-21T13:06:38.386411,KXBTCD-25MAY2117-T109499.99,DELTA,8,550,13,1000,998,no,78,-1
2025-05-21T13:06:38.387065,KXBTCD-25MAY2117-T109499.99,DELTA,8,550,13,1000,999,no,77,1
2025-05-21T13:06:41.146968,KXBTCD-25MAY2117-T109499.99,DELTA,8,550,13,1000,1000,yes,4,-2000
2025-05-21T13:06:41.167285,KXBTCD-25MAY2117-T109499.99,DELTA,8,550,13,1000,1001,yes,7,-1000
2025-05-21T13:06:41.167463,KXBTCD-25MAY2117-T109499.99,DELTA,8,550,13,1000,1002,yes,5,-1250
2025-05-21T13:06:41.187380,KXBTCD-25MAY2117-T109499.99,DELTA,8,550,13,1000,1003,no,85,-2000
2025-05-21T13:06:41.187568,KXBTCD-25MAY2117-T109499.99,DELTA,8,550,13,1000,1004,no,86,-1250
2025-05-21T13:06:41.248915,KXBTCD-25MAY2117-T109499.99,DELTA,8,50,13,1000,1005,yes,8,-500
2025-05-21T13:06:41.307380,KXBTCD-25MAY2117-T109499.99,DELTA,8,50,13,1000,1006,no,84,2000
2025-05-21T13:06:41.308115,KXBTCD-25MAY2117-T109499.99,DELTA,8,1050,13,1000,1007,yes,8,1000
2025-05-21T13:06:41.308696,KXBTCD-25MAY2117-T109499.99,DELTA,8,1050,13,1000,1008,no,85,1250
2025-05-21T13:06:41.309248,KXBTCD-25MAY2117-T109499.99,DELTA,8,1050,13,1000,1009,yes,5,2000
2025-05-21T13:06:41.347589,KXBTCD-25MAY2117-T109499.99,DELTA,8,1050,13,1000,1010,yes,6,1250
2025-05-21T13:06:41.348810,KXBTCD-25MAY2117-T109499.99,DELTA,9,500,13,1000,1011,yes,9,500
2025-05-21T13:06:41.409117,KXBTCD-25MAY2117-T109499.99,DELTA,9,500,13,1000,1012,yes,8,-50
2025-05-21T13:06:41.409955,KXBTCD-25MAY2117-T109499.99,DELTA,10,50,13,1000,1013,yes,10,50
2025-05-21T13:06:42.226824,KXBTCD-25MAY2117-T109499.99,DELTA,10,50,13,1000,1014,no,77,-1
2025-05-21T13:06:42.227461,KXBTCD-25MAY2117-T109499.99,DELTA,10,50,13,1000,1015,no,76,1
2025-05-21T13:06:42.347340,KXBTCD-25MAY2117-T109499.99,DELTA,10,50,13,1000,1016,no,86,-50
2025-05-21T13:06:42.348086,KXBTCD-25MAY2117-T109499.99,DELTA,10,50,13,1000,1017,no,85,50
2025-05-21T13:06:42.411586,KXBTCD-25MAY2117-T109499.99,DELTA,10,50,13,1000,1018,no,76,-1
2025-05-21T13:06:42.412205,KXBTCD-25MAY2117-T109499.99,DELTA,10,50,13,1000,1019,no,77,1
2025-05-21T13:06:45.147921,KXBTCD-25MAY2117-T109499.99,DELTA,10,50,13,1000,1020,yes,5,-2000
2025-05-21T13:06:45.148799,KXBTCD-25MAY2117-T109499.99,DELTA,10,50,13,1000,1021,yes,8,-1000
2025-05-21T13:06:45.169354,KXBTCD-25MAY2117-T109499.99,DELTA,10,50,13,1000,1022,yes,6,-1250
2025-05-21T13:06:45.169983,KXBTCD-25MAY2117-T109499.99,DELTA,10,50,13,1000,1023,no,84,-2000
2025-05-21T13:06:45.186983,KXBTCD-25MAY2117-T109499.99,DELTA,10,50,13,1000,1024,no,85,-1250
2025-05-21T13:06:45.267710,KXBTCD-25MAY2117-T109499.99,DELTA,10,50,13,1000,1025,yes,4,2000
2025-05-21T13:06:45.268627,KXBTCD-25MAY2117-T109499.99,DELTA,10,50,13,1000,1026,yes,7,1000
2025-05-21T13:06:45.269396,KXBTCD-25MAY2117-T109499.99,DELTA,10,50,13,1000,1027,yes,5,1250
2025-05-21T13:06:45.270044,KXBTCD-25MAY2117-T109499.99,DELTA,10,50,13,1000,1028,no,85,2000
2025-05-21T13:06:45.271032,KXBTCD-25MAY2117-T109499.99,DELTA,10,50,13,1000,1029,no,86,1250
2025-05-21T13:06:46.807941,KXBTCD-25MAY2117-T109499.99,DELTA,10,50,13,1000,1030,yes,4,-2000
2025-05-21T13:06:46.808600,KXBTCD-25MAY2117-T109499.99,DELTA,10,50,13,1000,1031,yes,7,-1000
2025-05-21T13:06:46.826945,KXBTCD-25MAY2117-T109499.99,DELTA,10,50,13,1000,1032,yes,5,-1250
2025-05-21T13:06:46.827254,KXBTCD-25MAY2117-T109499.99,DELTA,10,50,13,1000,1033,no,85,-2000
2025-05-21T13:06:46.846662,KXBTCD-25MAY2117-T109499.99,DELTA,10,50,13,1000,1034,no,86,-1250
2025-05-21T13:06:46.848757,KXBTCD-25MAY2117-T109499.99,DELTA,10,50,13,1000,1035,no,77,-1
2025-05-21T13:06:46.848874,KXBTCD-25MAY2117-T109499.99,DELTA,10,50,13,1000,1036,no,76,1
2025-05-21T13:06:46.927054,KXBTCD-25MAY2117-T109499.99,DELTA,10,50,13,1000,1037,yes,5,2000
2025-05-21T13:06:46.927229,KXBTCD-25MAY2117-T109499.99,DELTA,10,50,13,1000,1038,yes,6,1250
2025-05-21T13:06:46.927351,KXBTCD-25MAY2117-T109499.99,DELTA,10,50,13,1000,1039,no,84,2000
2025-05-21T13:06:46.927711,KXBTCD-25MAY2117-T109499.99,DELTA,10,50,13,1000,1040,yes,8,1000
2025-05-21T13:06:46.927971,KXBTCD-25MAY2117-T109499.99,DELTA,10,50,13,1000,1041,no,85,1250
2025-05-21T13:06:47.246942,KXBTCD-25MAY2117-T109499.99,DELTA,10,50,13,1000,1042,no,86,-100
2025-05-21T13:06:47.247904,KXBTCD-25MAY2117-T109499.99,DELTA,10,50,13,1000,1043,yes,7,-100
2025-05-21T13:06:47.327387,KXBTCD-25MAY2117-T109499.99,DELTA,10,50,13,1000,1044,yes,8,-1000
2025-05-21T13:06:47.408318,KXBTCD-25MAY2117-T109499.99,DELTA,10,50,13,1000,1045,yes,7,1000
2025-05-21T13:06:48.227857,KXBTCD-25MAY2117-T109499.99,DELTA,10,50,13,1000,1046,yes,7,100
2025-05-21T13:06:48.246927,KXBTCD-25MAY2117-T109499.99,DELTA,10,50,13,1000,1047,no,85,100
2025-05-21T13:06:48.305649,KXBTCD-25MAY2117-T109499.99,DELTA,10,50,13,1000,1048,yes,7,-1000
2025-05-21T13:06:48.346071,KXBTCD-25MAY2117-T109499.99,DELTA,10,50,13,1000,1049,yes,8,1000
2025-05-21T13:06:48.386313,KXBTCD-25MAY2117-T109499.99,DELTA,10,50,13,1000,1050,yes,7,-100
2025-05-21T13:06:48.447313,KXBTCD-25MAY2117-T109499.99,DELTA,10,50,13,1000,1051,yes,8,-1000
2025-05-21T13:06:48.507596,KXBTCD-25MAY2117-T109499.99,DELTA,10,50,13,1000,1052,yes,7,1000
2025-05-21T13:06:49.147778,KXBTCD-25MAY2117-T109499.99,DELTA,10,50,13,1000,1053,yes,8,500
2025-05-21T13:06:49.166338,KXBTCD-25MAY2117-T109499.99,DELTA,10,50,13,1000,1054,no,86,-500
2025-05-21T13:06:49.167010,KXBTCD-25MAY2117-T109499.99,DELTA,10,50,13,1000,1055,no,76,500
2025-05-21T13:06:49.205824,KXBTCD-25MAY2117-T109499.99,DELTA,10,50,13,1000,1056,yes,7,-1000
2025-05-21T13:06:49.266253,KXBTCD-25MAY2117-T109499.99,DELTA,10,50,13,1000,1057,yes,8,1000
2025-05-21T13:06:49.486577,KXBTCD-25MAY2117-T109499.99,DELTA,10,50,13,1000,1058,yes,8,100
2025-05-21T13:06:49.928061,KXBTCD-25MAY2117-T109499.99,DELTA,10,50,13,1000,1059,no,72,500
2025-05-21T13:06:49.928840,KXBTCD-25MAY2117-T109499.99,DELTA,10,50,13,1000,1060,no,84,-500
2025-05-21T13:06:49.946481,KXBTCD-25MAY2117-T109499.99,DELTA,10,50,13,1000,1061,no,74,500
2025-05-21T13:06:49.947087,KXBTCD-25MAY2117-T109499.99,DELTA,10,50,13,1000,1062,no,82,-500
2025-05-21T13:06:49.999711,KXBTCD-25MAY2117-T109499.99,DELTA,10,50,13,1000,1063,no,85,-50
2025-05-21T13:06:50.000405,KXBTCD-25MAY2117-T109499.99,DELTA,10,50,13,1000,1064,no,84,50
2025-05-21T13:06:50.049923,KXBTCD-25MAY2117-T109499.99,DELTA,10,50,13,1000,1065,no,76,-1
2025-05-21T13:06:50.050768,KXBTCD-25MAY2117-T109499.99,DELTA,10,50,13,1000,1066,no,75,1
2025-05-21T13:06:50.051405,KXBTCD-25MAY2117-T109499.99,DELTA,10,50,13,1000,1067,yes,9,-500
2025-05-21T13:06:50.069573,KXBTCD-25MAY2117-T109499.99,DELTA,10,50,13,1000,1068,no,86,-500
2025-05-21T13:06:50.070149,KXBTCD-25MAY2117-T109499.99,DELTA,10,50,13,1000,1069,no,84,-2000
2025-05-21T13:06:50.070614,KXBTCD-25MAY2117-T109499.99,DELTA,10,50,13,1000,1070,no,85,-1250
2025-05-21T13:06:50.107722,KXBTCD-25MAY2117-T109499.99,DELTA,8,1600,13,1000,1071,yes,10,-50
2025-05-21T13:06:50.108405,KXBTCD-25MAY2117-T109499.99,DELTA,9,50,13,1000,1072,yes,9,50
2025-05-21T13:06:50.147504,KXBTCD-25MAY2117-T109499.99,DELTA,9,50,13,1000,1073,no,75,-1
2025-05-21T13:06:50.148115,KXBTCD-25MAY2117-T109499.99,DELTA,9,50,13,1000,1074,no,76,1
2025-05-21T13:06:50.167911,KXBTCD-25MAY2117-T109499.99,DELTA,9,50,13,1000,1075,no,72,-500
2025-05-21T13:06:50.168451,KXBTCD-25MAY2117-T109499.99,DELTA,9,50,13,1000,1076,no,82,500
2025-05-21T13:06:50.187446,KXBTCD-25MAY2117-T109499.99,DELTA,9,50,13,1000,1077,no,74,-500
2025-05-21T13:06:50.188050,KXBTCD-25MAY2117-T109499.99,DELTA,9,50,13,1000,1078,no,84,500
2025-05-21T13:06:50.188477,KXBTCD-25MAY2117-T109499.99,DELTA,9,50,13,1000,1079,no,81,1250
2025-05-21T13:06:50.188835,KXBTCD-25MAY2117-T109499.99,DELTA,9,50,13,1000,1080,no,81,2000
2025-05-21T13:06:50.189488,KXBTCD-25MAY2117-T109499.99,DELTA,9,50,14,24,1081,no,87,-1000
2025-05-21T13:06:50.268133,KXBTCD-25MAY2117-T109499.99,DELTA,9,50,14,24,1082,no,84,-500
2025-05-21T13:06:50.289188,KXBTCD-25MAY2117-T109499.99,DELTA,9,50,14,24,1083,no,76,-1
2025-05-21T13:06:50.289742,KXBTCD-25MAY2117-T109499.99,DELTA,9,50,14,24,1084,no,75,1
2025-05-21T13:06:50.290204,KXBTCD-25MAY2117-T109499.99,DELTA,11,400,14,24,1085,yes,11,400
2025-05-21T13:06:50.306397,KXBTCD-25MAY2117-T109499.99,DELTA,11,400,14,24,1086,no,85,500
2025-05-21T13:06:50.327080,KXBTCD-25MAY2117-T109499.99,DELTA,11,400,14,1024,1087,no,86,1000
2025-05-21T13:06:50.327835,KXBTCD-25MAY2117-T109499.99,DELTA,11,400,14,1024,1088,no,81,-2000
2025-05-21T13:06:50.347738,KXBTCD-25MAY2117-T109499.99,DELTA,11,400,14,1024,1089,no,81,-1250
2025-05-21T13:06:50.367480,KXBTCD-25MAY2117-T109499.99,DELTA,11,400,14,1024,1090,yes,9,-50
2025-05-21T13:06:50.368486,KXBTCD-25MAY2117-T109499.99,DELTA,12,50,14,1024,1091,yes,12,50
2025-05-21T13:06:50.406721,KXBTCD-25MAY2117-T109499.99,DELTA,12,50,14,1024,1092,no,83,2000
2025-05-21T13:06:50.407612,KXBTCD-25MAY2117-T109499.99,DELTA,12,50,14,1024,1093,no,85,1250
2025-05-21T13:06:50.447239,KXBTCD-25MAY2117-T109499.99,DELTA,12,50,14,1024,1094,no,84,500
2025-05-21T13:06:50.506469,KXBTCD-25MAY2117-T109499.99,DELTA,12,50,14,1024,1095,no,83,-2000
2025-05-21T13:06:50.546675,KXBTCD-25MAY2117-T109499.99,DELTA,12,50,14,1024,1096,no,84,2000
2025-05-21T13:06:50.569056,KXBTCD-25MAY2117-T109499.99,DELTA,12,50,14,1024,1097,no,75,-1
2025-05-21T13:06:50.569528,KXBTCD-25MAY2117-T109499.99,DELTA,12,50,14,1024,1098,no,76,1
2025-05-21T13:06:50.860957,KXBTCD-25MAY2117-T109499.99,DELTA,12,50,14,1024,1099,no,76,-1
2025-05-21T13:06:50.861188,KXBTCD-25MAY2117-T109499.99,DELTA,12,50,14,1024,1100,no,75,1
2025-05-21T13:06:51.108819,KXBTCD-25MAY2117-T109499.99,DELTA,12,50,14,1024,1101,no,75,-1
2025-05-21T13:06:51.109637,KXBTCD-25MAY2117-T109499.99,DELTA,12,50,14,1024,1102,no,76,1
2025-05-21T13:06:51.206358,KXBTCD-25MAY2117-T109499.99,DELTA,12,50,14,1024,1103,no,85,24
2025-05-21T13:06:51.207250,KXBTCD-25MAY2117-T109499.99,DELTA,12,50,14,1000,1104,no,86,-24
2025-05-21T13:06:51.387544,KXBTCD-25MAY2117-T109499.99,DELTA,12,50,14,1000,1105,no,76,-1
