timestamp,market_ticker,type,yes_bid_price_cents,yes_bid_qty,yes_ask_price_cents,yes_ask_qty_on_no_side,sequence_num,delta_side,delta_price_cents,delta_quantity
2025-05-20T13:02:46.781688,KXBTCD-25MAY2017-T106499.99,SNAPSHOT,74,989,76,4,1,,,
2025-05-20T13:02:47.307384,KXBTCD-25MAY2017-T106499.99,DELTA,74,989,76,4,2,yes,73,-100
2025-05-20T13:02:47.408289,KXBTCD-25MAY2017-T106499.99,DELTA,73,3250,76,4,3,yes,74,-989
2025-05-20T13:02:47.523511,KXBTCD-25MAY2017-T106499.99,DELTA,73,4250,76,4,4,yes,73,1000
2025-05-20T13:02:47.547522,KXBTCD-25MAY2017-T106499.99,DELTA,73,4250,76,4,5,yes,8,-4050
2025-05-20T13:02:47.548105,KXBTCD-25MAY2017-T106499.99,DELTA,73,4250,76,4,6,yes,10,3240
2025-05-20T13:02:47.609558,KXBTCD-25MAY2017-T106499.99,DELTA,73,4250,76,4,7,yes,9,-20000
2025-05-20T13:02:47.668184,KXBTCD-25MAY2017-T106499.99,DELTA,73,4250,76,4,8,yes,11,20000
2025-05-20T13:02:48.128974,KXBTCD-25MAY2017-T106499.99,DELTA,74,100,76,4,9,yes,74,100
2025-05-20T13:02:48.187663,KXBTCD-25MAY2017-T106499.99,DELTA,74,100,76,4,10,yes,73,-1000
2025-05-20T13:02:48.267074,KXBTCD-25MAY2017-T106499.99,DELTA,75,1000,76,4,11,yes,75,1000
2025-05-20T13:02:48.758548,KXBTCD-25MAY2017-T106499.99,DELTA,75,1000,76,4,12,yes,72,-300
2025-05-20T13:02:48.759441,KXBTCD-25MAY2017-T106499.99,DELTA,75,1000,76,4,13,yes,71,300
2025-05-20T13:02:48.807087,KXBTCD-25MAY2017-T106499.99,DELTA,75,1000,76,4,14,yes,73,-2000
2025-05-20T13:02:48.807573,KXBTCD-25MAY2017-T106499.99,DELTA,75,1000,76,4,15,yes,73,-1250
2025-05-20T13:02:48.866496,KXBTCD-25MAY2017-T106499.99,DELTA,75,1000,76,4,16,yes,72,1250
2025-05-20T13:02:48.866804,KXBTCD-25MAY2017-T106499.99,DELTA,75,1000,76,4,17,yes,72,2000
2025-05-20T13:02:49.089425,KXBTCD-25MAY2017-T106499.99,DELTA,75,1000,76,4,18,yes,10,-3240
2025-05-20T13:02:49.090601,KXBTCD-25MAY2017-T106499.99,DELTA,75,1000,76,4,19,yes,12,2700
2025-05-20T13:02:49.147289,KXBTCD-25MAY2017-T106499.99,DELTA,75,1000,76,4,20,yes,11,-20000
2025-05-20T13:02:49.292437,KXBTCD-25MAY2017-T106499.99,DELTA,75,1000,76,4,21,yes,74,-100
2025-05-20T13:02:49.467757,KXBTCD-25MAY2017-T106499.99,DELTA,72,3250,76,4,22,yes,75,-1000
2025-05-20T13:02:49.527981,KXBTCD-25MAY2017-T106499.99,DELTA,72,4250,76,4,23,yes,72,1000
2025-05-20T13:02:49.968446,KXBTCD-25MAY2017-T106499.99,DELTA,72,4250,76,4,24,yes,12,-2700
2025-05-20T13:02:49.968860,KXBTCD-25MAY2017-T106499.99,DELTA,72,4250,76,4,25,yes,4,8100
2025-05-20T13:02:50.026849,KXBTCD-25MAY2017-T106499.99,DELTA,72,4250,76,4,26,yes,5,20000
2025-05-20T13:02:50.228703,KXBTCD-25MAY2017-T106499.99,DELTA,74,100,76,4,27,yes,74,100
2025-05-20T13:02:50.288396,KXBTCD-25MAY2017-T106499.99,DELTA,74,100,76,4,28,yes,72,-1000
2025-05-20T13:02:50.367947,KXBTCD-25MAY2017-T106499.99,DELTA,75,1000,76,4,29,yes,75,1000
2025-05-20T13:02:50.787693,KXBTCD-25MAY2017-T106499.99,DELTA,75,1000,76,4,30,yes,4,-8100
2025-05-20T13:02:50.788177,KXBTCD-25MAY2017-T106499.99,DELTA,75,1000,76,4,31,yes,6,5400
2025-05-20T13:02:50.828096,KXBTCD-25MAY2017-T106499.99,DELTA,75,1000,76,4,32,yes,5,-20000
2025-05-20T13:02:50.887852,KXBTCD-25MAY2017-T106499.99,DELTA,75,1000,76,4,33,yes,7,20000
2025-05-20T13:02:51.198513,KXBTCD-25MAY2017-T106499.99,DELTA,75,1000,76,4,34,yes,71,-14
2025-05-20T13:02:51.199198,KXBTCD-25MAY2017-T106499.99,DELTA,75,1000,76,4,35,yes,69,14
2025-05-20T13:02:51.199538,KXBTCD-25MAY2017-T106499.99,DELTA,75,1000,76,4,36,no,18,14
2025-05-20T13:02:51.199765,KXBTCD-25MAY2017-T106499.99,DELTA,75,1000,76,4,37,no,16,-14
2025-05-20T13:02:51.227895,KXBTCD-25MAY2017-T106499.99,DELTA,75,1000,76,4,38,yes,69,30
2025-05-20T13:02:51.228746,KXBTCD-25MAY2017-T106499.99,DELTA,75,1000,76,4,39,yes,70,-30
2025-05-20T13:02:51.229227,KXBTCD-25MAY2017-T106499.99,DELTA,75,1000,76,4,40,no,15,-30
2025-05-20T13:02:51.229491,KXBTCD-25MAY2017-T106499.99,DELTA,75,1000,76,4,41,no,17,30
2025-05-20T13:02:51.288714,KXBTCD-25MAY2017-T106499.99,DELTA,75,1000,76,4,42,no,16,-1000
2025-05-20T13:02:51.328173,KXBTCD-25MAY2017-T106499.99,DELTA,75,1000,76,4,43,no,20,1000
2025-05-20T13:02:51.329044,KXBTCD-25MAY2017-T106499.99,DELTA,75,1000,76,4,44,yes,74,-100
2025-05-20T13:02:51.388283,KXBTCD-25MAY2017-T106499.99,DELTA,72,3250,76,4,45,yes,75,-1000
2025-05-20T13:02:51.428716,KXBTCD-25MAY2017-T106499.99,DELTA,72,4250,76,4,46,yes,72,1000
2025-05-20T13:02:51.447902,KXBTCD-25MAY2017-T106499.99,DELTA,72,4250,76,4,47,yes,71,-300
2025-05-20T13:02:51.448691,KXBTCD-25MAY2017-T106499.99,DELTA,72,4250,76,4,48,no,22,-250
2025-05-20T13:02:51.526972,KXBTCD-25MAY2017-T106499.99,DELTA,72,4250,76,4,49,yes,69,200
2025-05-20T13:02:51.527419,KXBTCD-25MAY2017-T106499.99,DELTA,72,2250,76,4,50,yes,72,-2000
2025-05-20T13:02:51.527839,KXBTCD-25MAY2017-T106499.99,DELTA,72,2250,74,50,51,no,26,50
2025-05-20T13:02:51.546171,KXBTCD-25MAY2017-T106499.99,DELTA,72,1250,74,50,52,yes,72,-1000
2025-05-20T13:02:51.546371,KXBTCD-25MAY2017-T106499.99,DELTA,69,244,74,50,53,yes,72,-1250
2025-05-20T13:02:51.626712,KXBTCD-25MAY2017-T106499.99,DELTA,69,244,74,50,54,yes,6,-5400
2025-05-20T13:02:51.626952,KXBTCD-25MAY2017-T106499.99,DELTA,69,244,74,50,55,yes,8,4050
2025-05-20T13:02:51.627215,KXBTCD-25MAY2017-T106499.99,DELTA,70,1000,74,50,56,yes,70,1000
2025-05-20T13:02:51.627313,KXBTCD-25MAY2017-T106499.99,DELTA,70,2250,74,50,57,yes,70,1250
2025-05-20T13:02:51.627395,KXBTCD-25MAY2017-T106499.99,DELTA,70,4250,74,50,58,yes,70,2000
2025-05-20T13:02:51.627478,KXBTCD-25MAY2017-T106499.99,DELTA,70,4250,74,50,59,no,17,-9
2025-05-20T13:02:51.715481,KXBTCD-25MAY2017-T106499.99,DELTA,70,4250,74,50,60,yes,7,-20000
2025-05-20T13:02:51.727199,KXBTCD-25MAY2017-T106499.99,DELTA,70,4250,74,50,61,yes,9,20000
2025-05-20T13:02:52.086017,KXBTCD-25MAY2017-T106499.99,DELTA,70,4250,74,50,62,no,20,-1000
2025-05-20T13:02:52.127090,KXBTCD-25MAY2017-T106499.99,DELTA,70,4250,76,4,63,no,26,-50
2025-05-20T13:02:52.146880,KXBTCD-25MAY2017-T106499.99,DELTA,70,4250,76,4,64,no,21,1000
2025-05-20T13:02:52.147403,KXBTCD-25MAY2017-T106499.99,DELTA,70,4250,74,200,65,no,26,200
2025-05-20T13:02:52.241593,KXBTCD-25MAY2017-T106499.99,DELTA,70,4250,74,200,66,yes,68,14
2025-05-20T13:02:52.241869,KXBTCD-25MAY2017-T106499.99,DELTA,70,4250,74,200,67,yes,69,-14
2025-05-20T13:02:52.241990,KXBTCD-25MAY2017-T106499.99,DELTA,70,4250,74,200,68,no,18,-14
2025-05-20T13:02:52.242209,KXBTCD-25MAY2017-T106499.99,DELTA,70,4250,74,200,69,no,20,14
2025-05-20T13:02:52.242528,KXBTCD-25MAY2017-T106499.99,DELTA,70,3000,74,200,70,yes,70,-1250
2025-05-20T13:02:52.407096,KXBTCD-25MAY2017-T106499.99,DELTA,70,3000,74,200,71,yes,69,-200
2025-05-20T13:02:52.446699,KXBTCD-25MAY2017-T106499.99,DELTA,70,3000,74,200,72,yes,68,150
2025-05-20T13:02:52.468003,KXBTCD-25MAY2017-T106499.99,DELTA,70,1000,74,200,73,yes,70,-2000
2025-05-20T13:02:52.487955,KXBTCD-25MAY2017-T106499.99,DELTA,72,100,74,200,74,yes,72,100
2025-05-20T13:02:52.547993,KXBTCD-25MAY2017-T106499.99,DELTA,72,100,74,200,75,yes,69,2000
2025-05-20T13:02:52.568379,KXBTCD-25MAY2017-T106499.99,DELTA,72,100,74,200,76,yes,8,-4050
2025-05-20T13:02:52.569110,KXBTCD-25MAY2017-T106499.99,DELTA,72,100,74,200,77,yes,10,3240
2025-05-20T13:02:52.589661,KXBTCD-25MAY2017-T106499.99,DELTA,72,100,74,200,78,yes,70,-1000
2025-05-20T13:02:52.590534,KXBTCD-25MAY2017-T106499.99,DELTA,72,100,74,200,79,yes,36,-8000
2025-05-20T13:02:52.628229,KXBTCD-25MAY2017-T106499.99,DELTA,72,100,74,200,80,yes,69,-30
2025-05-20T13:02:52.628991,KXBTCD-25MAY2017-T106499.99,DELTA,72,100,74,200,81,yes,9,-20000
2025-05-20T13:02:52.629480,KXBTCD-25MAY2017-T106499.99,DELTA,72,100,74,200,82,yes,16,8000
2025-05-20T13:02:52.648603,KXBTCD-25MAY2017-T106499.99,DELTA,72,100,74,200,83,yes,67,30
2025-05-20T13:02:52.649413,KXBTCD-25MAY2017-T106499.99,DELTA,73,1000,74,200,84,yes,73,1000
2025-05-20T13:02:52.649876,KXBTCD-25MAY2017-T106499.99,DELTA,73,1000,74,200,85,no,17,-30
2025-05-20T13:02:52.650243,KXBTCD-25MAY2017-T106499.99,DELTA,73,1000,74,200,86,no,18,30
2025-05-20T13:02:52.667023,KXBTCD-25MAY2017-T106499.99,DELTA,73,1000,74,200,87,yes,11,20000
2025-05-20T13:02:52.763494,KXBTCD-25MAY2017-T106499.99,DELTA,72,100,74,200,88,yes,73,-1000
2025-05-20T13:02:52.810014,KXBTCD-25MAY2017-T106499.99,DELTA,72,1100,74,200,89,yes,72,1000
2025-05-20T13:02:53.387434,KXBTCD-25MAY2017-T106499.99,DELTA,72,1100,74,200,90,yes,68,-150
2025-05-20T13:02:53.407528,KXBTCD-25MAY2017-T106499.99,DELTA,72,1100,76,4,91,no,26,-200
2025-05-20T13:02:53.463969,KXBTCD-25MAY2017-T106499.99,DELTA,72,1094,76,4,92,yes,72,-6
2025-05-20T13:02:53.464596,KXBTCD-25MAY2017-T106499.99,DELTA,72,1094,76,4,93,yes,69,-2000
2025-05-20T13:02:53.464842,KXBTCD-25MAY2017-T106499.99,DELTA,72,1094,76,4,94,yes,67,100
2025-05-20T13:02:53.507677,KXBTCD-25MAY2017-T106499.99,DELTA,72,1000,76,4,95,yes,72,-94
2025-05-20T13:02:53.508361,KXBTCD-25MAY2017-T106499.99,DELTA,72,994,76,4,96,yes,72,-6
2025-05-20T13:02:53.508664,KXBTCD-25MAY2017-T106499.99,DELTA,72,994,76,4,97,yes,41,2000
2025-05-20T13:02:53.568220,KXBTCD-25MAY2017-T106499.99,DELTA,68,14,76,4,98,yes,72,-994
2025-05-20T13:02:53.607606,KXBTCD-25MAY2017-T106499.99,DELTA,68,1014,76,4,99,yes,68,1000
2025-05-20T13:02:53.668039,KXBTCD-25MAY2017-T106499.99,DELTA,68,1014,76,4,100,yes,55,9
2025-05-20T13:02:53.708388,KXBTCD-25MAY2017-T106499.99,DELTA,68,1014,76,4,101,yes,67,-100
2025-05-20T13:02:53.814896,KXBTCD-25MAY2017-T106499.99,DELTA,68,1014,76,4,102,yes,66,250
2025-05-20T13:02:53.815394,KXBTCD-25MAY2017-T106499.99,DELTA,68,1014,72,250,103,no,28,250
2025-05-20T13:02:53.815848,KXBTCD-25MAY2017-T106499.99,DELTA,68,1014,72,250,104,yes,67,1250
2025-05-20T13:02:53.816132,KXBTCD-25MAY2017-T106499.99,DELTA,68,1014,72,250,105,yes,41,-2000
2025-05-20T13:02:53.847675,KXBTCD-25MAY2017-T106499.99,DELTA,68,1014,72,250,106,yes,67,2000
2025-05-20T13:02:54.127804,KXBTCD-25MAY2017-T106499.99,DELTA,68,1014,72,250,107,no,24,100
2025-05-20T13:02:54.187351,KXBTCD-25MAY2017-T106499.99,DELTA,68,1014,72,250,108,no,21,-1000
2025-05-20T13:02:54.226417,KXBTCD-25MAY2017-T106499.99,DELTA,68,1014,72,250,109,no,24,1000
2025-05-20T13:02:54.507843,KXBTCD-25MAY2017-T106499.99,DELTA,68,1014,72,250,110,no,24,-100
2025-05-20T13:02:54.567512,KXBTCD-25MAY2017-T106499.99,DELTA,68,1014,72,250,111,no,24,-1000
2025-05-20T13:02:54.627665,KXBTCD-25MAY2017-T106499.99,DELTA,68,1014,72,250,112,no,21,1000
2025-05-20T13:02:54.669243,KXBTCD-25MAY2017-T106499.99,DELTA,68,1014,72,250,113,yes,67,100
2025-05-20T13:02:54.867443,KXBTCD-25MAY2017-T106499.99,DELTA,68,1014,76,4,114,no,28,-250
2025-05-20T13:02:54.888645,KXBTCD-25MAY2017-T106499.99,DELTA,68,1014,76,4,115,yes,67,-100
2025-05-20T13:02:54.907455,KXBTCD-25MAY2017-T106499.99,DELTA,68,1014,73,300,116,no,27,300
2025-05-20T13:02:55.010034,KXBTCD-25MAY2017-T106499.99,DELTA,68,1014,73,300,117,yes,66,-250
2025-05-20T13:02:55.048584,KXBTCD-25MAY2017-T106499.99,DELTA,68,1164,73,300,118,yes,68,150
2025-05-20T13:02:55.067585,KXBTCD-25MAY2017-T106499.99,DELTA,68,1164,73,300,119,yes,67,-2000
2025-05-20T13:02:55.068312,KXBTCD-25MAY2017-T106499.99,DELTA,68,1164,73,300,120,yes,67,-1250
2025-05-20T13:02:55.126699,KXBTCD-25MAY2017-T106499.99,DELTA,68,164,73,300,121,yes,68,-1000
2025-05-20T13:02:55.127500,KXBTCD-25MAY2017-T106499.99,DELTA,69,2000,73,300,122,yes,69,2000
2025-05-20T13:02:55.167865,KXBTCD-25MAY2017-T106499.99,DELTA,69,3000,73,300,123,yes,69,1000
2025-05-20T13:02:55.206302,KXBTCD-25MAY2017-T106499.99,DELTA,69,3000,73,300,124,no,24,100
2025-05-20T13:02:55.207211,KXBTCD-25MAY2017-T106499.99,DELTA,69,3000,73,300,125,yes,10,-3240
2025-05-20T13:02:55.207864,KXBTCD-25MAY2017-T106499.99,DELTA,69,3000,73,300,126,yes,17,1905
2025-05-20T13:02:55.245890,KXBTCD-25MAY2017-T106499.99,DELTA,69,3000,76,104,127,no,27,-300
2025-05-20T13:02:55.266759,KXBTCD-25MAY2017-T106499.99,DELTA,69,3000,76,104,128,yes,11,-20000
2025-05-20T13:02:55.268381,KXBTCD-25MAY2017-T106499.99,DELTA,69,3000,74,250,129,no,26,250
2025-05-20T13:02:55.518274,KXBTCD-25MAY2017-T106499.99,DELTA,69,3000,74,250,130,yes,68,-150
2025-05-20T13:02:55.519052,KXBTCD-25MAY2017-T106499.99,DELTA,69,3000,74,250,131,yes,67,300
2025-05-20T13:02:55.519503,KXBTCD-25MAY2017-T106499.99,DELTA,69,1000,74,250,132,yes,69,-2000
2025-05-20T13:02:55.519918,KXBTCD-25MAY2017-T106499.99,DELTA,68,14,74,250,133,yes,69,-1000
2025-05-20T13:02:55.520288,KXBTCD-25MAY2017-T106499.99,DELTA,68,1264,74,250,134,yes,68,1250
2025-05-20T13:02:55.520857,KXBTCD-25MAY2017-T106499.99,DELTA,68,3264,74,250,135,yes,68,2000
2025-05-20T13:02:55.521238,KXBTCD-25MAY2017-T106499.99,DELTA,68,4264,74,250,136,yes,68,1000
2025-05-20T13:02:55.968452,KXBTCD-25MAY2017-T106499.99,DELTA,68,4264,74,250,137,no,24,-100
2025-05-20T13:02:56.088834,KXBTCD-25MAY2017-T106499.99,DELTA,68,4264,74,250,138,yes,55,-9
2025-05-20T13:02:56.089602,KXBTCD-25MAY2017-T106499.99,DELTA,68,4264,74,250,139,no,22,9
2025-05-20T13:02:56.127201,KXBTCD-25MAY2017-T106499.99,DELTA,68,4364,74,250,140,yes,68,100
2025-05-20T13:02:56.189237,KXBTCD-25MAY2017-T106499.99,DELTA,68,3364,74,250,141,yes,68,-1000
2025-05-20T13:02:56.247215,KXBTCD-25MAY2017-T106499.99,DELTA,69,1000,74,250,142,yes,69,1000
2025-05-20T13:02:56.434524,KXBTCD-25MAY2017-T106499.99,DELTA,69,1000,76,4,143,no,26,-250
2025-05-20T13:02:56.448281,KXBTCD-25MAY2017-T106499.99,DELTA,69,1000,72,150,144,no,28,150
2025-05-20T13:02:56.647070,KXBTCD-25MAY2017-T106499.99,DELTA,69,1000,72,150,145,no,25,100
2025-05-20T13:02:56.727550,KXBTCD-25MAY2017-T106499.99,DELTA,69,1000,72,150,146,yes,67,-300
2025-05-20T13:02:56.787925,KXBTCD-25MAY2017-T106499.99,DELTA,69,1000,72,150,147,yes,66,250
2025-05-20T13:02:56.788588,KXBTCD-25MAY2017-T106499.99,DELTA,69,1000,72,150,148,yes,68,-2000
2025-05-20T13:02:56.808013,KXBTCD-25MAY2017-T106499.99,DELTA,69,1000,72,150,149,yes,68,-1250
2025-05-20T13:02:56.847892,KXBTCD-25MAY2017-T106499.99,DELTA,69,1000,72,150,150,yes,67,1250
2025-05-20T13:02:56.866828,KXBTCD-25MAY2017-T106499.99,DELTA,69,1000,72,150,151,yes,67,2000
2025-05-20T13:02:56.962075,KXBTCD-25MAY2017-T106499.99,DELTA,69,1000,72,150,152,yes,68,-14
2025-05-20T13:02:56.962470,KXBTCD-25MAY2017-T106499.99,DELTA,69,1000,72,150,153,yes,66,14
2025-05-20T13:02:56.962830,KXBTCD-25MAY2017-T106499.99,DELTA,69,1000,72,150,154,no,20,-14
2025-05-20T13:02:56.963208,KXBTCD-25MAY2017-T106499.99,DELTA,69,1000,72,150,155,no,21,14
2025-05-20T13:02:57.006664,KXBTCD-25MAY2017-T106499.99,DELTA,69,1000,72,150,156,yes,65,30
2025-05-20T13:02:57.006868,KXBTCD-25MAY2017-T106499.99,DELTA,69,1000,72,150,157,yes,67,-30
2025-05-20T13:02:57.006965,KXBTCD-25MAY2017-T106499.99,DELTA,69,1000,72,150,158,no,20,30
2025-05-20T13:02:57.027689,KXBTCD-25MAY2017-T106499.99,DELTA,69,1000,72,150,159,no,18,-30
2025-05-20T13:02:57.177094,KXBTCD-25MAY2017-T106499.99,DELTA,69,1000,72,150,160,no,21,-1000
2025-05-20T13:02:57.227895,KXBTCD-25MAY2017-T106499.99,DELTA,69,1000,72,150,161,no,25,1000
2025-05-20T13:02:57.286550,KXBTCD-25MAY2017-T106499.99,DELTA,69,1000,72,150,162,no,25,-100
2025-05-20T13:02:57.286868,KXBTCD-25MAY2017-T106499.99,DELTA,69,1000,72,150,163,yes,67,-1250
2025-05-20T13:02:57.287360,KXBTCD-25MAY2017-T106499.99,DELTA,69,1000,72,150,164,yes,68,-100
2025-05-20T13:02:57.326966,KXBTCD-25MAY2017-T106499.99,DELTA,69,1000,72,150,165,yes,66,1250
2025-05-20T13:02:57.327190,KXBTCD-25MAY2017-T106499.99,DELTA,69,1000,72,150,166,yes,66,-250
2025-05-20T13:02:57.347284,KXBTCD-25MAY2017-T106499.99,DELTA,67,2000,72,150,167,yes,69,-1000
2025-05-20T13:02:57.347467,KXBTCD-25MAY2017-T106499.99,DELTA,67,2000,72,150,168,no,25,-1000
2025-05-20T13:02:57.367846,KXBTCD-25MAY2017-T106499.99,DELTA,67,2000,72,150,169,yes,65,200
2025-05-20T13:02:57.387633,KXBTCD-25MAY2017-T106499.99,DELTA,67,2000,72,150,170,yes,66,1000
2025-05-20T13:02:57.484243,KXBTCD-25MAY2017-T106499.99,DELTA,67,2000,72,150,171,no,21,1000
2025-05-20T13:02:57.484455,KXBTCD-25MAY2017-T106499.99,DELTA,66,2264,72,150,172,yes,67,-2000
2025-05-20T13:02:57.484775,KXBTCD-25MAY2017-T106499.99,DELTA,66,1014,72,150,173,yes,66,-1250
2025-05-20T13:02:57.487326,KXBTCD-25MAY2017-T106499.99,DELTA,66,3014,72,150,174,yes,66,2000
2025-05-20T13:02:58.187764,KXBTCD-25MAY2017-T106499.99,DELTA,66,3014,72,150,175,yes,65,100
2025-05-20T13:02:58.207835,KXBTCD-25MAY2017-T106499.99,DELTA,66,3014,72,150,176,no,27,100
2025-05-20T13:02:58.249289,KXBTCD-25MAY2017-T106499.99,DELTA,66,4264,72,150,177,yes,66,1250
2025-05-20T13:02:58.287174,KXBTCD-25MAY2017-T106499.99,DELTA,66,3014,72,150,178,yes,66,-1250
2025-05-20T13:02:58.327475,KXBTCD-25MAY2017-T106499.99,DELTA,66,3014,72,150,179,yes,65,-200
2025-05-20T13:02:58.328066,KXBTCD-25MAY2017-T106499.99,DELTA,66,3014,72,150,180,yes,65,1250
2025-05-20T13:02:58.328241,KXBTCD-25MAY2017-T106499.99,DELTA,66,3014,73,100,181,no,28,-150
2025-05-20T13:02:58.348119,KXBTCD-25MAY2017-T106499.99,DELTA,66,3014,73,100,182,yes,64,300
2025-05-20T13:02:58.366955,KXBTCD-25MAY2017-T106499.99,DELTA,66,3014,70,200,183,no,30,200
2025-05-20T13:02:58.388186,KXBTCD-25MAY2017-T106499.99,DELTA,66,1014,70,200,184,yes,66,-2000
2025-05-20T13:02:58.406776,KXBTCD-25MAY2017-T106499.99,DELTA,66,1014,70,200,185,yes,65,-1250
2025-05-20T13:02:58.536023,KXBTCD-25MAY2017-T106499.99,DELTA,66,1014,70,200,186,yes,65,2000
2025-05-20T13:02:58.536433,KXBTCD-25MAY2017-T106499.99,DELTA,66,1014,70,200,187,yes,65,1250
2025-05-20T13:02:58.536720,KXBTCD-25MAY2017-T106499.99,DELTA,66,1014,70,200,188,no,27,-100
2025-05-20T13:02:58.536856,KXBTCD-25MAY2017-T106499.99,DELTA,66,1014,70,200,189,yes,65,14
2025-05-20T13:02:58.536977,KXBTCD-25MAY2017-T106499.99,DELTA,66,1014,70,200,190,no,23,14
2025-05-20T13:02:58.537092,KXBTCD-25MAY2017-T106499.99,DELTA,66,1000,70,200,191,yes,66,-14
2025-05-20T13:02:58.537203,KXBTCD-25MAY2017-T106499.99,DELTA,66,1000,70,200,192,no,21,-14
2025-05-20T13:02:58.567982,KXBTCD-25MAY2017-T106499.99,DELTA,66,1000,70,200,193,yes,65,-1250
2025-05-20T13:02:58.627956,KXBTCD-25MAY2017-T106499.99,DELTA,66,1000,70,200,194,yes,64,1250
2025-05-20T13:02:58.928067,KXBTCD-25MAY2017-T106499.99,DELTA,66,1000,70,200,195,yes,64,-1250
2025-05-20T13:02:59.061379,KXBTCD-25MAY2017-T106499.99,DELTA,66,1000,70,200,196,yes,65,1250
2025-05-20T13:02:59.109467,KXBTCD-25MAY2017-T106499.99,DELTA,66,1000,70,200,197,yes,64,30
2025-05-20T13:02:59.110335,KXBTCD-25MAY2017-T106499.99,DELTA,66,1000,70,200,198,yes,65,-30
2025-05-20T13:02:59.110981,KXBTCD-25MAY2017-T106499.99,DELTA,66,1000,70,200,199,no,21,30
2025-05-20T13:02:59.127829,KXBTCD-25MAY2017-T106499.99,DELTA,66,1000,70,200,200,no,20,-30
2025-05-20T13:02:59.168030,KXBTCD-25MAY2017-T106499.99,DELTA,66,1000,70,200,201,no,21,-1000
2025-05-20T13:02:59.207679,KXBTCD-25MAY2017-T106499.99,DELTA,66,1000,70,200,202,no,22,1000
2025-05-20T13:02:59.607592,KXBTCD-25MAY2017-T106499.99,DELTA,66,1000,70,200,203,yes,65,-100
2025-05-20T13:02:59.668773,KXBTCD-25MAY2017-T106499.99,DELTA,65,3264,70,200,204,yes,66,-1000
2025-05-20T13:02:59.708008,KXBTCD-25MAY2017-T106499.99,DELTA,65,4264,70,200,205,yes,65,1000
2025-05-20T13:02:59.726378,KXBTCD-25MAY2017-T106499.99,DELTA,65,4264,70,200,206,no,29,100
2025-05-20T13:03:00.633609,KXBTCD-25MAY2017-T106499.99,DELTA,65,4264,71,100,207,no,30,-200
2025-05-20T13:03:00.633861,KXBTCD-25MAY2017-T106499.99,DELTA,65,4264,71,350,208,no,29,250
2025-05-20T13:03:00.686918,KXBTCD-25MAY2017-T106499.99,DELTA,65,4264,71,350,209,yes,63,100
2025-05-20T13:03:00.706246,KXBTCD-25MAY2017-T106499.99,DELTA,65,4264,71,350,210,no,24,9
2025-05-20T13:03:00.706397,KXBTCD-25MAY2017-T106499.99,DELTA,65,4264,71,350,211,no,22,-9
2025-05-20T13:03:00.868469,KXBTCD-25MAY2017-T106499.99,DELTA,65,4264,71,350,212,yes,64,-300
2025-05-20T13:03:00.908234,KXBTCD-25MAY2017-T106499.99,DELTA,66,100,71,350,213,yes,66,100
2025-05-20T13:03:00.927977,KXBTCD-25MAY2017-T106499.99,DELTA,66,100,71,350,214,yes,65,-2000
2025-05-20T13:03:00.928647,KXBTCD-25MAY2017-T106499.99,DELTA,66,100,71,350,215,yes,65,-1250
2025-05-20T13:03:00.968535,KXBTCD-25MAY2017-T106499.99,DELTA,66,100,71,350,216,yes,63,-100
2025-05-20T13:03:00.988242,KXBTCD-25MAY2017-T106499.99,DELTA,66,100,71,350,217,yes,65,-1000
2025-05-20T13:03:00.988580,KXBTCD-25MAY2017-T106499.99,DELTA,66,100,71,350,218,yes,41,2000
2025-05-20T13:03:00.988769,KXBTCD-25MAY2017-T106499.99,DELTA,66,100,71,100,219,no,29,-250
2025-05-20T13:03:01.006785,KXBTCD-25MAY2017-T106499.99,DELTA,66,100,71,100,220,no,28,300
2025-05-20T13:03:01.027817,KXBTCD-25MAY2017-T106499.99,DELTA,67,1000,71,100,221,yes,67,1000
2025-05-20T13:03:01.188181,KXBTCD-25MAY2017-T106499.99,DELTA,67,1000,71,100,222,yes,66,-100
2025-05-20T13:03:01.208225,KXBTCD-25MAY2017-T106499.99,DELTA,67,1000,71,100,223,no,28,-300
2025-05-20T13:03:01.247217,KXBTCD-25MAY2017-T106499.99,DELTA,67,1300,71,100,224,yes,67,300
2025-05-20T13:03:01.247876,KXBTCD-25MAY2017-T106499.99,DELTA,67,300,71,100,225,yes,67,-1000
2025-05-20T13:03:01.248284,KXBTCD-25MAY2017-T106499.99,DELTA,67,300,71,100,226,no,27,250
2025-05-20T13:03:01.287092,KXBTCD-25MAY2017-T106499.99,DELTA,67,300,71,100,227,yes,65,1000
2025-05-20T13:03:01.307500,KXBTCD-25MAY2017-T106499.99,DELTA,68,1250,71,100,228,yes,68,1250
2025-05-20T13:03:01.367231,KXBTCD-25MAY2017-T106499.99,DELTA,68,1250,71,100,229,yes,41,-2000
2025-05-20T13:03:01.367792,KXBTCD-25MAY2017-T106499.99,DELTA,68,1250,71,100,230,yes,65,-1000
2025-05-20T13:03:01.406934,KXBTCD-25MAY2017-T106499.99,DELTA,68,3250,71,100,231,yes,68,2000
2025-05-20T13:03:01.407368,KXBTCD-25MAY2017-T106499.99,DELTA,68,4250,71,100,232,yes,68,1000
2025-05-20T13:03:01.747700,KXBTCD-25MAY2017-T106499.99,DELTA,68,4250,71,100,233,yes,64,100
2025-05-20T13:03:01.907666,KXBTCD-25MAY2017-T106499.99,DELTA,68,4250,73,250,234,no,29,-100
2025-05-20T13:03:01.908148,KXBTCD-25MAY2017-T106499.99,DELTA,68,4250,73,250,235,yes,64,-100
2025-05-20T13:03:01.988931,KXBTCD-25MAY2017-T106499.99,DELTA,68,3000,73,250,236,yes,68,-1250
2025-05-20T13:03:02.067797,KXBTCD-25MAY2017-T106499.99,DELTA,68,3000,73,250,237,yes,67,1250
2025-05-20T13:03:02.215831,KXBTCD-25MAY2017-T106499.99,DELTA,68,3000,73,250,238,yes,67,-1250
2025-05-20T13:03:02.228569,KXBTCD-25MAY2017-T106499.99,DELTA,68,1000,73,250,239,yes,68,-2000
2025-05-20T13:03:02.251429,KXBTCD-25MAY2017-T106499.99,DELTA,68,1000,73,250,240,yes,67,2000
2025-05-20T13:03:02.370222,KXBTCD-25MAY2017-T106499.99,DELTA,68,1000,73,250,241,yes,67,-300
2025-05-20T13:03:02.409076,KXBTCD-25MAY2017-T106499.99,DELTA,68,1000,73,250,242,yes,66,250
2025-05-20T13:03:02.413231,KXBTCD-25MAY2017-T106499.99,DELTA,68,1000,73,250,243,yes,67,-2000
2025-05-20T13:03:02.431653,KXBTCD-25MAY2017-T106499.99,DELTA,66,250,73,250,244,yes,68,-1000
2025-05-20T13:03:02.469163,KXBTCD-25MAY2017-T106499.99,DELTA,66,1500,73,250,245,yes,66,1250
2025-05-20T13:03:02.469823,KXBTCD-25MAY2017-T106499.99,DELTA,67,2000,73,250,246,yes,67,2000
2025-05-20T13:03:02.470298,KXBTCD-25MAY2017-T106499.99,DELTA,67,3000,73,250,247,yes,67,1000
2025-05-20T13:03:02.733661,KXBTCD-25MAY2017-T106499.99,DELTA,67,3000,73,250,248,yes,65,100
2025-05-20T13:03:02.734648,KXBTCD-25MAY2017-T106499.99,DELTA,67,3000,73,350,249,no,27,100
2025-05-20T13:03:02.827392,KXBTCD-25MAY2017-T106499.99,DELTA,67,3000,73,350,250,no,24,-9
2025-05-20T13:03:02.828260,KXBTCD-25MAY2017-T106499.99,DELTA,67,3000,73,350,251,no,23,9
2025-05-20T13:03:02.847522,KXBTCD-25MAY2017-T106499.99,DELTA,67,3000,73,350,252,yes,66,-1250
2025-05-20T13:03:02.888109,KXBTCD-25MAY2017-T106499.99,DELTA,67,4250,73,350,253,yes,67,1250
2025-05-20T13:03:03.128008,KXBTCD-25MAY2017-T106499.99,DELTA,67,4250,73,250,254,no,27,-100
2025-05-20T13:03:03.255806,KXBTCD-25MAY2017-T106499.99,DELTA,67,4250,73,250,255,no,24,-4
2025-05-20T13:03:04.119459,KXBTCD-25MAY2017-T106499.99,DELTA,67,4250,72,100,256,no,28,100
2025-05-20T13:03:04.667415,KXBTCD-25MAY2017-T106499.99,DELTA,67,4250,72,100,257,no,27,-250
2025-05-20T13:03:04.728281,KXBTCD-25MAY2017-T106499.99,DELTA,67,4250,71,50,258,no,29,50
2025-05-20T13:03:05.142285,KXBTCD-25MAY2017-T106499.99,DELTA,67,4250,72,100,259,no,29,-50
2025-05-20T13:03:05.148423,KXBTCD-25MAY2017-T106499.99,DELTA,67,4250,72,350,260,no,28,250
2025-05-20T13:03:06.207783,KXBTCD-25MAY2017-T106499.99,DELTA,67,4250,72,100,261,no,28,-250
2025-05-20T13:03:06.236868,KXBTCD-25MAY2017-T106499.99,DELTA,67,4250,72,100,262,no,27,300
2025-05-20T13:03:06.787896,KXBTCD-25MAY2017-T106499.99,DELTA,67,4236,72,100,263,yes,67,-14
2025-05-20T13:03:07.976562,KXBTCD-25MAY2017-T106499.99,DELTA,67,2986,72,100,264,yes,67,-1250
2025-05-20T13:03:07.977919,KXBTCD-25MAY2017-T106499.99,DELTA,67,2986,72,100,265,yes,66,1250
2025-05-20T13:03:07.978686,KXBTCD-25MAY2017-T106499.99,DELTA,67,2986,72,100,266,no,27,-300
2025-05-20T13:03:07.979334,KXBTCD-25MAY2017-T106499.99,DELTA,67,2986,71,150,267,no,29,150
2025-05-20T13:03:08.027549,KXBTCD-25MAY2017-T106499.99,DELTA,67,2986,71,150,268,yes,66,-250
2025-05-20T13:03:08.067480,KXBTCD-25MAY2017-T106499.99,DELTA,67,2986,71,150,269,yes,17,-1905
2025-05-20T13:03:08.068122,KXBTCD-25MAY2017-T106499.99,DELTA,67,2986,71,150,270,yes,65,250
2025-05-20T13:03:08.089177,KXBTCD-25MAY2017-T106499.99,DELTA,67,1000,71,150,271,yes,67,-1986
2025-05-20T13:03:08.089883,KXBTCD-25MAY2017-T106499.99,DELTA,66,1250,71,150,272,yes,67,-1000
2025-05-20T13:03:08.108304,KXBTCD-25MAY2017-T106499.99,DELTA,65,364,71,150,273,yes,66,-1250
2025-05-20T13:03:08.167689,KXBTCD-25MAY2017-T106499.99,DELTA,66,1000,71,150,274,yes,66,1000
2025-05-20T13:03:08.187757,KXBTCD-25MAY2017-T106499.99,DELTA,66,2250,71,150,275,yes,66,1250
2025-05-20T13:03:08.188425,KXBTCD-25MAY2017-T106499.99,DELTA,66,4250,71,150,276,yes,66,2000
2025-05-20T13:03:08.539444,KXBTCD-25MAY2017-T106499.99,DELTA,66,4250,71,150,277,yes,65,-250
2025-05-20T13:03:08.540650,KXBTCD-25MAY2017-T106499.99,DELTA,66,4250,72,100,278,no,29,-150
2025-05-20T13:03:08.604640,KXBTCD-25MAY2017-T106499.99,DELTA,67,150,72,100,279,yes,67,150
2025-05-20T13:03:08.605415,KXBTCD-25MAY2017-T106499.99,DELTA,67,150,72,100,280,yes,66,-2000
2025-05-20T13:03:08.625583,KXBTCD-25MAY2017-T106499.99,DELTA,67,150,72,200,281,no,28,100
2025-05-20T13:03:08.626205,KXBTCD-25MAY2017-T106499.99,DELTA,67,150,72,200,282,yes,66,-1250
2025-05-20T13:03:08.663659,KXBTCD-25MAY2017-T106499.99,DELTA,67,150,72,200,283,yes,66,-1000
2025-05-20T13:03:08.664311,KXBTCD-25MAY2017-T106499.99,DELTA,68,2000,72,200,284,yes,68,2000
2025-05-20T13:03:08.712274,KXBTCD-25MAY2017-T106499.99,DELTA,68,3000,72,200,285,yes,68,1000
2025-05-20T13:03:08.732704,KXBTCD-25MAY2017-T106499.99,DELTA,68,3000,72,200,286,yes,67,-150
2025-05-20T13:03:08.751714,KXBTCD-25MAY2017-T106499.99,DELTA,68,3000,72,100,287,no,28,-100
2025-05-20T13:03:08.824351,KXBTCD-25MAY2017-T106499.99,DELTA,68,3000,72,100,288,yes,66,250
2025-05-20T13:03:08.824555,KXBTCD-25MAY2017-T106499.99,DELTA,68,1000,72,100,289,yes,68,-2000
2025-05-20T13:03:08.824692,KXBTCD-25MAY2017-T106499.99,DELTA,66,250,72,100,290,yes,68,-1000
2025-05-20T13:03:08.824808,KXBTCD-25MAY2017-T106499.99,DELTA,66,250,72,350,291,no,28,250
2025-05-20T13:03:08.875882,KXBTCD-25MAY2017-T106499.99,DELTA,66,1250,72,350,292,yes,66,1000
2025-05-20T13:03:08.876346,KXBTCD-25MAY2017-T106499.99,DELTA,66,1250,72,350,293,yes,41,2000
2025-05-20T13:03:08.876586,KXBTCD-25MAY2017-T106499.99,DELTA,67,1250,72,350,294,yes,67,1250
2025-05-20T13:03:08.888697,KXBTCD-25MAY2017-T106499.99,DELTA,67,1250,72,350,295,yes,41,-2000
2025-05-20T13:03:08.892577,KXBTCD-25MAY2017-T106499.99,DELTA,67,1250,72,350,296,yes,55,9
2025-05-20T13:03:08.934313,KXBTCD-25MAY2017-T106499.99,DELTA,67,1250,72,350,297,yes,66,-1000
2025-05-20T13:03:09.043560,KXBTCD-25MAY2017-T106499.99,DELTA,67,3250,72,350,298,yes,67,2000
2025-05-20T13:03:09.044510,KXBTCD-25MAY2017-T106499.99,DELTA,67,4250,72,350,299,yes,67,1000
2025-05-20T13:03:10.987641,KXBTCD-25MAY2017-T106499.99,DELTA,67,4250,72,250,300,no,28,-100
2025-05-20T13:03:10.988314,KXBTCD-25MAY2017-T106499.99,DELTA,67,4250,72,250,301,yes,65,-100
2025-05-20T13:03:11.124339,KXBTCD-25MAY2017-T106499.99,DELTA,67,4250,72,250,302,yes,55,-9
2025-05-20T13:03:11.827533,KXBTCD-25MAY2017-T106499.99,DELTA,67,4250,72,250,303,yes,66,-250
2025-05-20T13:03:11.827991,KXBTCD-25MAY2017-T106499.99,DELTA,67,3000,72,250,304,yes,67,-1250
2025-05-20T13:03:11.867075,KXBTCD-25MAY2017-T106499.99,DELTA,67,3000,72,250,305,yes,65,250
2025-05-20T13:03:11.867770,KXBTCD-25MAY2017-T106499.99,DELTA,67,3000,72,250,306,yes,66,1250
2025-05-20T13:03:11.888044,KXBTCD-25MAY2017-T106499.99,DELTA,67,1000,72,250,307,yes,67,-2000
2025-05-20T13:03:11.888650,KXBTCD-25MAY2017-T106499.99,DELTA,66,1250,72,250,308,yes,67,-1000
2025-05-20T13:03:11.927692,KXBTCD-25MAY2017-T106499.99,DELTA,65,264,72,250,309,yes,66,-1250
2025-05-20T13:03:11.928259,KXBTCD-25MAY2017-T106499.99,DELTA,65,264,77,23,310,no,28,-250
2025-05-20T13:03:11.928771,KXBTCD-25MAY2017-T106499.99,DELTA,65,264,77,23,311,yes,17,1905
2025-05-20T13:03:11.947754,KXBTCD-25MAY2017-T106499.99,DELTA,66,2000,77,23,312,yes,66,2000
2025-05-20T13:03:11.948205,KXBTCD-25MAY2017-T106499.99,DELTA,66,3000,77,23,313,yes,66,1000
2025-05-20T13:03:11.967212,KXBTCD-25MAY2017-T106499.99,DELTA,66,4250,77,23,314,yes,66,1250
2025-05-20T13:03:11.967927,KXBTCD-25MAY2017-T106499.99,DELTA,66,4250,70,50,315,no,30,50
2025-05-20T13:03:11.986961,KXBTCD-25MAY2017-T106499.99,DELTA,66,4250,77,23,316,no,30,-50
2025-05-20T13:03:12.006995,KXBTCD-25MAY2017-T106499.99,DELTA,66,3000,77,23,317,yes,66,-1250
2025-05-20T13:03:12.007301,KXBTCD-25MAY2017-T106499.99,DELTA,66,3000,71,300,318,no,29,300
2025-05-20T13:03:12.049614,KXBTCD-25MAY2017-T106499.99,DELTA,66,3000,71,300,319,yes,65,1250
2025-05-20T13:03:12.069391,KXBTCD-25MAY2017-T106499.99,DELTA,66,3000,71,300,320,yes,65,-250
2025-05-20T13:03:12.069975,KXBTCD-25MAY2017-T106499.99,DELTA,66,3000,71,300,321,yes,65,100
2025-05-20T13:03:12.173278,KXBTCD-25MAY2017-T106499.99,DELTA,66,3000,77,23,322,no,29,-300
2025-05-20T13:03:12.173642,KXBTCD-25MAY2017-T106499.99,DELTA,66,3000,73,100,323,no,27,100
2025-05-20T13:03:12.173938,KXBTCD-25MAY2017-T106499.99,DELTA,66,1000,73,100,324,yes,66,-2000
2025-05-20T13:03:12.174130,KXBTCD-25MAY2017-T106499.99,DELTA,66,1000,73,100,325,yes,64,50
2025-05-20T13:03:12.174326,KXBTCD-25MAY2017-T106499.99,DELTA,66,1000,69,150,326,no,31,150
2025-05-20T13:03:12.174523,KXBTCD-25MAY2017-T106499.99,DELTA,66,1000,69,150,327,yes,65,-1250
2025-05-20T13:03:12.187509,KXBTCD-25MAY2017-T106499.99,DELTA,66,1000,69,150,328,yes,41,2000
2025-05-20T13:03:12.187889,KXBTCD-25MAY2017-T106499.99,DELTA,66,1000,69,150,329,no,22,-1000
2025-05-20T13:03:12.207395,KXBTCD-25MAY2017-T106499.99,DELTA,66,1000,69,150,330,yes,64,-50
2025-05-20T13:03:12.247856,KXBTCD-25MAY2017-T106499.99,DELTA,66,1000,69,150,331,yes,63,250
2025-05-20T13:03:12.267489,KXBTCD-25MAY2017-T106499.99,DELTA,66,1000,69,150,332,no,27,1000
2025-05-20T13:03:12.327902,KXBTCD-25MAY2017-T106499.99,DELTA,66,1000,69,150,333,yes,64,1250
2025-05-20T13:03:12.328340,KXBTCD-25MAY2017-T106499.99,DELTA,66,1000,69,150,334,yes,41,-2000
2025-05-20T13:03:12.386998,KXBTCD-25MAY2017-T106499.99,DELTA,66,1000,69,150,335,yes,64,2000
2025-05-20T13:03:12.587110,KXBTCD-25MAY2017-T106499.99,DELTA,66,1000,69,150,336,yes,64,-1250
2025-05-20T13:03:12.606369,KXBTCD-25MAY2017-T106499.99,DELTA,66,1000,69,150,337,yes,54,-3000
2025-05-20T13:03:12.695026,KXBTCD-25MAY2017-T106499.99,DELTA,66,1000,69,150,338,yes,47,3000
2025-05-20T13:03:12.695460,KXBTCD-25MAY2017-T106499.99,DELTA,66,1000,69,150,339,yes,63,1250
2025-05-20T13:03:12.788928,KXBTCD-25MAY2017-T106499.99,DELTA,66,1000,69,150,340,no,20,-50
2025-05-20T13:03:12.887136,KXBTCD-25MAY2017-T106499.99,DELTA,66,1000,69,150,341,yes,63,-1250
2025-05-20T13:03:12.928901,KXBTCD-25MAY2017-T106499.99,DELTA,66,1000,69,150,342,yes,64,1250
2025-05-20T13:03:13.949117,KXBTCD-25MAY2017-T106499.99,DELTA,66,1000,69,150,343,yes,64,-1250
2025-05-20T13:03:13.949870,KXBTCD-25MAY2017-T106499.99,DELTA,66,1000,69,150,344,yes,63,1250
2025-05-20T13:03:13.990673,KXBTCD-25MAY2017-T106499.99,DELTA,66,1000,69,150,345,no,23,-9
2025-05-20T13:03:14.470017,KXBTCD-25MAY2017-T106499.99,DELTA,66,1000,69,150,346,no,27,-100
2025-05-20T13:03:14.470971,KXBTCD-25MAY2017-T106499.99,DELTA,66,1000,69,150,347,yes,63,-1250
2025-05-20T13:03:14.491037,KXBTCD-25MAY2017-T106499.99,DELTA,66,1000,69,150,348,yes,65,-100
2025-05-20T13:03:14.547728,KXBTCD-25MAY2017-T106499.99,DELTA,66,1000,69,150,349,no,27,-1000
2025-05-20T13:03:14.548704,KXBTCD-25MAY2017-T106499.99,DELTA,66,1000,69,150,350,yes,64,1250
2025-05-20T13:03:14.591405,KXBTCD-25MAY2017-T106499.99,DELTA,65,14,69,150,351,yes,66,-1000
2025-05-20T13:03:14.607920,KXBTCD-25MAY2017-T106499.99,DELTA,65,14,69,150,352,no,22,1000
2025-05-20T13:03:14.626854,KXBTCD-25MAY2017-T106499.99,DELTA,65,1014,69,150,353,yes,65,1000
2025-05-20T13:03:14.627576,KXBTCD-25MAY2017-T106499.99,DELTA,65,1014,77,14,354,no,31,-150
2025-05-20T13:03:14.668386,KXBTCD-25MAY2017-T106499.99,DELTA,65,1014,70,300,355,no,30,300
2025-05-20T13:03:14.866878,KXBTCD-25MAY2017-T106499.99,DELTA,65,1014,70,300,356,yes,63,-250
2025-05-20T13:03:14.907834,KXBTCD-25MAY2017-T106499.99,DELTA,65,1114,70,300,357,yes,65,100
2025-05-20T13:03:14.948415,KXBTCD-25MAY2017-T106499.99,DELTA,65,1114,70,300,358,yes,64,-2000
2025-05-20T13:03:14.949376,KXBTCD-25MAY2017-T106499.99,DELTA,65,1114,70,300,359,yes,64,-1250
2025-05-20T13:03:15.028227,KXBTCD-25MAY2017-T106499.99,DELTA,65,1114,70,300,360,yes,41,2000
2025-05-20T13:03:15.029081,KXBTCD-25MAY2017-T106499.99,DELTA,65,114,70,300,361,yes,65,-1000
2025-05-20T13:03:15.068809,KXBTCD-25MAY2017-T106499.99,DELTA,66,1000,70,300,362,yes,66,1000
2025-05-20T13:03:15.168760,KXBTCD-25MAY2017-T106499.99,DELTA,66,1000,70,300,363,yes,65,-100
2025-05-20T13:03:15.208651,KXBTCD-25MAY2017-T106499.99,DELTA,66,1000,70,300,364,yes,64,300
2025-05-20T13:03:15.226240,KXBTCD-25MAY2017-T106499.99,DELTA,65,14,70,300,365,yes,66,-1000
2025-05-20T13:03:15.316638,KXBTCD-25MAY2017-T106499.99,DELTA,65,1014,70,300,366,yes,65,1000
2025-05-20T13:03:15.316851,KXBTCD-25MAY2017-T106499.99,DELTA,65,2264,70,300,367,yes,65,1250
2025-05-20T13:03:15.317129,KXBTCD-25MAY2017-T106499.99,DELTA,65,2264,70,300,368,yes,41,-2000
2025-05-20T13:03:15.317200,KXBTCD-25MAY2017-T106499.99,DELTA,65,2264,70,300,369,yes,64,100
2025-05-20T13:03:15.328605,KXBTCD-25MAY2017-T106499.99,DELTA,65,2264,70,300,370,no,27,100
2025-05-20T13:03:15.366817,KXBTCD-25MAY2017-T106499.99,DELTA,65,4264,70,300,371,yes,65,2000
2025-05-20T13:03:16.248211,KXBTCD-25MAY2017-T106499.99,DELTA,65,4264,70,300,372,no,27,-100
2025-05-20T13:03:16.366966,KXBTCD-25MAY2017-T106499.99,DELTA,65,4264,70,300,373,no,23,9
2025-05-20T13:03:16.607280,KXBTCD-25MAY2017-T106499.99,DELTA,65,3014,70,300,374,yes,65,-1250
2025-05-20T13:03:16.667483,KXBTCD-25MAY2017-T106499.99,DELTA,65,3014,70,300,375,yes,64,1250
2025-05-20T13:03:17.447705,KXBTCD-25MAY2017-T106499.99,DELTA,65,3014,70,300,376,yes,64,-1250
2025-05-20T13:03:17.507392,KXBTCD-25MAY2017-T106499.99,DELTA,65,4264,70,300,377,yes,65,1250
2025-05-20T13:03:17.548259,KXBTCD-25MAY2017-T106499.99,DELTA,65,4264,70,300,378,no,28,100
2025-05-20T13:03:17.767670,KXBTCD-25MAY2017-T106499.99,DELTA,65,3014,70,300,379,yes,65,-1250
2025-05-20T13:03:17.807780,KXBTCD-25MAY2017-T106499.99,DELTA,65,3014,70,300,380,yes,64,1250
2025-05-20T13:03:18.296513,KXBTCD-25MAY2017-T106499.99,DELTA,65,3014,70,300,381,yes,64,-100
2025-05-20T13:03:18.488368,KXBTCD-25MAY2017-T106499.99,DELTA,65,3014,70,300,382,yes,64,-1250
2025-05-20T13:03:18.527473,KXBTCD-25MAY2017-T106499.99,DELTA,65,4264,70,300,383,yes,65,1250
2025-05-20T13:03:18.607991,KXBTCD-25MAY2017-T106499.99,DELTA,65,4264,70,300,384,no,28,9
2025-05-20T13:03:18.987786,KXBTCD-25MAY2017-T106499.99,DELTA,65,4364,70,300,385,yes,65,100
2025-05-20T13:03:19.050063,KXBTCD-25MAY2017-T106499.99,DELTA,65,3364,70,300,386,yes,65,-1000
2025-05-20T13:03:19.088395,KXBTCD-25MAY2017-T106499.99,DELTA,66,1000,70,300,387,yes,66,1000
2025-05-20T13:03:19.688618,KXBTCD-25MAY2017-T106499.99,DELTA,66,1000,70,300,388,yes,65,-1250
2025-05-20T13:03:19.728835,KXBTCD-25MAY2017-T106499.99,DELTA,66,1000,70,300,389,yes,64,1250
2025-05-20T13:03:19.868826,KXBTCD-25MAY2017-T106499.99,DELTA,66,1000,70,300,390,yes,64,-300
2025-05-20T13:03:19.907950,KXBTCD-25MAY2017-T106499.99,DELTA,66,1000,70,300,391,yes,63,200
2025-05-20T13:03:19.927607,KXBTCD-25MAY2017-T106499.99,DELTA,66,1000,70,300,392,yes,65,-2000
2025-05-20T13:03:19.928127,KXBTCD-25MAY2017-T106499.99,DELTA,66,1000,70,300,393,yes,64,-1250
2025-05-20T13:03:20.036951,KXBTCD-25MAY2017-T106499.99,DELTA,66,1000,70,300,394,yes,64,2000
2025-05-20T13:03:20.578675,KXBTCD-25MAY2017-T106499.99,DELTA,66,1000,70,300,395,yes,63,-200
2025-05-20T13:03:20.578907,KXBTCD-25MAY2017-T106499.99,DELTA,66,1000,72,109,396,no,30,-300
2025-05-20T13:03:20.616406,KXBTCD-25MAY2017-T106499.99,DELTA,66,1000,72,109,397,yes,64,-2000
2025-05-20T13:03:20.641978,KXBTCD-25MAY2017-T106499.99,DELTA,66,1000,72,109,398,yes,60,150
2025-05-20T13:03:20.698397,KXBTCD-25MAY2017-T106499.99,DELTA,66,900,72,109,399,yes,66,-100
2025-05-20T13:03:20.698709,KXBTCD-25MAY2017-T106499.99,DELTA,66,900,72,109,400,yes,41,2000
2025-05-20T13:03:20.698938,KXBTCD-25MAY2017-T106499.99,DELTA,66,900,72,109,401,no,23,-9
2025-05-20T13:03:20.699068,KXBTCD-25MAY2017-T106499.99,DELTA,66,900,72,109,402,no,24,9
2025-05-20T13:03:20.753310,KXBTCD-25MAY2017-T106499.99,DELTA,66,900,72,109,403,yes,41,-2000
2025-05-20T13:03:20.809357,KXBTCD-25MAY2017-T106499.99,DELTA,66,900,72,109,404,yes,61,2000
2025-05-20T13:03:21.090928,KXBTCD-25MAY2017-T106499.99,DELTA,66,650,72,109,405,yes,66,-250
2025-05-20T13:03:21.169090,KXBTCD-25MAY2017-T106499.99,DELTA,66,600,72,109,406,yes,66,-50
2025-05-20T13:03:21.267905,KXBTCD-25MAY2017-T106499.99,DELTA,66,350,72,109,407,yes,66,-250
2025-05-20T13:03:21.368112,KXBTCD-25MAY2017-T106499.99,DELTA,66,100,72,109,408,yes,66,-250
2025-05-20T13:03:21.467775,KXBTCD-25MAY2017-T106499.99,DELTA,65,114,72,109,409,yes,66,-100
2025-05-20T13:03:21.468931,KXBTCD-25MAY2017-T106499.99,DELTA,65,114,66,50,410,no,34,50
2025-05-20T13:03:21.611788,KXBTCD-25MAY2017-T106499.99,DELTA,65,1114,66,50,411,yes,65,1000
2025-05-20T13:03:21.613195,KXBTCD-25MAY2017-T106499.99,DELTA,65,1114,66,50,412,no,22,-1000
2025-05-20T13:03:21.628121,KXBTCD-25MAY2017-T106499.99,DELTA,65,1114,72,109,413,no,34,-50
2025-05-20T13:03:21.647463,KXBTCD-25MAY2017-T106499.99,DELTA,65,1114,72,1109,414,no,28,1000
2025-05-20T13:03:21.648150,KXBTCD-25MAY2017-T106499.99,DELTA,65,1114,66,150,415,no,34,150
2025-05-20T13:03:21.707126,KXBTCD-25MAY2017-T106499.99,DELTA,65,114,66,150,416,yes,65,-1000
2025-05-20T13:03:21.747737,KXBTCD-25MAY2017-T106499.99,DELTA,65,1114,66,150,417,yes,65,1000
2025-05-20T13:03:22.136771,KXBTCD-25MAY2017-T106499.99,DELTA,65,1114,66,150,418,yes,63,14
2025-05-20T13:03:22.137700,KXBTCD-25MAY2017-T106499.99,DELTA,65,1100,66,150,419,yes,65,-14
2025-05-20T13:03:22.138353,KXBTCD-25MAY2017-T106499.99,DELTA,65,1100,66,150,420,no,24,14
2025-05-20T13:03:22.138594,KXBTCD-25MAY2017-T106499.99,DELTA,65,1100,66,150,421,no,23,-14
2025-05-20T13:03:22.506344,KXBTCD-25MAY2017-T106499.99,DELTA,65,1000,66,150,422,yes,65,-100
2025-05-20T13:03:22.526327,KXBTCD-25MAY2017-T106499.99,DELTA,65,1000,66,150,423,no,28,-100
2025-05-20T13:03:22.658367,KXBTCD-25MAY2017-T106499.99,DELTA,65,1000,66,150,424,no,28,-1000
2025-05-20T13:03:22.658674,KXBTCD-25MAY2017-T106499.99,DELTA,65,1000,66,150,425,yes,62,30
2025-05-20T13:03:22.658958,KXBTCD-25MAY2017-T106499.99,DELTA,65,1000,66,150,426,yes,64,-30
2025-05-20T13:03:22.659095,KXBTCD-25MAY2017-T106499.99,DELTA,65,1000,66,150,427,no,23,30
2025-05-20T13:03:22.659176,KXBTCD-25MAY2017-T106499.99,DELTA,65,1000,66,150,428,no,21,-30
2025-05-20T13:03:22.659241,KXBTCD-25MAY2017-T106499.99,DELTA,65,1000,66,150,429,no,22,1000
2025-05-20T13:03:22.688153,KXBTCD-25MAY2017-T106499.99,DELTA,63,14,66,150,430,yes,65,-1000
2025-05-20T13:03:22.708809,KXBTCD-25MAY2017-T106499.99,DELTA,63,14,66,150,431,no,24,-9
2025-05-20T13:03:22.709045,KXBTCD-25MAY2017-T106499.99,DELTA,63,14,66,150,432,no,22,9
2025-05-20T13:03:22.709128,KXBTCD-25MAY2017-T106499.99,DELTA,63,14,66,150,433,no,22,-1000
2025-05-20T13:03:22.751385,KXBTCD-25MAY2017-T106499.99,DELTA,63,1014,66,150,434,yes,63,1000
2025-05-20T13:03:22.751804,KXBTCD-25MAY2017-T106499.99,DELTA,63,1014,66,150,435,no,24,1000
2025-05-20T13:03:23.028284,KXBTCD-25MAY2017-T106499.99,DELTA,63,1014,66,150,436,yes,60,-150
2025-05-20T13:03:23.068249,KXBTCD-25MAY2017-T106499.99,DELTA,63,1014,66,150,437,yes,59,200
2025-05-20T13:03:23.198013,KXBTCD-25MAY2017-T106499.99,DELTA,63,1014,66,150,438,yes,61,-2000
2025-05-20T13:03:23.198863,KXBTCD-25MAY2017-T106499.99,DELTA,63,1014,72,9,439,no,34,-150
2025-05-20T13:03:23.199390,KXBTCD-25MAY2017-T106499.99,DELTA,63,1014,72,9,440,yes,60,2000
2025-05-20T13:03:23.199688,KXBTCD-25MAY2017-T106499.99,DELTA,63,1014,72,9,441,yes,59,-200
2025-05-20T13:03:23.238594,KXBTCD-25MAY2017-T106499.99,DELTA,63,1014,72,9,442,yes,58,150
2025-05-20T13:03:23.298457,KXBTCD-25MAY2017-T106499.99,DELTA,63,1000,72,9,443,yes,63,-14
2025-05-20T13:03:23.298860,KXBTCD-25MAY2017-T106499.99,DELTA,63,914,72,9,444,yes,63,-86
2025-05-20T13:03:23.317889,KXBTCD-25MAY2017-T106499.99,DELTA,63,914,72,9,445,yes,60,-2000
2025-05-20T13:03:23.357588,KXBTCD-25MAY2017-T106499.99,DELTA,63,914,72,9,446,no,24,-14
2025-05-20T13:03:23.357782,KXBTCD-25MAY2017-T106499.99,DELTA,63,914,72,9,447,yes,60,14
2025-05-20T13:03:23.357888,KXBTCD-25MAY2017-T106499.99,DELTA,63,914,72,9,448,yes,59,2000
2025-05-20T13:03:23.378822,KXBTCD-25MAY2017-T106499.99,DELTA,63,914,69,14,449,no,31,14
2025-05-20T13:03:23.707874,KXBTCD-25MAY2017-T106499.99,DELTA,63,914,69,14,450,no,1,-3000
2025-05-20T13:03:23.708906,KXBTCD-25MAY2017-T106499.99,DELTA,63,914,69,14,451,no,10,3000
2025-05-20T13:03:23.768326,KXBTCD-25MAY2017-T106499.99,DELTA,63,664,69,14,452,yes,63,-250
2025-05-20T13:03:23.798487,KXBTCD-25MAY2017-T106499.99,DELTA,63,664,69,14,453,yes,62,100
2025-05-20T13:03:23.799373,KXBTCD-25MAY2017-T106499.99,DELTA,63,664,69,14,454,no,30,100
2025-05-20T13:03:23.816247,KXBTCD-25MAY2017-T106499.99,DELTA,63,664,69,14,455,yes,58,-150
2025-05-20T13:03:23.856870,KXBTCD-25MAY2017-T106499.99,DELTA,63,664,69,14,456,yes,57,250
2025-05-20T13:03:23.874668,KXBTCD-25MAY2017-T106499.99,DELTA,63,664,65,500,457,no,35,500
2025-05-20T13:03:23.899938,KXBTCD-25MAY2017-T106499.99,DELTA,63,664,65,500,458,yes,59,-2000
2025-05-20T13:03:23.900826,KXBTCD-25MAY2017-T106499.99,DELTA,63,664,65,500,459,no,24,-1000
2025-05-20T13:03:23.918863,KXBTCD-25MAY2017-T106499.99,DELTA,63,664,65,500,460,yes,58,1250
2025-05-20T13:03:23.919693,KXBTCD-25MAY2017-T106499.99,DELTA,63,664,65,500,461,yes,40,-200
2025-05-20T13:03:23.920436,KXBTCD-25MAY2017-T106499.99,DELTA,63,664,65,500,462,yes,30,200
2025-05-20T13:03:23.936182,KXBTCD-25MAY2017-T106499.99,DELTA,63,664,65,500,463,yes,58,2000
2025-05-20T13:03:23.937052,KXBTCD-25MAY2017-T106499.99,DELTA,63,664,65,500,464,no,31,1000
2025-05-20T13:03:24.407694,KXBTCD-25MAY2017-T106499.99,DELTA,63,664,65,500,465,no,30,-100
2025-05-20T13:03:24.507262,KXBTCD-25MAY2017-T106499.99,DELTA,63,664,65,500,466,no,31,-1000
2025-05-20T13:03:24.754113,KXBTCD-25MAY2017-T106499.99,DELTA,63,664,65,500,467,no,24,1000
2025-05-20T13:03:24.755057,KXBTCD-25MAY2017-T106499.99,DELTA,63,664,65,500,468,yes,60,30
2025-05-20T13:03:24.755791,KXBTCD-25MAY2017-T106499.99,DELTA,63,664,65,500,469,yes,62,-30
2025-05-20T13:03:24.809627,KXBTCD-25MAY2017-T106499.99,DELTA,63,664,65,500,470,no,23,-30
2025-05-20T13:03:24.810138,KXBTCD-25MAY2017-T106499.99,DELTA,63,664,65,500,471,no,25,30
2025-05-20T13:03:24.909803,KXBTCD-25MAY2017-T106499.99,DELTA,63,664,65,500,472,no,22,-9
2025-05-20T13:03:24.910404,KXBTCD-25MAY2017-T106499.99,DELTA,63,664,65,500,473,no,24,-1000
2025-05-20T13:03:24.987257,KXBTCD-25MAY2017-T106499.99,DELTA,63,664,65,500,474,no,26,1000
2025-05-20T13:03:25.509132,KXBTCD-25MAY2017-T106499.99,DELTA,63,664,65,500,475,yes,62,-100
2025-05-20T13:03:25.586578,KXBTCD-25MAY2017-T106499.99,DELTA,63,664,65,500,476,no,32,100
2025-05-20T13:03:25.586842,KXBTCD-25MAY2017-T106499.99,DELTA,63,664,68,100,477,no,35,-500
2025-05-20T13:03:25.587159,KXBTCD-25MAY2017-T106499.99,DELTA,60,44,68,100,478,yes,63,-664
2025-05-20T13:03:25.606479,KXBTCD-25MAY2017-T106499.99,DELTA,60,44,65,500,479,no,35,500
2025-05-20T13:03:25.685444,KXBTCD-25MAY2017-T106499.99,DELTA,61,1000,65,500,480,yes,61,1000
2025-05-20T13:03:25.909160,KXBTCD-25MAY2017-T106499.99,DELTA,61,1000,65,500,481,yes,60,-14
2025-05-20T13:03:25.910239,KXBTCD-25MAY2017-T106499.99,DELTA,61,1000,65,500,482,yes,58,14
2025-05-20T13:03:25.988140,KXBTCD-25MAY2017-T106499.99,DELTA,61,1000,65,500,483,no,26,-1000
2025-05-20T13:03:26.008157,KXBTCD-25MAY2017-T106499.99,DELTA,61,1000,65,500,484,no,32,14
2025-05-20T13:03:26.008766,KXBTCD-25MAY2017-T106499.99,DELTA,61,1000,65,500,485,no,31,-14
2025-05-20T13:03:26.108380,KXBTCD-25MAY2017-T106499.99,DELTA,61,1000,65,500,486,no,32,1000
2025-05-20T13:03:26.109317,KXBTCD-25MAY2017-T106499.99,DELTA,61,1000,65,500,487,yes,57,-250
2025-05-20T13:03:26.185615,KXBTCD-25MAY2017-T106499.99,DELTA,61,1000,68,1114,488,no,35,-500
2025-05-20T13:03:26.329531,KXBTCD-25MAY2017-T106499.99,DELTA,61,1000,68,1114,489,yes,58,-1250
2025-05-20T13:03:26.330570,KXBTCD-25MAY2017-T106499.99,DELTA,61,1000,68,1114,490,yes,58,-2000
2025-05-20T13:03:26.407739,KXBTCD-25MAY2017-T106499.99,DELTA,61,1000,68,114,491,no,32,-1000
2025-05-20T13:03:26.408057,KXBTCD-25MAY2017-T106499.99,DELTA,61,1000,68,114,492,yes,31,2000
2025-05-20T13:03:26.408219,KXBTCD-25MAY2017-T106499.99,DELTA,61,1000,68,14,493,no,32,-100
2025-05-20T13:03:26.408358,KXBTCD-25MAY2017-T106499.99,DELTA,61,1000,68,14,494,no,28,-9
2025-05-20T13:03:26.487077,KXBTCD-25MAY2017-T106499.99,DELTA,61,1000,68,14,495,yes,56,250
2025-05-20T13:03:26.607738,KXBTCD-25MAY2017-T106499.99,DELTA,61,1000,67,1000,496,no,33,1000
2025-05-20T13:03:26.608651,KXBTCD-25MAY2017-T106499.99,DELTA,61,1000,64,500,497,no,36,500
2025-05-20T13:03:26.686704,KXBTCD-25MAY2017-T106499.99,DELTA,61,1000,64,500,498,yes,57,1250
2025-05-20T13:03:26.687144,KXBTCD-25MAY2017-T106499.99,DELTA,61,1000,64,500,499,yes,31,-2000
2025-05-20T13:03:26.705887,KXBTCD-25MAY2017-T106499.99,DELTA,61,1000,64,500,500,no,33,-1000
2025-05-20T13:03:26.888027,KXBTCD-25MAY2017-T106499.99,DELTA,61,1000,64,500,501,no,26,1000
2025-05-20T13:03:26.888926,KXBTCD-25MAY2017-T106499.99,DELTA,61,1000,64,500,502,yes,57,2000
2025-05-20T13:03:27.008497,KXBTCD-25MAY2017-T106499.99,DELTA,61,1000,64,500,503,yes,60,100
2025-05-20T13:03:27.406774,KXBTCD-25MAY2017-T106499.99,DELTA,61,1000,64,500,504,yes,56,-250
2025-05-20T13:03:27.427718,KXBTCD-25MAY2017-T106499.99,DELTA,61,1000,68,14,505,no,36,-500
2025-05-20T13:03:27.447646,KXBTCD-25MAY2017-T106499.99,DELTA,61,1000,68,14,506,yes,58,150
2025-05-20T13:03:27.448504,KXBTCD-25MAY2017-T106499.99,DELTA,61,1000,65,500,507,no,35,500
2025-05-20T13:03:27.467273,KXBTCD-25MAY2017-T106499.99,DELTA,61,1000,65,500,508,yes,57,-2000
2025-05-20T13:03:27.467755,KXBTCD-25MAY2017-T106499.99,DELTA,61,1000,65,500,509,yes,57,-1250
2025-05-20T13:03:27.547825,KXBTCD-25MAY2017-T106499.99,DELTA,61,1000,65,500,510,yes,59,2000
2025-05-20T13:03:27.967800,KXBTCD-25MAY2017-T106499.99,DELTA,61,1000,65,500,511,no,32,100
2025-05-20T13:03:28.108393,KXBTCD-25MAY2017-T106499.99,DELTA,61,1000,65,500,512,yes,60,-100
2025-05-20T13:03:29.004156,KXBTCD-25MAY2017-T106499.99,DELTA,61,1100,65,500,513,yes,61,100
2025-05-20T13:03:29.005134,KXBTCD-25MAY2017-T106499.99,DELTA,61,100,65,500,514,yes,61,-1000
2025-05-20T13:03:29.007222,KXBTCD-25MAY2017-T106499.99,DELTA,62,1000,65,500,515,yes,62,1000
2025-05-20T13:03:29.327892,KXBTCD-25MAY2017-T106499.99,DELTA,62,1000,68,114,516,no,35,-500
2025-05-20T13:03:29.369217,KXBTCD-25MAY2017-T106499.99,DELTA,62,1000,66,500,517,no,34,500
2025-05-20T13:03:32.346820,KXBTCD-25MAY2017-T106499.99,DELTA,62,1000,66,500,518,no,26,-1000
2025-05-20T13:03:32.386853,KXBTCD-25MAY2017-T106499.99,DELTA,62,1000,66,500,519,no,32,1000
2025-05-20T13:03:32.767118,KXBTCD-25MAY2017-T106499.99,DELTA,62,1000,66,500,520,yes,58,-150
2025-05-20T13:03:32.786112,KXBTCD-25MAY2017-T106499.99,DELTA,62,1000,68,1114,521,no,34,-500
2025-05-20T13:03:32.830545,KXBTCD-25MAY2017-T106499.99,DELTA,62,1000,68,1114,522,yes,59,-2000
2025-05-20T13:03:32.831325,KXBTCD-25MAY2017-T106499.99,DELTA,62,1000,68,1114,523,yes,57,100
2025-05-20T13:03:32.847192,KXBTCD-25MAY2017-T106499.99,DELTA,62,1000,64,500,524,no,36,500
2025-05-20T13:03:32.867350,KXBTCD-25MAY2017-T106499.99,DELTA,62,1000,64,500,525,yes,31,2000
2025-05-20T13:03:33.307625,KXBTCD-25MAY2017-T106499.99,DELTA,62,1000,64,500,526,no,32,-1000
2025-05-20T13:03:33.347696,KXBTCD-25MAY2017-T106499.99,DELTA,62,1000,64,500,527,yes,57,-100
2025-05-20T13:03:33.369543,KXBTCD-25MAY2017-T106499.99,DELTA,62,1000,64,500,528,no,33,1000
2025-05-20T13:03:33.387106,KXBTCD-25MAY2017-T106499.99,DELTA,62,1000,64,500,529,yes,56,250
2025-05-20T13:03:33.467551,KXBTCD-25MAY2017-T106499.99,DELTA,62,1000,64,500,530,yes,57,1250
2025-05-20T13:03:33.467799,KXBTCD-25MAY2017-T106499.99,DELTA,62,1000,64,500,531,yes,31,-2000
2025-05-20T13:03:33.506606,KXBTCD-25MAY2017-T106499.99,DELTA,62,1000,64,500,532,yes,57,2000
2025-05-20T13:03:34.226849,KXBTCD-25MAY2017-T106499.99,DELTA,61,100,64,500,533,yes,62,-1000
2025-05-20T13:03:34.227899,KXBTCD-25MAY2017-T106499.99,DELTA,60,30,64,500,534,yes,61,-100
2025-05-20T13:03:34.228650,KXBTCD-25MAY2017-T106499.99,DELTA,61,1000,64,500,535,yes,61,1000
2025-05-20T13:03:34.388151,KXBTCD-25MAY2017-T106499.99,DELTA,61,1000,64,500,536,no,32,-100
2025-05-20T13:03:34.448276,KXBTCD-25MAY2017-T106499.99,DELTA,61,1000,64,500,537,no,33,-1000
2025-05-20T13:03:34.487229,KXBTCD-25MAY2017-T106499.99,DELTA,61,1000,64,500,538,no,26,1000
2025-05-20T13:03:35.467336,KXBTCD-25MAY2017-T106499.99,DELTA,61,1000,68,14,539,no,36,-500
2025-05-20T13:03:35.487258,KXBTCD-25MAY2017-T106499.99,DELTA,61,1000,65,500,540,no,35,500
2025-05-20T13:03:35.566059,KXBTCD-25MAY2017-T106499.99,DELTA,61,1000,65,500,541,yes,56,-250
2025-05-20T13:03:35.608271,KXBTCD-25MAY2017-T106499.99,DELTA,61,1000,65,500,542,yes,58,50
2025-05-20T13:03:35.608395,KXBTCD-25MAY2017-T106499.99,DELTA,61,1000,65,500,543,yes,59,100
2025-05-20T13:03:35.626773,KXBTCD-25MAY2017-T106499.99,DELTA,61,1000,65,500,544,yes,57,-2000
2025-05-20T13:03:35.627043,KXBTCD-25MAY2017-T106499.99,DELTA,61,1000,65,500,545,no,33,100
2025-05-20T13:03:35.627191,KXBTCD-25MAY2017-T106499.99,DELTA,61,1000,65,500,546,yes,57,-1250
2025-05-20T13:03:35.765785,KXBTCD-25MAY2017-T106499.99,DELTA,61,1000,65,500,547,yes,31,2000
2025-05-20T13:03:35.766905,KXBTCD-25MAY2017-T106499.99,DELTA,61,1000,65,500,548,yes,58,-50
2025-05-20T13:03:35.767582,KXBTCD-25MAY2017-T106499.99,DELTA,61,1000,65,500,549,yes,57,250
2025-05-20T13:03:35.807699,KXBTCD-25MAY2017-T106499.99,DELTA,61,1000,65,500,550,yes,58,1250
2025-05-20T13:03:35.807936,KXBTCD-25MAY2017-T106499.99,DELTA,61,1000,65,500,551,yes,31,-2000
2025-05-20T13:03:35.847032,KXBTCD-25MAY2017-T106499.99,DELTA,61,1000,65,500,552,yes,58,2000
2025-05-20T13:03:35.887397,KXBTCD-25MAY2017-T106499.99,DELTA,61,1000,65,500,553,yes,59,-100
2025-05-20T13:03:36.668406,KXBTCD-25MAY2017-T106499.99,DELTA,61,1000,65,500,554,yes,60,100
2025-05-20T13:03:37.010366,KXBTCD-25MAY2017-T106499.99,DELTA,61,1000,65,500,555,yes,57,-250
2025-05-20T13:03:37.028429,KXBTCD-25MAY2017-T106499.99,DELTA,61,1000,65,500,556,yes,56,250
2025-05-20T13:03:37.068893,KXBTCD-25MAY2017-T106499.99,DELTA,61,1000,65,500,557,yes,58,-2000
2025-05-20T13:03:37.069878,KXBTCD-25MAY2017-T106499.99,DELTA,61,1000,65,500,558,yes,58,-1250
2025-05-20T13:03:37.109717,KXBTCD-25MAY2017-T106499.99,DELTA,61,1000,65,500,559,yes,57,1250
2025-05-20T13:03:37.110637,KXBTCD-25MAY2017-T106499.99,DELTA,61,1000,65,500,560,yes,57,2000
2025-05-20T13:03:37.227612,KXBTCD-25MAY2017-T106499.99,DELTA,61,1000,65,500,561,yes,56,-250
2025-05-20T13:03:37.247161,KXBTCD-25MAY2017-T106499.99,DELTA,61,1000,65,500,562,yes,58,50
2025-05-20T13:03:37.339379,KXBTCD-25MAY2017-T106499.99,DELTA,61,1000,65,500,563,yes,57,-2000
2025-05-20T13:03:37.339621,KXBTCD-25MAY2017-T106499.99,DELTA,61,1000,65,500,564,yes,57,-1250
2025-05-20T13:03:37.339765,KXBTCD-25MAY2017-T106499.99,DELTA,61,1000,65,500,565,yes,58,-50
2025-05-20T13:03:37.346674,KXBTCD-25MAY2017-T106499.99,DELTA,61,1000,65,500,566,yes,57,200
2025-05-20T13:03:37.346886,KXBTCD-25MAY2017-T106499.99,DELTA,61,1000,65,500,567,yes,31,2000
2025-05-20T13:03:37.388032,KXBTCD-25MAY2017-T106499.99,DELTA,61,1000,65,500,568,yes,31,-2000
2025-05-20T13:03:37.447442,KXBTCD-25MAY2017-T106499.99,DELTA,61,1000,65,500,569,yes,58,2000
2025-05-20T13:03:38.029049,KXBTCD-25MAY2017-T106499.99,DELTA,61,1000,65,500,570,yes,57,-200
2025-05-20T13:03:38.069419,KXBTCD-25MAY2017-T106499.99,DELTA,61,1000,65,500,571,yes,56,250
2025-05-20T13:03:38.087321,KXBTCD-25MAY2017-T106499.99,DELTA,61,1000,65,500,572,yes,58,-2000
2025-05-20T13:03:38.127750,KXBTCD-25MAY2017-T106499.99,DELTA,61,1000,65,500,573,yes,57,1250
2025-05-20T13:03:38.128587,KXBTCD-25MAY2017-T106499.99,DELTA,61,1000,65,500,574,yes,57,2000
2025-05-20T13:03:38.395549,KXBTCD-25MAY2017-T106499.99,DELTA,61,1000,67,100,575,no,35,-500
2025-05-20T13:03:38.396257,KXBTCD-25MAY2017-T106499.99,DELTA,61,1000,63,500,576,no,37,500
2025-05-20T13:03:38.396788,KXBTCD-25MAY2017-T106499.99,DELTA,61,1000,67,100,577,no,37,-500
2025-05-20T13:03:38.397299,KXBTCD-25MAY2017-T106499.99,DELTA,61,1000,64,500,578,no,36,500
2025-05-20T13:03:39.139157,KXBTCD-25MAY2017-T106499.99,DELTA,61,1000,67,100,579,no,36,-500
2025-05-20T13:03:39.148045,KXBTCD-25MAY2017-T106499.99,DELTA,61,1000,65,500,580,no,35,500
2025-05-20T13:03:39.183285,KXBTCD-25MAY2017-T106499.99,DELTA,61,1000,65,500,581,no,33,7
2025-05-20T13:03:39.228573,KXBTCD-25MAY2017-T106499.99,DELTA,61,1000,65,500,582,no,27,9
2025-05-20T13:03:39.252773,KXBTCD-25MAY2017-T106499.99,DELTA,61,1000,65,500,583,yes,56,-250
2025-05-20T13:03:39.270483,KXBTCD-25MAY2017-T106499.99,DELTA,61,1000,65,500,584,yes,58,50
2025-05-20T13:03:39.328579,KXBTCD-25MAY2017-T106499.99,DELTA,61,1000,65,500,585,yes,57,-2000
2025-05-20T13:03:39.329289,KXBTCD-25MAY2017-T106499.99,DELTA,61,1000,65,500,586,yes,58,-50
2025-05-20T13:03:39.329906,KXBTCD-25MAY2017-T106499.99,DELTA,61,1000,65,500,587,yes,57,-1250
2025-05-20T13:03:39.437716,KXBTCD-25MAY2017-T106499.99,DELTA,61,1000,65,500,588,yes,57,250
2025-05-20T13:03:39.438390,KXBTCD-25MAY2017-T106499.99,DELTA,61,1000,65,500,589,yes,31,2000
2025-05-20T13:03:39.438967,KXBTCD-25MAY2017-T106499.99,DELTA,61,1000,65,500,590,yes,31,-2000
2025-05-20T13:03:39.439462,KXBTCD-25MAY2017-T106499.99,DELTA,61,1000,65,500,591,yes,58,1250
2025-05-20T13:03:39.470529,KXBTCD-25MAY2017-T106499.99,DELTA,61,1000,65,500,592,yes,58,2000
2025-05-20T13:03:40.147805,KXBTCD-25MAY2017-T106499.99,DELTA,61,1000,65,500,593,no,1,32400
2025-05-20T13:03:40.206395,KXBTCD-25MAY2017-T106499.99,DELTA,61,1000,65,500,594,no,2,2000
2025-05-20T13:03:40.226841,KXBTCD-25MAY2017-T106499.99,DELTA,61,1000,65,500,595,no,2,20000
2025-05-20T13:03:40.373582,KXBTCD-25MAY2017-T106499.99,DELTA,61,1000,65,500,596,yes,60,-100
2025-05-20T13:03:40.374036,KXBTCD-25MAY2017-T106499.99,DELTA,61,1000,65,500,597,no,33,-100
2025-05-20T13:03:41.086348,KXBTCD-25MAY2017-T106499.99,DELTA,61,1000,65,500,598,no,1,-32400
2025-05-20T13:03:41.086826,KXBTCD-25MAY2017-T106499.99,DELTA,61,1000,65,500,599,no,2,16200
2025-05-20T13:03:41.087376,KXBTCD-25MAY2017-T106499.99,DELTA,61,1000,65,500,600,no,2,-20000
2025-05-20T13:03:41.087850,KXBTCD-25MAY2017-T106499.99,DELTA,61,1000,65,500,601,no,2,-2000
2025-05-20T13:03:41.107731,KXBTCD-25MAY2017-T106499.99,DELTA,61,1000,65,500,602,no,3,2000
2025-05-20T13:03:41.108212,KXBTCD-25MAY2017-T106499.99,DELTA,61,1000,65,500,603,no,3,20000
2025-05-20T13:03:41.267670,KXBTCD-25MAY2017-T106499.99,DELTA,61,1100,65,500,604,yes,61,100
2025-05-20T13:03:41.268462,KXBTCD-25MAY2017-T106499.99,DELTA,61,1100,65,500,605,no,31,100
2025-05-20T13:03:41.347732,KXBTCD-25MAY2017-T106499.99,DELTA,61,100,65,500,606,yes,61,-1000
2025-05-20T13:03:41.367298,KXBTCD-25MAY2017-T106499.99,DELTA,61,100,65,500,607,no,26,-1000
2025-05-20T13:03:41.388254,KXBTCD-25MAY2017-T106499.99,DELTA,61,100,65,500,608,no,27,-9
2025-05-20T13:03:41.408393,KXBTCD-25MAY2017-T106499.99,DELTA,61,100,65,500,609,no,31,1000
2025-05-20T13:03:41.409118,KXBTCD-25MAY2017-T106499.99,DELTA,62,1000,65,500,610,yes,62,1000
2025-05-20T13:03:43.467970,KXBTCD-25MAY2017-T106499.99,DELTA,62,1000,65,500,611,no,2,-16200
2025-05-20T13:03:43.468841,KXBTCD-25MAY2017-T106499.99,DELTA,62,1000,65,500,612,no,1,32400
2025-05-20T13:03:43.528214,KXBTCD-25MAY2017-T106499.99,DELTA,62,1000,65,500,613,no,3,-20000
2025-05-20T13:03:43.528576,KXBTCD-25MAY2017-T106499.99,DELTA,62,1000,65,500,614,no,3,-2000
2025-05-20T13:03:43.630877,KXBTCD-25MAY2017-T106499.99,DELTA,62,1000,65,500,615,no,2,2000
2025-05-20T13:03:43.631312,KXBTCD-25MAY2017-T106499.99,DELTA,62,1000,65,500,616,no,2,20000
2025-05-20T13:03:44.986633,KXBTCD-25MAY2017-T106499.99,DELTA,62,1000,65,500,617,no,1,-32400
2025-05-20T13:03:44.987103,KXBTCD-25MAY2017-T106499.99,DELTA,62,1000,65,500,618,no,3,10800
2025-05-20T13:03:45.048221,KXBTCD-25MAY2017-T106499.99,DELTA,62,1000,65,500,619,no,2,-20000
2025-05-20T13:03:45.068362,KXBTCD-25MAY2017-T106499.99,DELTA,62,1000,65,500,620,no,2,-2000
2025-05-20T13:03:45.108612,KXBTCD-25MAY2017-T106499.99,DELTA,62,1000,65,500,621,no,4,2000
2025-05-20T13:03:45.109585,KXBTCD-25MAY2017-T106499.99,DELTA,62,1000,65,500,622,no,4,20000
2025-05-20T13:03:45.547284,KXBTCD-25MAY2017-T106499.99,DELTA,62,1000,65,500,623,no,33,-7
2025-05-20T13:03:47.652968,KXBTCD-25MAY2017-T106499.99,DELTA,62,1000,65,500,624,no,31,-1000
2025-05-20T13:03:47.687733,KXBTCD-25MAY2017-T106499.99,DELTA,62,1000,65,500,625,no,32,1000
2025-05-20T13:03:48.049903,KXBTCD-25MAY2017-T106499.99,DELTA,62,1000,65,500,626,yes,58,-1250
2025-05-20T13:03:48.108466,KXBTCD-25MAY2017-T106499.99,DELTA,62,1000,65,500,627,yes,57,1250
2025-05-20T13:03:48.648499,KXBTCD-25MAY2017-T106499.99,DELTA,61,100,65,500,628,yes,62,-1000
2025-05-20T13:03:48.686396,KXBTCD-25MAY2017-T106499.99,DELTA,61,1100,65,500,629,yes,61,1000
2025-05-20T13:03:48.747582,KXBTCD-25MAY2017-T106499.99,DELTA,61,1100,65,500,630,yes,60,-30
2025-05-20T13:03:48.748630,KXBTCD-25MAY2017-T106499.99,DELTA,61,1100,65,500,631,yes,59,30
2025-05-20T13:03:48.749363,KXBTCD-25MAY2017-T106499.99,DELTA,61,1100,65,500,632,no,25,-30
2025-05-20T13:03:48.750026,KXBTCD-25MAY2017-T106499.99,DELTA,61,1100,65,500,633,no,27,30
2025-05-20T13:03:48.870218,KXBTCD-25MAY2017-T106499.99,DELTA,61,1100,65,500,634,yes,47,-3000
2025-05-20T13:03:48.870530,KXBTCD-25MAY2017-T106499.99,DELTA,61,1100,65,500,635,yes,40,3000
2025-05-20T13:03:49.227867,KXBTCD-25MAY2017-T106499.99,DELTA,61,1100,65,500,636,yes,57,-250
2025-05-20T13:03:49.247773,KXBTCD-25MAY2017-T106499.99,DELTA,61,1100,68,1014,637,no,35,-500
2025-05-20T13:03:49.287508,KXBTCD-25MAY2017-T106499.99,DELTA,61,1100,68,1014,638,yes,58,-2000
2025-05-20T13:03:49.287715,KXBTCD-25MAY2017-T106499.99,DELTA,61,1100,68,1014,639,yes,57,-1250
2025-05-20T13:03:49.287800,KXBTCD-25MAY2017-T106499.99,DELTA,61,1100,68,1014,640,yes,56,200
2025-05-20T13:03:49.307146,KXBTCD-25MAY2017-T106499.99,DELTA,61,1100,63,500,641,no,37,500
2025-05-20T13:03:49.307531,KXBTCD-25MAY2017-T106499.99,DELTA,61,1100,63,500,642,yes,16,-8000
2025-05-20T13:03:49.397201,KXBTCD-25MAY2017-T106499.99,DELTA,61,1100,63,500,643,yes,31,2000
2025-05-20T13:03:49.398196,KXBTCD-25MAY2017-T106499.99,DELTA,61,1100,63,500,644,no,10,200
2025-05-20T13:03:49.399093,KXBTCD-25MAY2017-T106499.99,DELTA,61,1100,63,500,645,no,31,-100
2025-05-20T13:03:49.399543,KXBTCD-25MAY2017-T106499.99,DELTA,61,1100,63,500,646,yes,4,8000
2025-05-20T13:03:49.399920,KXBTCD-25MAY2017-T106499.99,DELTA,61,1000,63,500,647,yes,61,-100
2025-05-20T13:03:49.406999,KXBTCD-25MAY2017-T106499.99,DELTA,61,1000,63,500,648,yes,31,-2000
2025-05-20T13:03:49.426682,KXBTCD-25MAY2017-T106499.99,DELTA,61,1000,63,500,649,no,4,-2000
2025-05-20T13:03:49.427411,KXBTCD-25MAY2017-T106499.99,DELTA,59,30,63,500,650,yes,61,-1000
2025-05-20T13:03:49.446838,KXBTCD-25MAY2017-T106499.99,DELTA,59,30,63,500,651,no,32,-1000
2025-05-20T13:03:49.466602,KXBTCD-25MAY2017-T106499.99,DELTA,59,30,63,500,652,yes,57,2000
2025-05-20T13:03:49.467252,KXBTCD-25MAY2017-T106499.99,DELTA,59,30,63,500,653,no,11,2000
2025-05-20T13:03:49.486529,KXBTCD-25MAY2017-T106499.99,DELTA,59,30,63,500,654,yes,56,-200
2025-05-20T13:03:49.506023,KXBTCD-25MAY2017-T106499.99,DELTA,60,1000,63,500,655,yes,60,1000
2025-05-20T13:03:49.506848,KXBTCD-25MAY2017-T106499.99,DELTA,60,1000,63,500,656,no,28,1000
2025-05-20T13:03:49.546332,KXBTCD-25MAY2017-T106499.99,DELTA,60,1000,63,500,657,yes,55,250
2025-05-20T13:03:49.546771,KXBTCD-25MAY2017-T106499.99,DELTA,60,1000,63,500,658,yes,57,-2000
2025-05-20T13:03:49.588264,KXBTCD-25MAY2017-T106499.99,DELTA,60,1000,63,500,659,yes,31,2000
2025-05-20T13:03:49.606508,KXBTCD-25MAY2017-T106499.99,DELTA,60,1000,63,500,660,yes,56,1250
2025-05-20T13:03:49.667758,KXBTCD-25MAY2017-T106499.99,DELTA,60,1000,63,500,661,yes,31,-2000
2025-05-20T13:03:49.707993,KXBTCD-25MAY2017-T106499.99,DELTA,60,1000,63,500,662,yes,56,2000
2025-05-20T13:03:50.446311,KXBTCD-25MAY2017-T106499.99,DELTA,60,1100,63,500,663,yes,60,100
2025-05-20T13:03:50.448002,KXBTCD-25MAY2017-T106499.99,DELTA,60,1100,63,500,664,no,32,100
2025-05-20T13:03:50.487675,KXBTCD-25MAY2017-T106499.99,DELTA,60,1100,63,500,665,no,28,-1000
2025-05-20T13:03:50.547446,KXBTCD-25MAY2017-T106499.99,DELTA,60,1100,63,500,666,no,33,1000
2025-05-20T13:03:50.628427,KXBTCD-25MAY2017-T106499.99,DELTA,60,100,63,500,667,yes,60,-1000
2025-05-20T13:03:50.647110,KXBTCD-25MAY2017-T106499.99,DELTA,60,100,63,500,668,yes,17,-1905
2025-05-20T13:03:50.647346,KXBTCD-25MAY2017-T106499.99,DELTA,60,100,63,500,669,yes,5,6480
2025-05-20T13:03:50.686713,KXBTCD-25MAY2017-T106499.99,DELTA,61,1000,63,500,670,yes,61,1000
2025-05-20T13:03:50.707573,KXBTCD-25MAY2017-T106499.99,DELTA,61,1000,63,500,671,yes,6,20000
2025-05-20T13:03:50.807758,KXBTCD-25MAY2017-T106499.99,DELTA,61,1000,63,500,672,yes,55,-250
2025-05-20T13:03:50.826458,KXBTCD-25MAY2017-T106499.99,DELTA,61,1000,67,1000,673,no,37,-500
2025-05-20T13:03:50.851843,KXBTCD-25MAY2017-T106499.99,DELTA,61,1000,67,1000,674,yes,57,50
2025-05-20T13:03:50.852699,KXBTCD-25MAY2017-T106499.99,DELTA,61,1000,64,500,675,no,36,500
2025-05-20T13:03:50.867718,KXBTCD-25MAY2017-T106499.99,DELTA,61,1000,64,500,676,yes,56,-2000
2025-05-20T13:03:50.972617,KXBTCD-25MAY2017-T106499.99,DELTA,61,1000,64,500,677,yes,57,-50
2025-05-20T13:03:50.973421,KXBTCD-25MAY2017-T106499.99,DELTA,61,1000,64,500,678,yes,56,-1250
2025-05-20T13:03:50.974489,KXBTCD-25MAY2017-T106499.99,DELTA,61,1000,64,500,679,no,32,-100
2025-05-20T13:03:50.975162,KXBTCD-25MAY2017-T106499.99,DELTA,61,1000,64,500,680,yes,31,2000
2025-05-20T13:03:50.975752,KXBTCD-25MAY2017-T106499.99,DELTA,61,1000,64,500,681,yes,57,150
2025-05-20T13:03:50.976628,KXBTCD-25MAY2017-T106499.99,DELTA,61,1000,64,500,682,no,33,-1000
2025-05-20T13:03:50.986946,KXBTCD-25MAY2017-T106499.99,DELTA,61,1000,64,500,683,yes,31,-2000
2025-05-20T13:03:51.027721,KXBTCD-25MAY2017-T106499.99,DELTA,61,1000,64,500,684,no,28,1000
2025-05-20T13:03:51.047499,KXBTCD-25MAY2017-T106499.99,DELTA,61,1000,64,500,685,yes,58,2000
2025-05-20T13:03:51.287945,KXBTCD-25MAY2017-T106499.99,DELTA,61,1000,64,500,686,yes,4,-8000
2025-05-20T13:03:51.350822,KXBTCD-25MAY2017-T106499.99,DELTA,61,1000,64,500,687,yes,5,8000
2025-05-20T13:03:51.827945,KXBTCD-25MAY2017-T106499.99,DELTA,61,1000,64,500,688,no,32,100
2025-05-20T13:03:51.887374,KXBTCD-25MAY2017-T106499.99,DELTA,61,1000,64,500,689,no,28,-1000
2025-05-20T13:03:51.888309,KXBTCD-25MAY2017-T106499.99,DELTA,61,1000,64,500,690,no,32,8
2025-05-20T13:03:51.907411,KXBTCD-25MAY2017-T106499.99,DELTA,61,1000,64,500,691,no,32,1000
2025-05-20T13:03:52.068706,KXBTCD-25MAY2017-T106499.99,DELTA,61,1000,64,500,692,yes,5,-6480
2025-05-20T13:03:52.069677,KXBTCD-25MAY2017-T106499.99,DELTA,61,1000,64,500,693,yes,7,4628
2025-05-20T13:03:52.127933,KXBTCD-25MAY2017-T106499.99,DELTA,61,1000,64,500,694,yes,6,-20000
2025-05-20T13:03:52.167931,KXBTCD-25MAY2017-T106499.99,DELTA,61,1000,64,500,695,yes,8,20000
2025-05-20T13:03:52.808211,KXBTCD-25MAY2017-T106499.99,DELTA,61,1000,64,500,696,yes,60,-100
2025-05-20T13:03:52.867034,KXBTCD-25MAY2017-T106499.99,DELTA,59,30,64,500,697,yes,61,-1000
2025-05-20T13:03:52.886818,KXBTCD-25MAY2017-T106499.99,DELTA,59,30,64,500,698,yes,7,-4628
2025-05-20T13:03:52.887620,KXBTCD-25MAY2017-T106499.99,DELTA,59,30,64,500,699,yes,9,3600
2025-05-20T13:03:52.906511,KXBTCD-25MAY2017-T106499.99,DELTA,60,1000,64,500,700,yes,60,1000
2025-05-20T13:03:52.947399,KXBTCD-25MAY2017-T106499.99,DELTA,60,1000,64,500,701,yes,8,-20000
2025-05-20T13:03:53.066958,KXBTCD-25MAY2017-T106499.99,DELTA,60,1000,64,500,702,yes,10,20000
2025-05-20T13:03:53.328503,KXBTCD-25MAY2017-T106499.99,DELTA,60,1000,64,500,703,no,32,-1000
2025-05-20T13:03:53.367207,KXBTCD-25MAY2017-T106499.99,DELTA,60,1000,64,500,704,no,33,1000
2025-05-20T13:03:53.708096,KXBTCD-25MAY2017-T106499.99,DELTA,60,1000,64,500,705,yes,9,-3600
2025-05-20T13:03:53.708454,KXBTCD-25MAY2017-T106499.99,DELTA,60,1000,64,500,706,yes,11,2945
2025-05-20T13:03:53.747574,KXBTCD-25MAY2017-T106499.99,DELTA,60,1000,64,500,707,yes,10,-20000
2025-05-20T13:03:53.768532,KXBTCD-25MAY2017-T106499.99,DELTA,60,1000,64,500,708,yes,57,-150
2025-05-20T13:03:53.788063,KXBTCD-25MAY2017-T106499.99,DELTA,60,1000,64,500,709,yes,56,200
2025-05-20T13:03:53.826827,KXBTCD-25MAY2017-T106499.99,DELTA,60,1000,64,500,710,yes,58,-2000
2025-05-20T13:03:53.848256,KXBTCD-25MAY2017-T106499.99,DELTA,60,1100,64,500,711,yes,60,100
2025-05-20T13:03:53.869813,KXBTCD-25MAY2017-T106499.99,DELTA,60,1100,64,500,712,yes,57,2000
2025-05-20T13:03:53.906643,KXBTCD-25MAY2017-T106499.99,DELTA,60,100,64,500,713,yes,60,-1000
2025-05-20T13:03:53.947193,KXBTCD-25MAY2017-T106499.99,DELTA,61,1000,64,500,714,yes,61,1000
2025-05-20T13:03:54.547697,KXBTCD-25MAY2017-T106499.99,DELTA,61,1000,64,500,715,yes,11,-2945
2025-05-20T13:03:54.548894,KXBTCD-25MAY2017-T106499.99,DELTA,61,1000,64,500,716,yes,6,5400
2025-05-20T13:03:54.640896,KXBTCD-25MAY2017-T106499.99,DELTA,61,1000,64,500,717,yes,7,20000
2025-05-20T13:03:55.347332,KXBTCD-25MAY2017-T106499.99,DELTA,61,1000,64,500,718,yes,6,-5400
2025-05-20T13:03:55.347651,KXBTCD-25MAY2017-T106499.99,DELTA,61,1000,64,500,719,yes,8,4050
2025-05-20T13:03:55.348002,KXBTCD-25MAY2017-T106499.99,DELTA,61,1000,64,500,720,no,33,-1000
2025-05-20T13:03:55.407373,KXBTCD-25MAY2017-T106499.99,DELTA,61,1000,64,500,721,yes,7,-20000
2025-05-20T13:03:55.407598,KXBTCD-25MAY2017-T106499.99,DELTA,61,1000,64,500,722,no,32,1000
2025-05-20T13:03:55.506782,KXBTCD-25MAY2017-T106499.99,DELTA,61,1000,64,500,723,yes,9,20000
2025-05-20T13:03:55.528110,KXBTCD-25MAY2017-T106499.99,DELTA,61,1000,64,500,724,yes,60,-100
2025-05-20T13:03:55.567632,KXBTCD-25MAY2017-T106499.99,DELTA,59,30,64,500,725,yes,61,-1000
2025-05-20T13:03:55.688806,KXBTCD-25MAY2017-T106499.99,DELTA,60,1000,64,500,726,yes,60,1000
2025-05-20T13:03:56.887095,KXBTCD-25MAY2017-T106499.99,DELTA,60,1100,64,500,727,yes,60,100
2025-05-20T13:03:56.946060,KXBTCD-25MAY2017-T106499.99,DELTA,60,100,64,500,728,yes,60,-1000
2025-05-20T13:03:56.986356,KXBTCD-25MAY2017-T106499.99,DELTA,61,1000,64,500,729,yes,61,1000
2025-05-20T13:03:57.407569,KXBTCD-25MAY2017-T106499.99,DELTA,61,1000,64,500,730,yes,60,-100
2025-05-20T13:03:57.526920,KXBTCD-25MAY2017-T106499.99,DELTA,59,30,64,500,731,yes,61,-1000
2025-05-20T13:03:57.567970,KXBTCD-25MAY2017-T106499.99,DELTA,60,1000,64,500,732,yes,60,1000
2025-05-20T13:03:57.672986,KXBTCD-25MAY2017-T106499.99,DELTA,60,1000,64,500,733,no,32,-1000
2025-05-20T13:03:57.787299,KXBTCD-25MAY2017-T106499.99,DELTA,60,1000,64,500,734,no,33,1000
2025-05-20T13:03:57.788188,KXBTCD-25MAY2017-T106499.99,DELTA,60,1000,64,500,735,no,33,-1000
2025-05-20T13:03:57.807922,KXBTCD-25MAY2017-T106499.99,DELTA,60,1000,64,500,736,no,32,1000
2025-05-20T13:03:57.847977,KXBTCD-25MAY2017-T106499.99,DELTA,60,1000,64,500,737,no,32,-1000
2025-05-20T13:03:57.867642,KXBTCD-25MAY2017-T106499.99,DELTA,60,1000,64,500,738,yes,8,-4050
2025-05-20T13:03:57.868165,KXBTCD-25MAY2017-T106499.99,DELTA,60,1000,64,500,739,yes,10,3240
2025-05-20T13:03:57.907439,KXBTCD-25MAY2017-T106499.99,DELTA,60,1000,64,500,740,no,33,1000
2025-05-20T13:03:57.928435,KXBTCD-25MAY2017-T106499.99,DELTA,60,1000,64,500,741,yes,9,-20000
2025-05-20T13:03:57.967385,KXBTCD-25MAY2017-T106499.99,DELTA,60,1000,64,500,742,yes,11,20000
2025-05-20T13:03:58.429307,KXBTCD-25MAY2017-T106499.99,DELTA,60,1000,64,500,743,no,32,-8
2025-05-20T13:03:58.429985,KXBTCD-25MAY2017-T106499.99,DELTA,60,1000,64,500,744,no,33,7
2025-05-20T13:03:58.487292,KXBTCD-25MAY2017-T106499.99,DELTA,60,1100,64,500,745,yes,60,100
2025-05-20T13:03:58.606386,KXBTCD-25MAY2017-T106499.99,DELTA,60,1100,64,500,746,no,33,-1000
2025-05-20T13:03:58.627336,KXBTCD-25MAY2017-T106499.99,DELTA,60,100,64,500,747,yes,60,-1000
2025-05-20T13:03:58.650250,KXBTCD-25MAY2017-T106499.99,DELTA,60,100,64,500,748,no,32,1000
2025-05-20T13:03:58.668197,KXBTCD-25MAY2017-T106499.99,DELTA,61,1000,64,500,749,yes,61,1000
2025-05-20T13:03:59.358795,KXBTCD-25MAY2017-T106499.99,DELTA,61,1000,64,500,750,yes,10,-3240
2025-05-20T13:03:59.359405,KXBTCD-25MAY2017-T106499.99,DELTA,61,1000,64,500,751,yes,12,2700
2025-05-20T13:03:59.387856,KXBTCD-25MAY2017-T106499.99,DELTA,61,1000,64,500,752,yes,11,-20000
2025-05-20T13:03:59.548377,KXBTCD-25MAY2017-T106499.99,DELTA,61,1000,64,500,753,yes,5,-8000
2025-05-20T13:03:59.587287,KXBTCD-25MAY2017-T106499.99,DELTA,61,1000,64,500,754,yes,6,8000
2025-05-20T13:04:00.169683,KXBTCD-25MAY2017-T106499.99,DELTA,61,1000,64,500,755,yes,12,-2700
2025-05-20T13:04:00.170181,KXBTCD-25MAY2017-T106499.99,DELTA,61,1000,64,500,756,yes,7,4628
2025-05-20T13:04:00.207986,KXBTCD-25MAY2017-T106499.99,DELTA,61,1000,64,500,757,no,3,-10800
2025-05-20T13:04:00.208378,KXBTCD-25MAY2017-T106499.99,DELTA,61,1000,64,500,758,no,5,6480
2025-05-20T13:04:00.227133,KXBTCD-25MAY2017-T106499.99,DELTA,61,1000,64,500,759,yes,8,20000
2025-05-20T13:04:00.247151,KXBTCD-25MAY2017-T106499.99,DELTA,61,1000,64,500,760,no,32,-1000
2025-05-20T13:04:00.266252,KXBTCD-25MAY2017-T106499.99,DELTA,61,1000,64,500,761,no,10,-200
2025-05-20T13:04:00.266449,KXBTCD-25MAY2017-T106499.99,DELTA,61,1000,67,7,762,no,36,-500
2025-05-20T13:04:00.288327,KXBTCD-25MAY2017-T106499.99,DELTA,61,1000,67,7,763,no,28,1000
2025-05-20T13:04:00.288476,KXBTCD-25MAY2017-T106499.99,DELTA,61,1000,67,7,764,no,4,-20000
2025-05-20T13:04:00.288550,KXBTCD-25MAY2017-T106499.99,DELTA,61,1000,65,500,765,no,35,500
2025-05-20T13:04:00.410570,KXBTCD-25MAY2017-T106499.99,DELTA,61,1000,65,500,766,yes,56,-200
2025-05-20T13:04:00.411076,KXBTCD-25MAY2017-T106499.99,DELTA,61,1000,65,500,767,no,11,-2000
2025-05-20T13:04:00.411442,KXBTCD-25MAY2017-T106499.99,DELTA,61,1000,65,500,768,no,6,20000
2025-05-20T13:04:00.411741,KXBTCD-25MAY2017-T106499.99,DELTA,61,1000,65,500,769,yes,60,30
2025-05-20T13:04:00.411998,KXBTCD-25MAY2017-T106499.99,DELTA,61,1000,65,500,770,no,25,30
2025-05-20T13:04:00.412242,KXBTCD-25MAY2017-T106499.99,DELTA,61,1000,65,500,771,yes,6,-8000
2025-05-20T13:04:00.412478,KXBTCD-25MAY2017-T106499.99,DELTA,61,1000,65,500,772,yes,59,-30
2025-05-20T13:04:00.412700,KXBTCD-25MAY2017-T106499.99,DELTA,61,1000,65,500,773,yes,58,100
2025-05-20T13:04:00.412912,KXBTCD-25MAY2017-T106499.99,DELTA,61,1000,65,500,774,no,27,-30
2025-05-20T13:04:00.413114,KXBTCD-25MAY2017-T106499.99,DELTA,61,1000,65,500,775,no,6,2000
2025-05-20T13:04:00.413448,KXBTCD-25MAY2017-T106499.99,DELTA,61,1000,65,500,776,yes,9,8000
2025-05-20T13:04:00.413787,KXBTCD-25MAY2017-T106499.99,DELTA,61,1000,65,500,777,yes,57,-2000
2025-05-20T13:04:00.427291,KXBTCD-25MAY2017-T106499.99,DELTA,61,1000,65,500,778,no,28,-1000
2025-05-20T13:04:00.448387,KXBTCD-25MAY2017-T106499.99,DELTA,61,1000,65,500,779,yes,31,2000
2025-05-20T13:04:00.466917,KXBTCD-25MAY2017-T106499.99,DELTA,61,1000,65,500,780,no,26,1000
2025-05-20T13:04:00.507343,KXBTCD-25MAY2017-T106499.99,DELTA,61,1000,65,500,781,yes,58,-100
2025-05-20T13:04:00.528405,KXBTCD-25MAY2017-T106499.99,DELTA,61,1000,67,7,782,no,35,-500
2025-05-20T13:04:00.587329,KXBTCD-25MAY2017-T106499.99,DELTA,61,1000,67,7,783,yes,59,250
2025-05-20T13:04:00.606706,KXBTCD-25MAY2017-T106499.99,DELTA,61,1000,67,507,784,no,33,500
2025-05-20T13:04:00.627771,KXBTCD-25MAY2017-T106499.99,DELTA,61,1000,67,507,785,yes,60,-100
2025-05-20T13:04:00.647197,KXBTCD-25MAY2017-T106499.99,DELTA,61,1000,67,507,786,yes,31,-2000
2025-05-20T13:04:00.647304,KXBTCD-25MAY2017-T106499.99,DELTA,61,1000,67,507,787,yes,60,1250
2025-05-20T13:04:00.687262,KXBTCD-25MAY2017-T106499.99,DELTA,61,1000,67,507,788,yes,60,2000
2025-05-20T13:04:00.988525,KXBTCD-25MAY2017-T106499.99,DELTA,61,1000,67,507,789,no,32,-100
2025-05-20T13:04:01.068716,KXBTCD-25MAY2017-T106499.99,DELTA,61,1000,67,507,790,yes,60,14
2025-05-20T13:04:01.069118,KXBTCD-25MAY2017-T106499.99,DELTA,61,1000,67,507,791,yes,58,-14
2025-05-20T13:04:01.087466,KXBTCD-25MAY2017-T106499.99,DELTA,61,1000,67,507,792,no,30,14
2025-05-20T13:04:01.088142,KXBTCD-25MAY2017-T106499.99,DELTA,61,1000,67,507,793,no,32,-14
2025-05-20T13:04:01.126713,KXBTCD-25MAY2017-T106499.99,DELTA,61,1000,67,507,794,yes,7,-4628
2025-05-20T13:04:01.127310,KXBTCD-25MAY2017-T106499.99,DELTA,61,1000,67,507,795,yes,10,3240
2025-05-20T13:04:01.186814,KXBTCD-25MAY2017-T106499.99,DELTA,61,1000,67,507,796,yes,8,-20000
2025-05-20T13:04:01.187573,KXBTCD-25MAY2017-T106499.99,DELTA,61,1000,67,507,797,no,5,-6480
2025-05-20T13:04:01.188135,KXBTCD-25MAY2017-T106499.99,DELTA,61,1000,67,507,798,no,6,5400
2025-05-20T13:04:01.228675,KXBTCD-25MAY2017-T106499.99,DELTA,61,1000,67,507,799,yes,11,20000
2025-05-20T13:04:01.249445,KXBTCD-25MAY2017-T106499.99,DELTA,61,1000,67,507,800,no,6,-20000
2025-05-20T13:04:01.266695,KXBTCD-25MAY2017-T106499.99,DELTA,61,1000,67,507,801,no,6,-2000
2025-05-20T13:04:01.267556,KXBTCD-25MAY2017-T106499.99,DELTA,61,1000,67,507,802,yes,30,-200
2025-05-20T13:04:01.268124,KXBTCD-25MAY2017-T106499.99,DELTA,61,1000,67,507,803,yes,40,200
2025-05-20T13:04:01.268602,KXBTCD-25MAY2017-T106499.99,DELTA,61,989,67,507,804,yes,61,-11
2025-05-20T13:04:01.286972,KXBTCD-25MAY2017-T106499.99,DELTA,61,989,67,507,805,yes,9,-8000
2025-05-20T13:04:01.327693,KXBTCD-25MAY2017-T106499.99,DELTA,61,989,67,507,806,yes,10,8000
2025-05-20T13:04:01.328319,KXBTCD-25MAY2017-T106499.99,DELTA,61,989,67,507,807,no,7,2000
2025-05-20T13:04:01.328808,KXBTCD-25MAY2017-T106499.99,DELTA,61,989,67,507,808,no,7,20000
2025-05-20T13:04:01.609915,KXBTCD-25MAY2017-T106499.99,DELTA,63,100,67,507,809,yes,63,100
2025-05-20T13:04:01.771557,KXBTCD-25MAY2017-T106499.99,DELTA,63,100,67,507,810,no,29,100
2025-05-20T13:04:01.771913,KXBTCD-25MAY2017-T106499.99,DELTA,63,100,67,507,811,yes,61,-989
2025-05-20T13:04:01.772302,KXBTCD-25MAY2017-T106499.99,DELTA,64,1000,67,507,812,yes,64,1000
2025-05-20T13:04:01.772487,KXBTCD-25MAY2017-T106499.99,DELTA,64,1000,67,507,813,yes,60,-30
2025-05-20T13:04:01.772609,KXBTCD-25MAY2017-T106499.99,DELTA,64,1000,67,507,814,yes,62,30
2025-05-20T13:04:01.772715,KXBTCD-25MAY2017-T106499.99,DELTA,64,1000,67,507,815,no,25,-30
2025-05-20T13:04:01.772814,KXBTCD-25MAY2017-T106499.99,DELTA,64,1000,67,507,816,no,24,30
2025-05-20T13:04:01.868178,KXBTCD-25MAY2017-T106499.99,DELTA,64,1000,67,507,817,no,26,-1000
2025-05-20T13:04:01.982660,KXBTCD-25MAY2017-T106499.99,DELTA,64,1000,67,507,818,no,25,1000
2025-05-20T13:04:01.983556,KXBTCD-25MAY2017-T106499.99,DELTA,64,1000,67,507,819,yes,10,-8000
2025-05-20T13:04:01.987114,KXBTCD-25MAY2017-T106499.99,DELTA,64,1000,67,507,820,yes,11,8000
2025-05-20T13:04:02.008009,KXBTCD-25MAY2017-T106499.99,DELTA,64,1000,67,507,821,yes,10,-3240
2025-05-20T13:04:02.008726,KXBTCD-25MAY2017-T106499.99,DELTA,64,1000,67,507,822,yes,12,2700
2025-05-20T13:04:02.074207,KXBTCD-25MAY2017-T106499.99,DELTA,64,1000,67,507,823,no,6,-5400
2025-05-20T13:04:02.074681,KXBTCD-25MAY2017-T106499.99,DELTA,64,1000,67,507,824,no,4,8100
2025-05-20T13:04:02.074863,KXBTCD-25MAY2017-T106499.99,DELTA,64,1000,67,507,825,yes,11,-20000
2025-05-20T13:04:02.168715,KXBTCD-25MAY2017-T106499.99,DELTA,64,1000,67,507,826,yes,63,-100
2025-05-20T13:04:02.169742,KXBTCD-25MAY2017-T106499.99,DELTA,64,1000,67,507,827,no,7,-20000
2025-05-20T13:04:02.187592,KXBTCD-25MAY2017-T106499.99,DELTA,64,1000,67,507,828,no,7,-2000
2025-05-20T13:04:02.226739,KXBTCD-25MAY2017-T106499.99,DELTA,64,1000,67,507,829,no,5,20000
2025-05-20T13:04:02.227441,KXBTCD-25MAY2017-T106499.99,DELTA,62,30,67,507,830,yes,64,-1000
2025-05-20T13:04:02.227940,KXBTCD-25MAY2017-T106499.99,DELTA,62,30,67,507,831,no,5,2000
2025-05-20T13:04:02.288381,KXBTCD-25MAY2017-T106499.99,DELTA,63,1000,67,507,832,yes,63,1000
2025-05-20T13:04:02.409735,KXBTCD-25MAY2017-T106499.99,DELTA,63,1000,67,507,833,yes,59,-250
2025-05-20T13:04:02.508480,KXBTCD-25MAY2017-T106499.99,DELTA,63,1000,67,7,834,no,33,-500
2025-05-20T13:04:02.509426,KXBTCD-25MAY2017-T106499.99,DELTA,63,1000,67,7,835,yes,60,-2000
2025-05-20T13:04:02.510007,KXBTCD-25MAY2017-T106499.99,DELTA,63,1000,67,7,836,yes,60,-1250
2025-05-20T13:04:02.510587,KXBTCD-25MAY2017-T106499.99,DELTA,63,1000,67,7,837,yes,61,100
2025-05-20T13:04:02.511102,KXBTCD-25MAY2017-T106499.99,DELTA,63,1000,67,7,838,yes,41,2000
2025-05-20T13:04:02.511590,KXBTCD-25MAY2017-T106499.99,DELTA,63,1000,67,7,839,no,32,500
2025-05-20T13:04:02.567844,KXBTCD-25MAY2017-T106499.99,DELTA,63,1000,67,7,840,yes,61,-100
2025-05-20T13:04:02.586118,KXBTCD-25MAY2017-T106499.99,DELTA,63,1000,67,7,841,no,32,-500
2025-05-20T13:04:02.607741,KXBTCD-25MAY2017-T106499.99,DELTA,63,1000,67,7,842,yes,61,100
2025-05-20T13:04:02.627530,KXBTCD-25MAY2017-T106499.99,DELTA,63,1000,67,7,843,no,32,500
2025-05-20T13:04:02.787622,KXBTCD-25MAY2017-T106499.99,DELTA,63,1000,67,7,844,yes,61,-100
2025-05-20T13:04:02.827649,KXBTCD-25MAY2017-T106499.99,DELTA,63,1000,67,7,845,yes,60,250
2025-05-20T13:04:02.887361,KXBTCD-25MAY2017-T106499.99,DELTA,63,1000,67,7,846,yes,41,-2000
2025-05-20T13:04:02.888339,KXBTCD-25MAY2017-T106499.99,DELTA,63,1000,67,7,847,yes,61,1250
2025-05-20T13:04:02.906963,KXBTCD-25MAY2017-T106499.99,DELTA,63,1000,67,7,848,no,4,-8100
2025-05-20T13:04:02.907618,KXBTCD-25MAY2017-T106499.99,DELTA,63,1000,67,7,849,no,6,5400
2025-05-20T13:04:02.927427,KXBTCD-25MAY2017-T106499.99,DELTA,63,1000,67,7,850,yes,61,2000
2025-05-20T13:04:03.031985,KXBTCD-25MAY2017-T106499.99,DELTA,63,1000,67,7,851,no,5,-20000
2025-05-20T13:04:03.032973,KXBTCD-25MAY2017-T106499.99,DELTA,63,1000,67,7,852,no,5,-2000
2025-05-20T13:04:03.033683,KXBTCD-25MAY2017-T106499.99,DELTA,63,1000,67,7,853,no,7,20000
2025-05-20T13:04:03.034140,KXBTCD-25MAY2017-T106499.99,DELTA,63,1000,67,7,854,no,7,2000
2025-05-20T13:04:03.088655,KXBTCD-25MAY2017-T106499.99,DELTA,63,1000,67,7,855,no,25,-1000
2025-05-20T13:04:03.147472,KXBTCD-25MAY2017-T106499.99,DELTA,63,1000,67,7,856,no,29,1000
2025-05-20T13:04:03.208942,KXBTCD-25MAY2017-T106499.99,DELTA,64,100,67,7,857,yes,64,100
2025-05-20T13:04:03.268642,KXBTCD-25MAY2017-T106499.99,DELTA,64,100,67,7,858,yes,63,-1000
2025-05-20T13:04:03.288056,KXBTCD-25MAY2017-T106499.99,DELTA,64,100,67,7,859,yes,60,-250
2025-05-20T13:04:03.309258,KXBTCD-25MAY2017-T106499.99,DELTA,64,100,67,7,860,yes,59,250
2025-05-20T13:04:03.347119,KXBTCD-25MAY2017-T106499.99,DELTA,64,100,67,7,861,yes,61,-2000
2025-05-20T13:04:03.348110,KXBTCD-25MAY2017-T106499.99,DELTA,65,1000,67,7,862,yes,65,1000
2025-05-20T13:04:03.348875,KXBTCD-25MAY2017-T106499.99,DELTA,65,1000,67,7,863,yes,61,-1250
2025-05-20T13:04:03.407516,KXBTCD-25MAY2017-T106499.99,DELTA,65,1000,67,7,864,yes,60,1250
2025-05-20T13:04:03.408498,KXBTCD-25MAY2017-T106499.99,DELTA,65,1000,67,7,865,yes,60,2000
2025-05-20T13:04:04.126298,KXBTCD-25MAY2017-T106499.99,DELTA,65,1000,67,7,866,yes,64,-100
2025-05-20T13:04:04.126637,KXBTCD-25MAY2017-T106499.99,DELTA,62,30,67,7,867,yes,65,-1000
2025-05-20T13:04:04.126984,KXBTCD-25MAY2017-T106499.99,DELTA,63,1000,67,7,868,yes,63,1000
2025-05-20T13:04:04.307236,KXBTCD-25MAY2017-T106499.99,DELTA,63,1000,67,7,869,no,29,-100
2025-05-20T13:04:04.367778,KXBTCD-25MAY2017-T106499.99,DELTA,63,1000,67,7,870,no,29,-1000
2025-05-20T13:04:04.427445,KXBTCD-25MAY2017-T106499.99,DELTA,63,1000,67,7,871,no,25,1000
2025-05-20T13:04:04.507539,KXBTCD-25MAY2017-T106499.99,DELTA,63,1000,68,500,872,no,33,-7
2025-05-20T13:04:04.508444,KXBTCD-25MAY2017-T106499.99,DELTA,63,1000,66,7,873,no,34,7
2025-05-20T13:04:05.126290,KXBTCD-25MAY2017-T106499.99,DELTA,63,1000,66,7,874,yes,62,100
2025-05-20T13:04:05.127131,KXBTCD-25MAY2017-T106499.99,DELTA,63,1000,66,7,875,no,30,100
2025-05-20T13:04:05.367028,KXBTCD-25MAY2017-T106499.99,DELTA,63,1000,66,7,876,no,6,-5400
2025-05-20T13:04:05.367293,KXBTCD-25MAY2017-T106499.99,DELTA,63,1000,66,7,877,no,7,4628
2025-05-20T13:04:05.426132,KXBTCD-25MAY2017-T106499.99,DELTA,63,1000,66,7,878,no,7,-20000
2025-05-20T13:04:05.426632,KXBTCD-25MAY2017-T106499.99,DELTA,63,1000,66,7,879,no,7,-2000
2025-05-20T13:04:05.467237,KXBTCD-25MAY2017-T106499.99,DELTA,63,1000,66,7,880,no,8,2000
2025-05-20T13:04:05.468181,KXBTCD-25MAY2017-T106499.99,DELTA,63,1000,66,7,881,no,8,20000
2025-05-20T13:04:06.768901,KXBTCD-25MAY2017-T106499.99,DELTA,63,1000,66,7,882,yes,62,-100
2025-05-20T13:04:06.938361,KXBTCD-25MAY2017-T106499.99,DELTA,63,1000,66,7,883,no,7,-4628
2025-05-20T13:04:06.939467,KXBTCD-25MAY2017-T106499.99,DELTA,63,1000,66,7,884,no,4,8100
2025-05-20T13:04:06.969509,KXBTCD-25MAY2017-T106499.99,DELTA,63,1000,66,7,885,no,8,-20000
2025-05-20T13:04:06.970479,KXBTCD-25MAY2017-T106499.99,DELTA,63,1000,66,7,886,no,8,-2000
2025-05-20T13:04:07.008779,KXBTCD-25MAY2017-T106499.99,DELTA,63,1000,66,7,887,no,5,20000
2025-05-20T13:04:07.009900,KXBTCD-25MAY2017-T106499.99,DELTA,63,1000,66,7,888,no,5,2000
2025-05-20T13:04:07.448562,KXBTCD-25MAY2017-T106499.99,DELTA,63,1100,66,7,889,yes,63,100
2025-05-20T13:04:07.507603,KXBTCD-25MAY2017-T106499.99,DELTA,63,100,66,7,890,yes,63,-1000
2025-05-20T13:04:07.567400,KXBTCD-25MAY2017-T106499.99,DELTA,64,1000,66,7,891,yes,64,1000
2025-05-20T13:04:07.749869,KXBTCD-25MAY2017-T106499.99,DELTA,64,1000,66,7,892,yes,59,-250
2025-05-20T13:04:07.750906,KXBTCD-25MAY2017-T106499.99,DELTA,64,1000,66,7,893,no,4,-8100
2025-05-20T13:04:07.751631,KXBTCD-25MAY2017-T106499.99,DELTA,64,1000,66,7,894,no,6,5400
2025-05-20T13:04:07.752284,KXBTCD-25MAY2017-T106499.99,DELTA,64,1000,66,7,895,yes,61,150
2025-05-20T13:04:07.752923,KXBTCD-25MAY2017-T106499.99,DELTA,64,1000,66,7,896,yes,60,-2000
2025-05-20T13:04:07.767140,KXBTCD-25MAY2017-T106499.99,DELTA,64,1000,66,7,897,yes,60,-1250
2025-05-20T13:04:07.787884,KXBTCD-25MAY2017-T106499.99,DELTA,64,1000,66,7,898,no,5,-20000
2025-05-20T13:04:07.808115,KXBTCD-25MAY2017-T106499.99,DELTA,64,1000,66,7,899,no,5,-2000
2025-05-20T13:04:07.808711,KXBTCD-25MAY2017-T106499.99,DELTA,64,1000,66,7,900,yes,62,2000
2025-05-20T13:04:07.828983,KXBTCD-25MAY2017-T106499.99,DELTA,64,1000,66,7,901,no,32,-500
2025-05-20T13:04:07.848542,KXBTCD-25MAY2017-T106499.99,DELTA,64,1000,66,7,902,no,7,2000
2025-05-20T13:04:07.849413,KXBTCD-25MAY2017-T106499.99,DELTA,64,1000,66,7,903,no,7,20000
2025-05-20T13:04:07.887903,KXBTCD-25MAY2017-T106499.99,DELTA,64,1000,66,7,904,no,30,500
2025-05-20T13:04:08.006915,KXBTCD-25MAY2017-T106499.99,DELTA,64,1000,66,7,905,no,30,-100
2025-05-20T13:04:08.049045,KXBTCD-25MAY2017-T106499.99,DELTA,64,1000,66,7,906,yes,61,-150
2025-05-20T13:04:08.067228,KXBTCD-25MAY2017-T106499.99,DELTA,64,1000,66,7,907,yes,63,50
2025-05-20T13:04:08.107945,KXBTCD-25MAY2017-T106499.99,DELTA,64,1000,66,7,908,yes,62,-2000
2025-05-20T13:04:08.127455,KXBTCD-25MAY2017-T106499.99,DELTA,64,1000,66,7,909,yes,63,-50
2025-05-20T13:04:08.147491,KXBTCD-25MAY2017-T106499.99,DELTA,64,3000,66,7,910,yes,64,2000
2025-05-20T13:04:08.148346,KXBTCD-25MAY2017-T106499.99,DELTA,64,3000,66,7,911,yes,62,150
2025-05-20T13:04:08.276533,KXBTCD-25MAY2017-T106499.99,DELTA,64,1000,66,7,912,yes,64,-2000
2025-05-20T13:04:08.277550,KXBTCD-25MAY2017-T106499.99,DELTA,64,1000,66,7,913,yes,63,-100
2025-05-20T13:04:08.278289,KXBTCD-25MAY2017-T106499.99,DELTA,64,1000,66,7,914,yes,63,2000
2025-05-20T13:04:08.278831,KXBTCD-25MAY2017-T106499.99,DELTA,63,2000,66,7,915,yes,64,-1000
2025-05-20T13:04:08.279297,KXBTCD-25MAY2017-T106499.99,DELTA,63,3000,66,7,916,yes,63,1000
2025-05-20T13:04:08.527577,KXBTCD-25MAY2017-T106499.99,DELTA,63,3000,66,7,917,no,6,-5400
2025-05-20T13:04:08.528267,KXBTCD-25MAY2017-T106499.99,DELTA,63,3000,66,7,918,no,7,4628
2025-05-20T13:04:08.580265,KXBTCD-25MAY2017-T106499.99,DELTA,63,3000,66,7,919,no,7,-20000
2025-05-20T13:04:08.595529,KXBTCD-25MAY2017-T106499.99,DELTA,63,3000,66,7,920,no,7,-2000
2025-05-20T13:04:08.627020,KXBTCD-25MAY2017-T106499.99,DELTA,63,3000,66,7,921,no,8,20000
2025-05-20T13:04:08.628001,KXBTCD-25MAY2017-T106499.99,DELTA,63,3000,66,7,922,no,8,2000
2025-05-20T13:04:08.796851,KXBTCD-25MAY2017-T106499.99,DELTA,63,3000,66,7,923,yes,62,-150
2025-05-20T13:04:08.798021,KXBTCD-25MAY2017-T106499.99,DELTA,63,3000,66,7,924,yes,61,250
2025-05-20T13:04:08.808056,KXBTCD-25MAY2017-T106499.99,DELTA,63,1000,66,7,925,yes,63,-2000
2025-05-20T13:04:08.829203,KXBTCD-25MAY2017-T106499.99,DELTA,63,1000,66,7,926,yes,62,1250
2025-05-20T13:04:08.860151,KXBTCD-25MAY2017-T106499.99,DELTA,63,1000,66,7,927,yes,62,2000
2025-05-20T13:04:08.947894,KXBTCD-25MAY2017-T106499.99,DELTA,64,100,66,7,928,yes,64,100
2025-05-20T13:04:08.948823,KXBTCD-25MAY2017-T106499.99,DELTA,64,100,66,7,929,no,28,100
2025-05-20T13:04:09.008479,KXBTCD-25MAY2017-T106499.99,DELTA,64,100,66,7,930,yes,63,-1000
2025-05-20T13:04:09.054981,KXBTCD-25MAY2017-T106499.99,DELTA,65,1000,66,7,931,yes,65,1000
2025-05-20T13:04:09.346836,KXBTCD-25MAY2017-T106499.99,DELTA,65,1000,66,7,932,no,7,-4628
2025-05-20T13:04:09.347593,KXBTCD-25MAY2017-T106499.99,DELTA,65,1000,66,7,933,no,4,8100
2025-05-20T13:04:09.408321,KXBTCD-25MAY2017-T106499.99,DELTA,65,1000,66,7,934,no,8,-20000
2025-05-20T13:04:09.409132,KXBTCD-25MAY2017-T106499.99,DELTA,65,1000,66,7,935,no,8,-2000
2025-05-20T13:04:09.447997,KXBTCD-25MAY2017-T106499.99,DELTA,65,1000,66,7,936,no,5,20000
2025-05-20T13:04:09.448808,KXBTCD-25MAY2017-T106499.99,DELTA,65,1000,66,7,937,no,5,2000
2025-05-20T13:04:09.849073,KXBTCD-25MAY2017-T106499.99,DELTA,65,1000,66,7,938,yes,11,-8000
2025-05-20T13:04:09.849975,KXBTCD-25MAY2017-T106499.99,DELTA,65,1000,66,7,939,yes,61,14
2025-05-20T13:04:09.850739,KXBTCD-25MAY2017-T106499.99,DELTA,65,1000,66,7,940,no,5,-2000
2025-05-20T13:04:09.851408,KXBTCD-25MAY2017-T106499.99,DELTA,65,1000,66,7,941,yes,62,-2000
2025-05-20T13:04:09.851899,KXBTCD-25MAY2017-T106499.99,DELTA,65,1000,66,7,942,no,25,-1000
2025-05-20T13:04:09.852325,KXBTCD-25MAY2017-T106499.99,DELTA,64,100,66,7,943,yes,65,-1000
2025-05-20T13:04:09.852691,KXBTCD-25MAY2017-T106499.99,DELTA,64,100,66,7,944,yes,62,-1250
2025-05-20T13:04:09.853016,KXBTCD-25MAY2017-T106499.99,DELTA,64,100,66,7,945,no,5,-20000
2025-05-20T13:04:09.853393,KXBTCD-25MAY2017-T106499.99,DELTA,64,100,66,7,946,yes,60,-14
2025-05-20T13:04:09.853803,KXBTCD-25MAY2017-T106499.99,DELTA,64,100,66,7,947,no,30,-14
2025-05-20T13:04:09.854188,KXBTCD-25MAY2017-T106499.99,DELTA,64,100,66,7,948,no,29,14
2025-05-20T13:04:09.854574,KXBTCD-25MAY2017-T106499.99,DELTA,64,100,66,7,949,yes,62,-30
2025-05-20T13:04:09.855137,KXBTCD-25MAY2017-T106499.99,DELTA,64,100,66,7,950,yes,40,-3000
2025-05-20T13:04:09.855648,KXBTCD-25MAY2017-T106499.99,DELTA,64,130,66,7,951,yes,64,30
2025-05-20T13:04:09.867650,KXBTCD-25MAY2017-T106499.99,DELTA,64,130,66,7,952,no,22,30
2025-05-20T13:04:09.868243,KXBTCD-25MAY2017-T106499.99,DELTA,64,130,66,7,953,no,24,-30
2025-05-20T13:04:09.868698,KXBTCD-25MAY2017-T106499.99,DELTA,64,130,66,7,954,yes,61,-250
2025-05-20T13:04:09.887857,KXBTCD-25MAY2017-T106499.99,DELTA,64,130,66,7,955,yes,14,8000
2025-05-20T13:04:09.888355,KXBTCD-25MAY2017-T106499.99,DELTA,64,130,66,7,956,yes,52,3000
2025-05-20T13:04:09.927181,KXBTCD-25MAY2017-T106499.99,DELTA,64,130,66,7,957,no,30,-500
2025-05-20T13:04:09.986980,KXBTCD-25MAY2017-T106499.99,DELTA,64,280,66,7,958,yes,64,150
2025-05-20T13:04:09.987727,KXBTCD-25MAY2017-T106499.99,DELTA,64,280,66,7,959,no,29,500
2025-05-20T13:04:10.067154,KXBTCD-25MAY2017-T106499.99,DELTA,64,280,66,7,960,yes,12,-2700
2025-05-20T13:04:10.067368,KXBTCD-25MAY2017-T106499.99,DELTA,64,280,66,7,961,yes,15,2160
2025-05-20T13:04:10.067493,KXBTCD-25MAY2017-T106499.99,DELTA,64,280,66,7,962,yes,14,-8000
2025-05-20T13:04:10.107511,KXBTCD-25MAY2017-T106499.99,DELTA,64,280,66,7,963,yes,63,14
2025-05-20T13:04:10.107898,KXBTCD-25MAY2017-T106499.99,DELTA,64,280,66,7,964,yes,61,-14
2025-05-20T13:04:10.108132,KXBTCD-25MAY2017-T106499.99,DELTA,64,280,66,7,965,no,27,14
2025-05-20T13:04:10.127358,KXBTCD-25MAY2017-T106499.99,DELTA,64,280,66,7,966,no,29,-500
2025-05-20T13:04:10.127741,KXBTCD-25MAY2017-T106499.99,DELTA,64,280,66,7,967,no,29,-14
2025-05-20T13:04:10.146833,KXBTCD-25MAY2017-T106499.99,DELTA,64,280,66,7,968,no,28,500
2025-05-20T13:04:10.267944,KXBTCD-25MAY2017-T106499.99,DELTA,64,280,66,7,969,yes,15,8000
2025-05-20T13:04:10.370448,KXBTCD-25MAY2017-T106499.99,DELTA,64,280,66,7,970,no,28,-100
2025-05-20T13:04:10.386375,KXBTCD-25MAY2017-T106499.99,DELTA,64,180,66,7,971,yes,64,-100
2025-05-20T13:04:10.446045,KXBTCD-25MAY2017-T106499.99,DELTA,64,150,66,7,972,yes,64,-30
2025-05-20T13:04:10.446720,KXBTCD-25MAY2017-T106499.99,DELTA,64,150,66,7,973,no,22,-30
2025-05-20T13:04:10.468278,KXBTCD-25MAY2017-T106499.99,DELTA,65,30,66,7,974,yes,65,30
2025-05-20T13:04:10.468937,KXBTCD-25MAY2017-T106499.99,DELTA,65,2030,66,7,975,yes,65,2000
2025-05-20T13:04:10.469426,KXBTCD-25MAY2017-T106499.99,DELTA,65,2030,66,7,976,no,20,30
2025-05-20T13:04:10.507303,KXBTCD-25MAY2017-T106499.99,DELTA,65,2030,66,7,977,no,23,1000
2025-05-20T13:04:10.567436,KXBTCD-25MAY2017-T106499.99,DELTA,65,2030,66,7,978,no,23,-1000
2025-05-20T13:04:10.627792,KXBTCD-25MAY2017-T106499.99,DELTA,65,2030,66,7,979,no,21,1000
2025-05-20T13:04:10.686306,KXBTCD-25MAY2017-T106499.99,DELTA,65,2030,66,7,980,yes,15,-8000
2025-05-20T13:04:10.706361,KXBTCD-25MAY2017-T106499.99,DELTA,65,2030,66,7,981,no,10,-3000
2025-05-20T13:04:10.706623,KXBTCD-25MAY2017-T106499.99,DELTA,65,2030,66,7,982,yes,64,-150
2025-05-20T13:04:10.726003,KXBTCD-25MAY2017-T106499.99,DELTA,65,2030,66,7,983,no,28,-500
2025-05-20T13:04:10.726849,KXBTCD-25MAY2017-T106499.99,DELTA,65,2030,73,14,984,no,34,-7
2025-05-20T13:04:10.727123,KXBTCD-25MAY2017-T106499.99,DELTA,66,993,73,14,985,yes,66,993
2025-05-20T13:04:10.746492,KXBTCD-25MAY2017-T106499.99,DELTA,66,993,73,14,986,yes,16,8000
2025-05-20T13:04:10.746881,KXBTCD-25MAY2017-T106499.99,DELTA,66,1143,73,14,987,yes,66,150
2025-05-20T13:04:10.767156,KXBTCD-25MAY2017-T106499.99,DELTA,66,1143,73,514,988,no,27,500
2025-05-20T13:04:10.787734,KXBTCD-25MAY2017-T106499.99,DELTA,66,1143,73,514,989,yes,65,-2000
2025-05-20T13:04:10.806035,KXBTCD-25MAY2017-T106499.99,DELTA,66,993,73,514,990,yes,66,-150
2025-05-20T13:04:10.894848,KXBTCD-25MAY2017-T106499.99,DELTA,65,30,73,514,991,yes,66,-993
2025-05-20T13:04:10.895853,KXBTCD-25MAY2017-T106499.99,DELTA,67,2000,73,514,992,yes,67,2000
2025-05-20T13:04:10.896413,KXBTCD-25MAY2017-T106499.99,DELTA,67,2000,73,514,993,yes,64,250
2025-05-20T13:04:10.907198,KXBTCD-25MAY2017-T106499.99,DELTA,67,2000,73,514,994,yes,66,1000
2025-05-20T13:04:10.926645,KXBTCD-25MAY2017-T106499.99,DELTA,66,1000,73,514,995,yes,67,-2000
2025-05-20T13:04:10.927341,KXBTCD-25MAY2017-T106499.99,DELTA,66,1000,73,514,996,no,5,3000
2025-05-20T13:04:10.927890,KXBTCD-25MAY2017-T106499.99,DELTA,66,1000,73,514,997,yes,65,1250
2025-05-20T13:04:10.975628,KXBTCD-25MAY2017-T106499.99,DELTA,66,1000,73,514,998,yes,65,2000
2025-05-20T13:04:11.330434,KXBTCD-25MAY2017-T106499.99,DELTA,67,100,73,514,999,yes,67,100
2025-05-20T13:04:11.417887,KXBTCD-25MAY2017-T106499.99,DELTA,67,100,73,514,1000,no,25,100
2025-05-20T13:04:11.418581,KXBTCD-25MAY2017-T106499.99,DELTA,67,100,73,514,1001,yes,66,-1000
2025-05-20T13:04:11.427246,KXBTCD-25MAY2017-T106499.99,DELTA,68,1000,73,514,1002,yes,68,1000
2025-05-20T13:04:11.486325,KXBTCD-25MAY2017-T106499.99,DELTA,68,1000,73,514,1003,no,25,-100
2025-05-20T13:04:12.529602,KXBTCD-25MAY2017-T106499.99,DELTA,68,1000,73,514,1004,yes,15,-2160
2025-05-20T13:04:12.530688,KXBTCD-25MAY2017-T106499.99,DELTA,68,1000,73,514,1005,yes,17,1905
2025-05-20T13:04:12.587408,KXBTCD-25MAY2017-T106499.99,DELTA,68,1000,73,514,1006,no,4,-8100
2025-05-20T13:04:12.588381,KXBTCD-25MAY2017-T106499.99,DELTA,68,1000,73,514,1007,no,5,6480
2025-05-20T13:04:12.647535,KXBTCD-25MAY2017-T106499.99,DELTA,68,1000,73,514,1008,no,6,1250
2025-05-20T13:04:12.748130,KXBTCD-25MAY2017-T106499.99,DELTA,68,1000,73,514,1009,no,26,100
2025-05-20T13:04:12.827066,KXBTCD-25MAY2017-T106499.99,DELTA,68,1000,73,514,1010,yes,64,-250
2025-05-20T13:04:12.845998,KXBTCD-25MAY2017-T106499.99,DELTA,68,1000,73,514,1011,yes,66,150
2025-05-20T13:04:12.887043,KXBTCD-25MAY2017-T106499.99,DELTA,68,1000,73,514,1012,yes,65,-2000
2025-05-20T13:04:12.887237,KXBTCD-25MAY2017-T106499.99,DELTA,68,1000,73,514,1013,yes,65,-1250
2025-05-20T13:04:12.992628,KXBTCD-25MAY2017-T106499.99,DELTA,68,1000,73,514,1014,no,6,2000
2025-05-20T13:04:12.993265,KXBTCD-25MAY2017-T106499.99,DELTA,68,1000,73,514,1015,no,6,20000
2025-05-20T13:04:12.993725,KXBTCD-25MAY2017-T106499.99,DELTA,68,1000,73,514,1016,yes,66,-150
2025-05-20T13:04:12.993943,KXBTCD-25MAY2017-T106499.99,DELTA,68,1000,73,514,1017,yes,67,2000
2025-05-20T13:04:12.994137,KXBTCD-25MAY2017-T106499.99,DELTA,68,1000,73,514,1018,yes,65,250
2025-05-20T13:04:12.994335,KXBTCD-25MAY2017-T106499.99,DELTA,68,1000,73,514,1019,yes,67,-2000
2025-05-20T13:04:13.007042,KXBTCD-25MAY2017-T106499.99,DELTA,68,1000,73,514,1020,yes,66,1250
2025-05-20T13:04:13.045964,KXBTCD-25MAY2017-T106499.99,DELTA,68,1000,73,514,1021,yes,66,2000
2025-05-20T13:04:14.160004,KXBTCD-25MAY2017-T106499.99,DELTA,68,1000,73,514,1022,no,5,-6480
2025-05-20T13:04:14.160304,KXBTCD-25MAY2017-T106499.99,DELTA,68,1000,73,514,1023,no,3,10800
2025-05-20T13:04:14.207271,KXBTCD-25MAY2017-T106499.99,DELTA,68,1000,73,514,1024,no,6,-20000
2025-05-20T13:04:14.207834,KXBTCD-25MAY2017-T106499.99,DELTA,68,1000,73,514,1025,no,6,-2000
2025-05-20T13:04:14.228191,KXBTCD-25MAY2017-T106499.99,DELTA,68,1000,73,514,1026,no,6,-1250
2025-05-20T13:04:14.268012,KXBTCD-25MAY2017-T106499.99,DELTA,68,1000,73,514,1027,no,4,2000
2025-05-20T13:04:14.268892,KXBTCD-25MAY2017-T106499.99,DELTA,68,1000,73,514,1028,no,4,20000
2025-05-20T13:04:15.148053,KXBTCD-25MAY2017-T106499.99,DELTA,68,1000,73,14,1029,no,27,-500
2025-05-20T13:04:15.188562,KXBTCD-25MAY2017-T106499.99,DELTA,68,1000,73,14,1030,no,26,500
2025-05-20T13:04:15.267400,KXBTCD-25MAY2017-T106499.99,DELTA,68,1000,73,14,1031,no,22,9
2025-05-20T13:04:15.426644,KXBTCD-25MAY2017-T106499.99,DELTA,68,1000,73,14,1032,no,26,-500
2025-05-20T13:04:15.447429,KXBTCD-25MAY2017-T106499.99,DELTA,68,1000,72,500,1033,no,28,500
2025-05-20T13:04:15.685916,KXBTCD-25MAY2017-T106499.99,DELTA,68,1000,73,14,1034,no,28,-500
2025-05-20T13:04:15.706721,KXBTCD-25MAY2017-T106499.99,DELTA,68,1000,73,514,1035,no,27,500
2025-05-20T13:04:16.211174,KXBTCD-25MAY2017-T106499.99,DELTA,68,1000,73,514,1036,no,4,1250
2025-05-20T13:04:16.887796,KXBTCD-25MAY2017-T106499.99,DELTA,68,1000,73,514,1037,yes,16,-8000
2025-05-20T13:04:16.925631,KXBTCD-25MAY2017-T106499.99,DELTA,68,1000,73,514,1038,no,21,-1000
2025-05-20T13:04:16.927119,KXBTCD-25MAY2017-T106499.99,DELTA,68,1000,73,514,1039,yes,20,8000
2025-05-20T13:04:16.967803,KXBTCD-25MAY2017-T106499.99,DELTA,68,1000,73,514,1040,no,21,1000
2025-05-20T13:04:16.968499,KXBTCD-25MAY2017-T106499.99,DELTA,68,1000,73,514,1041,yes,65,-250
2025-05-20T13:04:16.986743,KXBTCD-25MAY2017-T106499.99,DELTA,68,1000,73,14,1042,no,27,-500
2025-05-20T13:04:17.026271,KXBTCD-25MAY2017-T106499.99,DELTA,68,1000,73,14,1043,yes,66,-2000
2025-05-20T13:04:17.027203,KXBTCD-25MAY2017-T106499.99,DELTA,68,1000,73,14,1044,yes,67,150
2025-05-20T13:04:17.027848,KXBTCD-25MAY2017-T106499.99,DELTA,68,1000,73,14,1045,yes,66,-1250
2025-05-20T13:04:17.028384,KXBTCD-25MAY2017-T106499.99,DELTA,68,1000,73,14,1046,no,26,500
2025-05-20T13:04:17.067291,KXBTCD-25MAY2017-T106499.99,DELTA,68,1000,73,14,1047,yes,67,-150
2025-05-20T13:04:17.068077,KXBTCD-25MAY2017-T106499.99,DELTA,68,1000,73,14,1048,yes,41,2000
2025-05-20T13:04:17.087553,KXBTCD-25MAY2017-T106499.99,DELTA,68,2250,73,14,1049,yes,68,1250
2025-05-20T13:04:17.088299,KXBTCD-25MAY2017-T106499.99,DELTA,68,2250,73,14,1050,yes,67,50
2025-05-20T13:04:17.190093,KXBTCD-25MAY2017-T106499.99,DELTA,68,1000,73,14,1051,yes,68,-1250
2025-05-20T13:04:17.190999,KXBTCD-25MAY2017-T106499.99,DELTA,68,1000,73,14,1052,yes,41,-2000
2025-05-20T13:04:17.191613,KXBTCD-25MAY2017-T106499.99,DELTA,68,3000,73,14,1053,yes,68,2000
2025-05-20T13:04:17.208700,KXBTCD-25MAY2017-T106499.99,DELTA,68,3000,73,14,1054,yes,67,-50
2025-05-20T13:04:17.231822,KXBTCD-25MAY2017-T106499.99,DELTA,68,3000,73,14,1055,yes,66,250
2025-05-20T13:04:17.246920,KXBTCD-25MAY2017-T106499.99,DELTA,68,1000,73,14,1056,yes,68,-2000
2025-05-20T13:04:17.287821,KXBTCD-25MAY2017-T106499.99,DELTA,68,1000,73,14,1057,yes,67,1250
2025-05-20T13:04:17.288717,KXBTCD-25MAY2017-T106499.99,DELTA,68,1000,73,14,1058,yes,67,2000
2025-05-20T13:04:17.307734,KXBTCD-25MAY2017-T106499.99,DELTA,68,1000,73,14,1059,no,22,-9
2025-05-20T13:04:19.307375,KXBTCD-25MAY2017-T106499.99,DELTA,68,1000,73,14,1060,yes,17,-1905
2025-05-20T13:04:19.308494,KXBTCD-25MAY2017-T106499.99,DELTA,68,1000,73,14,1061,yes,21,1542
2025-05-20T13:04:19.347504,KXBTCD-25MAY2017-T106499.99,DELTA,68,1000,73,14,1062,no,3,-10800
2025-05-20T13:04:19.348100,KXBTCD-25MAY2017-T106499.99,DELTA,68,1000,73,14,1063,no,1,32400
2025-05-20T13:04:19.408612,KXBTCD-25MAY2017-T106499.99,DELTA,68,1000,73,14,1064,no,4,-20000
2025-05-20T13:04:19.427255,KXBTCD-25MAY2017-T106499.99,DELTA,68,1000,73,14,1065,no,4,-2000
2025-05-20T13:04:19.428038,KXBTCD-25MAY2017-T106499.99,DELTA,68,1000,73,14,1066,no,4,-1250
2025-05-20T13:04:19.467484,KXBTCD-25MAY2017-T106499.99,DELTA,68,1000,73,14,1067,no,2,2000
2025-05-20T13:04:19.468268,KXBTCD-25MAY2017-T106499.99,DELTA,68,1000,73,14,1068,no,2,20000
2025-05-20T13:04:20.919438,KXBTCD-25MAY2017-T106499.99,DELTA,68,1000,73,14,1069,no,1,-32400
2025-05-20T13:04:20.920627,KXBTCD-25MAY2017-T106499.99,DELTA,68,1000,73,14,1070,no,2,16200
2025-05-20T13:04:20.928264,KXBTCD-25MAY2017-T106499.99,DELTA,68,1000,73,14,1071,no,2,-20000
2025-05-20T13:04:20.949007,KXBTCD-25MAY2017-T106499.99,DELTA,68,1000,73,14,1072,no,2,-2000
2025-05-20T13:04:20.988129,KXBTCD-25MAY2017-T106499.99,DELTA,68,1000,73,14,1073,no,3,2000
2025-05-20T13:04:21.008631,KXBTCD-25MAY2017-T106499.99,DELTA,68,1000,73,14,1074,no,3,20000
2025-05-20T13:04:21.688213,KXBTCD-25MAY2017-T106499.99,DELTA,68,1000,73,14,1075,no,2,-16200
2025-05-20T13:04:21.689242,KXBTCD-25MAY2017-T106499.99,DELTA,68,1000,73,14,1076,no,1,32400
2025-05-20T13:04:21.789328,KXBTCD-25MAY2017-T106499.99,DELTA,68,1000,73,14,1077,no,3,-20000
2025-05-20T13:04:21.807798,KXBTCD-25MAY2017-T106499.99,DELTA,68,1000,73,14,1078,no,3,-2000
2025-05-20T13:04:21.906094,KXBTCD-25MAY2017-T106499.99,DELTA,68,1000,73,14,1079,no,2,20000
2025-05-20T13:04:21.906995,KXBTCD-25MAY2017-T106499.99,DELTA,68,1000,73,14,1080,no,2,2000
2025-05-20T13:04:22.508146,KXBTCD-25MAY2017-T106499.99,DELTA,68,1000,73,14,1081,no,1,-32400
2025-05-20T13:04:22.509301,KXBTCD-25MAY2017-T106499.99,DELTA,68,1000,73,14,1082,no,2,16200
2025-05-20T13:04:22.588395,KXBTCD-25MAY2017-T106499.99,DELTA,68,1000,73,14,1083,no,2,-20000
2025-05-20T13:04:22.688288,KXBTCD-25MAY2017-T106499.99,DELTA,68,1000,73,14,1084,no,2,-2000
2025-05-20T13:04:22.808430,KXBTCD-25MAY2017-T106499.99,DELTA,68,1000,73,14,1085,no,3,2000
2025-05-20T13:04:22.809813,KXBTCD-25MAY2017-T106499.99,DELTA,68,1000,73,14,1086,no,3,20000
2025-05-20T13:04:23.307930,KXBTCD-25MAY2017-T106499.99,DELTA,68,1000,73,14,1087,no,2,-16200
2025-05-20T13:04:23.308854,KXBTCD-25MAY2017-T106499.99,DELTA,68,1000,73,14,1088,no,1,32400
