timestamp,market_ticker,type,yes_bid_price_cents,yes_bid_qty,yes_ask_price_cents,yes_ask_qty_on_no_side,sequence_num,delta_side,delta_price_cents,delta_quantity
2025-05-20T11:01:04.499226,KXBTCD-25MAY2015-T106249.99,SNAPSHOT,44,5000,50,1000,1,,,
2025-05-20T11:01:04.584759,KXBTCD-25MAY2015-T106249.99,DELTA,44,5000,50,1000,2,yes,17,-2000
2025-05-20T11:01:04.585864,KXBTCD-25MAY2015-T106249.99,DELTA,44,5000,50,1000,3,yes,17,-1000
2025-05-20T11:01:04.624101,KXBTCD-25MAY2015-T106249.99,DELTA,44,5000,50,1000,4,yes,18,1000
2025-05-20T11:01:04.624831,KXBTCD-25MAY2015-T106249.99,DELTA,44,5000,50,1000,5,yes,18,2000
2025-05-20T11:01:05.352312,KXBTCD-25MAY2015-T106249.99,DELTA,44,5000,50,1000,6,yes,43,100
2025-05-20T11:01:05.443874,KXBTCD-25MAY2015-T106249.99,DELTA,44,5000,50,1000,7,yes,43,-100
2025-05-20T11:01:05.463361,KXBTCD-25MAY2015-T106249.99,DELTA,44,5000,50,1000,8,yes,17,-1905
2025-05-20T11:01:05.463835,KXBTCD-25MAY2015-T106249.99,DELTA,44,5000,50,1000,9,yes,4,8100
2025-05-20T11:01:05.523406,KXBTCD-25MAY2015-T106249.99,DELTA,44,5000,50,1000,10,yes,18,-2000
2025-05-20T11:01:05.523730,KXBTCD-25MAY2015-T106249.99,DELTA,44,5000,50,1000,11,yes,18,-1000
2025-05-20T11:01:05.523888,KXBTCD-25MAY2015-T106249.99,DELTA,44,5000,50,1000,12,yes,5,20000
2025-05-20T11:01:05.568658,KXBTCD-25MAY2015-T106249.99,DELTA,44,5000,50,1000,13,yes,5,2000
2025-05-20T11:01:05.569320,KXBTCD-25MAY2015-T106249.99,DELTA,44,5000,50,1000,14,yes,5,1000
2025-05-20T11:01:06.373395,KXBTCD-25MAY2015-T106249.99,DELTA,44,5000,50,1000,15,yes,43,100
2025-05-20T11:01:06.424360,KXBTCD-25MAY2015-T106249.99,DELTA,44,5000,50,1000,16,yes,4,-8100
2025-05-20T11:01:06.425268,KXBTCD-25MAY2015-T106249.99,DELTA,44,5000,50,1000,17,yes,6,5400
2025-05-20T11:01:06.463349,KXBTCD-25MAY2015-T106249.99,DELTA,44,5000,50,1000,18,yes,43,-100
2025-05-20T11:01:06.483190,KXBTCD-25MAY2015-T106249.99,DELTA,44,5000,50,1000,19,yes,5,-20000
2025-05-20T11:01:06.483419,KXBTCD-25MAY2015-T106249.99,DELTA,44,5000,50,1000,20,yes,5,-2000
2025-05-20T11:01:06.503043,KXBTCD-25MAY2015-T106249.99,DELTA,44,5000,50,1000,21,yes,5,-1000
2025-05-20T11:01:06.543450,KXBTCD-25MAY2015-T106249.99,DELTA,44,5000,50,1000,22,yes,7,1000
2025-05-20T11:01:06.543633,KXBTCD-25MAY2015-T106249.99,DELTA,44,5000,50,1000,23,yes,7,20000
2025-05-20T11:01:06.543746,KXBTCD-25MAY2015-T106249.99,DELTA,44,5000,50,1000,24,yes,7,2000
2025-05-20T11:01:07.600829,KXBTCD-25MAY2015-T106249.99,DELTA,44,5000,50,1000,25,yes,6,-5400
2025-05-20T11:01:07.602234,KXBTCD-25MAY2015-T106249.99,DELTA,44,5000,50,1000,26,yes,8,4050
2025-05-20T11:01:07.662262,KXBTCD-25MAY2015-T106249.99,DELTA,44,5000,50,1000,27,yes,7,-20000
2025-05-20T11:01:07.705035,KXBTCD-25MAY2015-T106249.99,DELTA,44,5000,50,1000,28,yes,7,-2000
2025-05-20T11:01:07.805711,KXBTCD-25MAY2015-T106249.99,DELTA,44,5100,50,1000,29,yes,44,100
2025-05-20T11:01:07.807213,KXBTCD-25MAY2015-T106249.99,DELTA,44,5100,50,1000,30,yes,7,-1000
2025-05-20T11:01:07.924122,KXBTCD-25MAY2015-T106249.99,DELTA,44,5100,50,1000,31,yes,9,1000
2025-05-20T11:01:07.925023,KXBTCD-25MAY2015-T106249.99,DELTA,44,5100,50,1000,32,yes,9,20000
2025-05-20T11:01:08.116796,KXBTCD-25MAY2015-T106249.99,DELTA,44,5100,50,1000,33,yes,9,2000
2025-05-20T11:01:08.121947,KXBTCD-25MAY2015-T106249.99,DELTA,44,100,50,1000,34,yes,44,-5000
2025-05-20T11:01:08.347944,KXBTCD-25MAY2015-T106249.99,DELTA,44,100,50,1000,35,no,47,-5000
2025-05-20T11:01:08.428226,KXBTCD-25MAY2015-T106249.99,DELTA,45,5000,50,1000,36,yes,45,5000
2025-05-20T11:01:08.709935,KXBTCD-25MAY2015-T106249.99,DELTA,45,5000,50,1000,37,yes,23,9
2025-05-20T11:01:08.827865,KXBTCD-25MAY2015-T106249.99,DELTA,45,5000,50,1000,38,no,46,5000
2025-05-20T11:01:08.828771,KXBTCD-25MAY2015-T106249.99,DELTA,45,5000,50,1000,39,no,49,-100
2025-05-20T11:01:08.830175,KXBTCD-25MAY2015-T106249.99,DELTA,45,5000,50,1000,40,yes,8,-4050
2025-05-20T11:01:08.830733,KXBTCD-25MAY2015-T106249.99,DELTA,45,5000,50,1000,41,yes,10,3240
2025-05-20T11:01:08.927737,KXBTCD-25MAY2015-T106249.99,DELTA,45,5000,50,1000,42,no,48,-20000
2025-05-20T11:01:08.929392,KXBTCD-25MAY2015-T106249.99,DELTA,45,5000,50,1000,43,yes,44,-100
2025-05-20T11:01:09.024002,KXBTCD-25MAY2015-T106249.99,DELTA,45,5000,50,1000,44,no,48,-2000
2025-05-20T11:01:09.124341,KXBTCD-25MAY2015-T106249.99,DELTA,45,5000,50,1000,45,no,48,-1250
2025-05-20T11:01:09.508831,KXBTCD-25MAY2015-T106249.99,DELTA,45,5000,50,1000,46,yes,9,-20000
2025-05-20T11:01:09.726030,KXBTCD-25MAY2015-T106249.99,DELTA,45,5000,50,1000,47,yes,9,-2000
2025-05-20T11:01:09.824622,KXBTCD-25MAY2015-T106249.99,DELTA,45,5000,50,1000,48,yes,9,-1000
2025-05-20T11:01:09.937843,KXBTCD-25MAY2015-T106249.99,DELTA,45,5000,54,5000,49,no,50,-1000
2025-05-20T11:01:10.023998,KXBTCD-25MAY2015-T106249.99,DELTA,45,5000,54,5000,50,yes,11,20000
2025-05-20T11:01:10.024454,KXBTCD-25MAY2015-T106249.99,DELTA,45,5000,54,5000,51,yes,11,1000
2025-05-20T11:01:10.024884,KXBTCD-25MAY2015-T106249.99,DELTA,45,5000,54,5000,52,yes,11,2000
2025-05-20T11:01:10.084224,KXBTCD-25MAY2015-T106249.99,DELTA,45,5000,53,1000,53,no,47,1000
2025-05-20T11:01:10.364978,KXBTCD-25MAY2015-T106249.99,DELTA,45,5000,53,1000,54,yes,44,100
2025-05-20T11:01:10.366233,KXBTCD-25MAY2015-T106249.99,DELTA,45,5000,52,100,55,no,48,100
2025-05-20T11:01:10.468546,KXBTCD-25MAY2015-T106249.99,DELTA,45,5000,52,100,56,no,47,20000
2025-05-20T11:01:10.503850,KXBTCD-25MAY2015-T106249.99,DELTA,45,5000,52,100,57,no,47,2000
2025-05-20T11:01:10.504360,KXBTCD-25MAY2015-T106249.99,DELTA,45,5000,52,100,58,no,47,1250
2025-05-20T11:01:10.584932,KXBTCD-25MAY2015-T106249.99,DELTA,45,5000,52,100,59,yes,23,-9
2025-05-20T11:01:10.624637,KXBTCD-25MAY2015-T106249.99,DELTA,45,5000,52,100,60,yes,44,-100
2025-05-20T11:01:10.664421,KXBTCD-25MAY2015-T106249.99,DELTA,45,5000,52,100,61,no,47,-1000
2025-05-20T11:01:10.825983,KXBTCD-25MAY2015-T106249.99,DELTA,45,5000,51,1000,62,no,49,1000
2025-05-20T11:01:11.596593,KXBTCD-25MAY2015-T106249.99,DELTA,45,5100,51,1000,63,yes,45,100
2025-05-20T11:01:12.126474,KXBTCD-25MAY2015-T106249.99,DELTA,45,5100,51,1000,64,yes,10,-3240
2025-05-20T11:01:12.127371,KXBTCD-25MAY2015-T106249.99,DELTA,45,5100,51,1000,65,yes,12,2700
2025-05-20T11:01:12.224747,KXBTCD-25MAY2015-T106249.99,DELTA,45,5100,51,1000,66,yes,11,-20000
2025-05-20T11:01:12.225845,KXBTCD-25MAY2015-T106249.99,DELTA,45,5100,51,1000,67,yes,11,-2000
2025-05-20T11:01:12.243877,KXBTCD-25MAY2015-T106249.99,DELTA,45,5100,51,1000,68,yes,11,-1000
2025-05-20T11:01:12.285499,KXBTCD-25MAY2015-T106249.99,DELTA,45,5100,51,1000,69,yes,13,2000
2025-05-20T11:01:12.286383,KXBTCD-25MAY2015-T106249.99,DELTA,45,5100,51,1000,70,yes,13,1000
2025-05-20T11:01:13.677788,KXBTCD-25MAY2015-T106249.99,DELTA,45,100,51,1000,71,yes,45,-5000
2025-05-20T11:01:13.910265,KXBTCD-25MAY2015-T106249.99,DELTA,45,100,51,1000,72,no,46,-5000
2025-05-20T11:01:13.915812,KXBTCD-25MAY2015-T106249.99,DELTA,45,100,51,1000,73,yes,44,5000
2025-05-20T11:01:13.918845,KXBTCD-25MAY2015-T106249.99,DELTA,45,100,51,1000,74,yes,23,9
2025-05-20T11:01:14.495629,KXBTCD-25MAY2015-T106249.99,DELTA,45,100,51,1000,75,yes,12,-2700
2025-05-20T11:01:14.496836,KXBTCD-25MAY2015-T106249.99,DELTA,45,100,51,1000,76,yes,14,2314
2025-05-20T11:01:14.497904,KXBTCD-25MAY2015-T106249.99,DELTA,45,100,51,1000,77,no,47,5000
2025-05-20T11:01:14.645649,KXBTCD-25MAY2015-T106249.99,DELTA,45,100,51,1000,78,no,47,-20000
2025-05-20T11:01:14.646193,KXBTCD-25MAY2015-T106249.99,DELTA,45,100,51,1000,79,no,47,-2000
2025-05-20T11:01:14.668144,KXBTCD-25MAY2015-T106249.99,DELTA,45,100,51,1000,80,no,47,-1250
2025-05-20T11:01:14.861897,KXBTCD-25MAY2015-T106249.99,DELTA,45,100,51,1000,81,yes,13,-2000
2025-05-20T11:01:14.862196,KXBTCD-25MAY2015-T106249.99,DELTA,45,100,51,1000,82,yes,13,-1000
2025-05-20T11:01:15.177670,KXBTCD-25MAY2015-T106249.99,DELTA,45,100,51,1000,83,yes,14,-2314
2025-05-20T11:01:15.178606,KXBTCD-25MAY2015-T106249.99,DELTA,45,100,51,1000,84,yes,4,8100
2025-05-20T11:01:15.765363,KXBTCD-25MAY2015-T106249.99,DELTA,45,100,51,1000,85,yes,44,-5000
2025-05-20T11:01:15.766537,KXBTCD-25MAY2015-T106249.99,DELTA,45,100,51,1000,86,yes,43,5000
2025-05-20T11:01:15.767141,KXBTCD-25MAY2015-T106249.99,DELTA,45,100,51,1000,87,no,47,-5000
2025-05-20T11:01:15.767840,KXBTCD-25MAY2015-T106249.99,DELTA,45,100,51,1000,88,no,48,5000
2025-05-20T11:01:15.864272,KXBTCD-25MAY2015-T106249.99,DELTA,45,100,51,1000,89,yes,23,-9
2025-05-20T11:01:15.888241,KXBTCD-25MAY2015-T106249.99,DELTA,45,100,51,1000,90,no,48,-5000
2025-05-20T11:01:15.889099,KXBTCD-25MAY2015-T106249.99,DELTA,45,100,51,1000,91,no,47,5000
2025-05-20T11:01:15.889800,KXBTCD-25MAY2015-T106249.99,DELTA,45,100,51,1000,92,yes,43,-5000
2025-05-20T11:01:15.890322,KXBTCD-25MAY2015-T106249.99,DELTA,45,100,51,1000,93,yes,44,5000
2025-05-20T11:01:16.143865,KXBTCD-25MAY2015-T106249.99,DELTA,45,100,51,1000,94,no,48,2000
2025-05-20T11:01:16.144688,KXBTCD-25MAY2015-T106249.99,DELTA,45,100,51,1000,95,yes,5,20000
2025-05-20T11:01:16.145274,KXBTCD-25MAY2015-T106249.99,DELTA,45,100,51,1000,96,no,48,1250
2025-05-20T11:01:16.145745,KXBTCD-25MAY2015-T106249.99,DELTA,45,100,51,1000,97,yes,5,2000
2025-05-20T11:01:16.146127,KXBTCD-25MAY2015-T106249.99,DELTA,45,100,51,1000,98,no,48,20000
2025-05-20T11:01:16.146793,KXBTCD-25MAY2015-T106249.99,DELTA,45,100,51,1000,99,yes,5,1000
2025-05-20T11:01:16.504321,KXBTCD-25MAY2015-T106249.99,DELTA,45,100,51,1000,100,yes,44,-5000
2025-05-20T11:01:16.505241,KXBTCD-25MAY2015-T106249.99,DELTA,45,100,51,1000,101,yes,43,5000
2025-05-20T11:01:16.506191,KXBTCD-25MAY2015-T106249.99,DELTA,45,100,51,1000,102,no,47,-5000
2025-05-20T11:01:16.506798,KXBTCD-25MAY2015-T106249.99,DELTA,45,100,51,1000,103,no,48,5000
2025-05-20T11:01:16.585336,KXBTCD-25MAY2015-T106249.99,DELTA,45,100,51,1000,104,no,48,-20000
2025-05-20T11:01:16.585584,KXBTCD-25MAY2015-T106249.99,DELTA,45,100,51,1000,105,no,48,-2000
2025-05-20T11:01:16.604572,KXBTCD-25MAY2015-T106249.99,DELTA,45,100,51,1000,106,no,48,-1250
2025-05-20T11:01:16.644171,KXBTCD-25MAY2015-T106249.99,DELTA,45,100,51,2250,107,no,49,1250
2025-05-20T11:01:16.644346,KXBTCD-25MAY2015-T106249.99,DELTA,45,100,51,22250,108,no,49,20000
2025-05-20T11:01:16.644434,KXBTCD-25MAY2015-T106249.99,DELTA,45,100,51,24250,109,no,49,2000
2025-05-20T11:01:16.863801,KXBTCD-25MAY2015-T106249.99,DELTA,45,100,51,24250,110,yes,4,-8100
2025-05-20T11:01:16.864156,KXBTCD-25MAY2015-T106249.99,DELTA,45,100,51,24250,111,yes,6,5400
2025-05-20T11:01:16.924844,KXBTCD-25MAY2015-T106249.99,DELTA,45,100,51,24250,112,yes,5,-20000
2025-05-20T11:01:16.943509,KXBTCD-25MAY2015-T106249.99,DELTA,43,5000,51,24250,113,yes,45,-100
2025-05-20T11:01:16.943676,KXBTCD-25MAY2015-T106249.99,DELTA,43,5000,51,24250,114,yes,5,-2000
2025-05-20T11:01:16.943786,KXBTCD-25MAY2015-T106249.99,DELTA,43,5000,51,24250,115,yes,5,-1000
2025-05-20T11:01:17.003072,KXBTCD-25MAY2015-T106249.99,DELTA,43,5000,51,24250,116,yes,7,20000
2025-05-20T11:01:17.003302,KXBTCD-25MAY2015-T106249.99,DELTA,43,5000,51,24250,117,yes,7,1000
2025-05-20T11:01:17.024485,KXBTCD-25MAY2015-T106249.99,DELTA,43,5000,51,24250,118,yes,7,2000
2025-05-20T11:01:17.344928,KXBTCD-25MAY2015-T106249.99,DELTA,43,5000,51,24250,119,no,48,-100
2025-05-20T11:01:17.843256,KXBTCD-25MAY2015-T106249.99,DELTA,43,5000,51,24250,120,yes,6,-5400
2025-05-20T11:01:17.844328,KXBTCD-25MAY2015-T106249.99,DELTA,43,5000,51,24250,121,yes,8,4050
2025-05-20T11:01:18.149271,KXBTCD-25MAY2015-T106249.99,DELTA,43,5000,51,24250,122,yes,7,-20000
2025-05-20T11:01:18.150381,KXBTCD-25MAY2015-T106249.99,DELTA,43,5000,51,24250,123,yes,7,-2000
2025-05-20T11:01:18.151125,KXBTCD-25MAY2015-T106249.99,DELTA,43,5000,51,24250,124,yes,7,-1000
2025-05-20T11:01:18.151749,KXBTCD-25MAY2015-T106249.99,DELTA,43,5100,51,24250,125,yes,43,100
2025-05-20T11:01:18.152320,KXBTCD-25MAY2015-T106249.99,DELTA,43,5100,51,24350,126,no,49,100
2025-05-20T11:01:18.225013,KXBTCD-25MAY2015-T106249.99,DELTA,43,5100,51,24350,127,yes,9,1000
2025-05-20T11:01:18.225707,KXBTCD-25MAY2015-T106249.99,DELTA,43,5100,51,24350,128,yes,9,20000
2025-05-20T11:01:18.226069,KXBTCD-25MAY2015-T106249.99,DELTA,43,5100,51,24350,129,yes,9,2000
2025-05-20T11:01:18.226319,KXBTCD-25MAY2015-T106249.99,DELTA,43,5100,51,23350,130,no,49,-1000
2025-05-20T11:01:18.263618,KXBTCD-25MAY2015-T106249.99,DELTA,43,5100,50,1000,131,no,50,1000
2025-05-20T11:01:18.904533,KXBTCD-25MAY2015-T106249.99,DELTA,43,100,50,1000,132,yes,43,-5000
2025-05-20T11:01:18.905742,KXBTCD-25MAY2015-T106249.99,DELTA,43,100,50,1000,133,yes,42,5000
2025-05-20T11:01:18.924886,KXBTCD-25MAY2015-T106249.99,DELTA,43,100,50,1000,134,no,26,-3000
2025-05-20T11:01:18.943601,KXBTCD-25MAY2015-T106249.99,DELTA,43,100,50,1000,135,no,48,-5000
2025-05-20T11:01:18.944400,KXBTCD-25MAY2015-T106249.99,DELTA,43,100,50,1000,136,no,49,5000
2025-05-20T11:01:19.004249,KXBTCD-25MAY2015-T106249.99,DELTA,43,100,50,1000,137,no,33,3000
2025-05-20T11:01:19.124440,KXBTCD-25MAY2015-T106249.99,DELTA,43,100,50,1000,138,no,49,-20000
2025-05-20T11:01:19.126267,KXBTCD-25MAY2015-T106249.99,DELTA,43,100,50,1000,139,no,49,-2000
2025-05-20T11:01:19.144073,KXBTCD-25MAY2015-T106249.99,DELTA,43,100,50,1000,140,no,49,-1250
2025-05-20T11:01:19.225031,KXBTCD-25MAY2015-T106249.99,DELTA,43,100,50,3000,141,no,50,2000
2025-05-20T11:01:19.225995,KXBTCD-25MAY2015-T106249.99,DELTA,43,100,50,23000,142,no,50,20000
2025-05-20T11:01:19.243948,KXBTCD-25MAY2015-T106249.99,DELTA,43,100,50,24250,143,no,50,1250
2025-05-20T11:01:19.483771,KXBTCD-25MAY2015-T106249.99,DELTA,43,100,50,24250,144,no,49,-100
2025-05-20T11:01:19.484704,KXBTCD-25MAY2015-T106249.99,DELTA,42,5000,50,24250,145,yes,43,-100
2025-05-20T11:01:20.479738,KXBTCD-25MAY2015-T106249.99,DELTA,42,5000,50,24350,146,no,50,100
2025-05-20T11:01:20.480398,KXBTCD-25MAY2015-T106249.99,DELTA,42,5100,50,24350,147,yes,42,100
2025-05-20T11:01:20.544653,KXBTCD-25MAY2015-T106249.99,DELTA,42,5100,50,23350,148,no,50,-1000
2025-05-20T11:01:20.625578,KXBTCD-25MAY2015-T106249.99,DELTA,42,5100,49,1000,149,no,51,1000
2025-05-20T11:01:20.864238,KXBTCD-25MAY2015-T106249.99,DELTA,42,5100,49,1000,150,yes,8,-4050
2025-05-20T11:01:20.864495,KXBTCD-25MAY2015-T106249.99,DELTA,42,5100,49,1000,151,yes,10,3240
2025-05-20T11:01:20.942803,KXBTCD-25MAY2015-T106249.99,DELTA,42,5100,49,1000,152,yes,9,-20000
2025-05-20T11:01:20.942976,KXBTCD-25MAY2015-T106249.99,DELTA,42,5100,49,1000,153,yes,9,-2000
2025-05-20T11:01:20.965149,KXBTCD-25MAY2015-T106249.99,DELTA,42,5100,49,1000,154,yes,9,-1000
2025-05-20T11:01:21.023635,KXBTCD-25MAY2015-T106249.99,DELTA,42,5100,49,1000,155,yes,11,2000
2025-05-20T11:01:21.023787,KXBTCD-25MAY2015-T106249.99,DELTA,42,5100,49,1000,156,yes,11,20000
2025-05-20T11:01:21.023872,KXBTCD-25MAY2015-T106249.99,DELTA,42,5100,49,1000,157,yes,11,1000
2025-05-20T11:01:21.124863,KXBTCD-25MAY2015-T106249.99,DELTA,42,100,49,1000,158,yes,42,-5000
2025-05-20T11:01:21.125239,KXBTCD-25MAY2015-T106249.99,DELTA,42,100,49,1000,159,yes,41,5000
2025-05-20T11:01:21.143857,KXBTCD-25MAY2015-T106249.99,DELTA,42,100,49,1000,160,no,49,-5000
2025-05-20T11:01:21.144077,KXBTCD-25MAY2015-T106249.99,DELTA,42,100,49,1000,161,no,50,5000
2025-05-20T11:01:21.223821,KXBTCD-25MAY2015-T106249.99,DELTA,42,100,49,1000,162,no,50,-20000
2025-05-20T11:01:21.243739,KXBTCD-25MAY2015-T106249.99,DELTA,42,100,49,1000,163,no,50,-2000
2025-05-20T11:01:21.244381,KXBTCD-25MAY2015-T106249.99,DELTA,42,100,49,1000,164,no,50,-1250
2025-05-20T11:01:21.304686,KXBTCD-25MAY2015-T106249.99,DELTA,42,100,49,3000,165,no,51,2000
2025-05-20T11:01:21.305130,KXBTCD-25MAY2015-T106249.99,DELTA,42,100,49,23000,166,no,51,20000
2025-05-20T11:01:21.305414,KXBTCD-25MAY2015-T106249.99,DELTA,42,100,49,24250,167,no,51,1250
2025-05-20T11:01:22.105329,KXBTCD-25MAY2015-T106249.99,DELTA,42,100,49,24250,168,yes,22,-3000
2025-05-20T11:01:22.185305,KXBTCD-25MAY2015-T106249.99,DELTA,42,100,49,24250,169,yes,14,3000
2025-05-20T11:01:22.424696,KXBTCD-25MAY2015-T106249.99,DELTA,42,100,49,24213,170,no,51,-37
2025-05-20T11:01:22.744500,KXBTCD-25MAY2015-T106249.99,DELTA,42,100,49,24213,171,no,50,-100
2025-05-20T11:01:23.063047,KXBTCD-25MAY2015-T106249.99,DELTA,42,100,49,24213,172,yes,10,-3240
2025-05-20T11:01:23.064391,KXBTCD-25MAY2015-T106249.99,DELTA,42,100,49,24213,173,yes,15,2160
2025-05-20T11:01:23.105015,KXBTCD-25MAY2015-T106249.99,DELTA,42,100,49,24213,174,yes,11,-20000
2025-05-20T11:01:23.123930,KXBTCD-25MAY2015-T106249.99,DELTA,42,100,49,24213,175,yes,11,-2000
2025-05-20T11:01:23.125070,KXBTCD-25MAY2015-T106249.99,DELTA,42,100,49,24213,176,yes,11,-1000
2025-05-20T11:01:23.165186,KXBTCD-25MAY2015-T106249.99,DELTA,41,5000,49,24213,177,yes,42,-100
2025-05-20T11:01:23.205453,KXBTCD-25MAY2015-T106249.99,DELTA,15,2160,49,24213,178,yes,41,-5000
2025-05-20T11:01:23.206199,KXBTCD-25MAY2015-T106249.99,DELTA,40,5000,49,24213,179,yes,40,5000
2025-05-20T11:01:23.206741,KXBTCD-25MAY2015-T106249.99,DELTA,40,5000,49,24213,180,yes,16,1000
2025-05-20T11:01:23.207215,KXBTCD-25MAY2015-T106249.99,DELTA,40,5000,49,24213,181,no,50,-5000
2025-05-20T11:01:23.207668,KXBTCD-25MAY2015-T106249.99,DELTA,40,5000,49,29213,182,no,51,5000
2025-05-20T11:01:23.224313,KXBTCD-25MAY2015-T106249.99,DELTA,40,5000,49,29213,183,yes,16,2000
2025-05-20T11:01:23.285000,KXBTCD-25MAY2015-T106249.99,DELTA,40,5000,49,9213,184,no,51,-20000
2025-05-20T11:01:23.286461,KXBTCD-25MAY2015-T106249.99,DELTA,40,5000,49,7213,185,no,51,-2000
2025-05-20T11:01:23.304282,KXBTCD-25MAY2015-T106249.99,DELTA,40,5000,49,6250,186,no,51,-963
2025-05-20T11:01:23.305066,KXBTCD-25MAY2015-T106249.99,DELTA,40,5000,49,6250,187,no,1,-8000
2025-05-20T11:01:23.305664,KXBTCD-25MAY2015-T106249.99,DELTA,40,5000,49,5000,188,no,51,-1250
2025-05-20T11:01:23.364302,KXBTCD-25MAY2015-T106249.99,DELTA,40,5000,49,5100,189,no,51,100
2025-05-20T11:01:23.365185,KXBTCD-25MAY2015-T106249.99,DELTA,40,5000,49,5100,190,no,2,8000
2025-05-20T11:01:23.383650,KXBTCD-25MAY2015-T106249.99,DELTA,40,5000,48,20000,191,no,52,20000
2025-05-20T11:01:23.403918,KXBTCD-25MAY2015-T106249.99,DELTA,40,5000,48,21250,192,no,52,1250
2025-05-20T11:01:23.404634,KXBTCD-25MAY2015-T106249.99,DELTA,40,5000,48,23250,193,no,52,2000
2025-05-20T11:01:23.405202,KXBTCD-25MAY2015-T106249.99,DELTA,40,5000,48,24250,194,no,52,1000
2025-05-20T11:01:23.604547,KXBTCD-25MAY2015-T106249.99,DELTA,40,5000,48,24250,195,no,51,-100
2025-05-20T11:01:24.086645,KXBTCD-25MAY2015-T106249.99,DELTA,40,5100,48,24250,196,yes,40,100
2025-05-20T11:01:24.603825,KXBTCD-25MAY2015-T106249.99,DELTA,40,5100,48,24350,197,no,52,100
2025-05-20T11:01:24.684045,KXBTCD-25MAY2015-T106249.99,DELTA,40,5100,48,23350,198,no,52,-1000
2025-05-20T11:01:24.744450,KXBTCD-25MAY2015-T106249.99,DELTA,40,5100,47,1000,199,no,53,1000
2025-05-20T11:01:25.243570,KXBTCD-25MAY2015-T106249.99,DELTA,40,5100,47,1000,200,yes,15,-2160
2025-05-20T11:01:25.243875,KXBTCD-25MAY2015-T106249.99,DELTA,40,5100,47,1000,201,yes,14,2314
2025-05-20T11:01:25.303293,KXBTCD-25MAY2015-T106249.99,DELTA,40,5100,47,1000,202,yes,16,-2000
2025-05-20T11:01:25.322317,KXBTCD-25MAY2015-T106249.99,DELTA,40,5100,47,1000,203,yes,16,-1000
2025-05-20T11:01:25.367438,KXBTCD-25MAY2015-T106249.99,DELTA,40,5100,47,1000,204,yes,15,1000
2025-05-20T11:01:25.367644,KXBTCD-25MAY2015-T106249.99,DELTA,40,5100,47,1000,205,yes,15,2000
2025-05-20T11:01:26.705804,KXBTCD-25MAY2015-T106249.99,DELTA,40,100,47,1000,206,yes,40,-5000
2025-05-20T11:01:26.705965,KXBTCD-25MAY2015-T106249.99,DELTA,40,100,47,1000,207,yes,39,5000
2025-05-20T11:01:26.707916,KXBTCD-25MAY2015-T106249.99,DELTA,40,100,47,1000,208,no,2,-8000
2025-05-20T11:01:26.804033,KXBTCD-25MAY2015-T106249.99,DELTA,40,100,47,1000,209,no,51,-5000
2025-05-20T11:01:26.804360,KXBTCD-25MAY2015-T106249.99,DELTA,40,100,47,1000,210,no,52,5000
2025-05-20T11:01:26.824495,KXBTCD-25MAY2015-T106249.99,DELTA,40,100,47,1000,211,no,3,8000
2025-05-20T11:01:27.127753,KXBTCD-25MAY2015-T106249.99,DELTA,40,100,47,1000,212,no,52,-20000
2025-05-20T11:01:27.128461,KXBTCD-25MAY2015-T106249.99,DELTA,40,100,47,1000,213,no,52,-100
2025-05-20T11:01:27.205032,KXBTCD-25MAY2015-T106249.99,DELTA,40,100,47,1000,214,no,52,-2000
2025-05-20T11:01:27.226278,KXBTCD-25MAY2015-T106249.99,DELTA,40,100,47,1000,215,no,52,-1250
2025-05-20T11:01:27.503677,KXBTCD-25MAY2015-T106249.99,DELTA,40,100,47,3000,216,no,53,2000
2025-05-20T11:01:27.503854,KXBTCD-25MAY2015-T106249.99,DELTA,40,100,47,4250,217,no,53,1250
2025-05-20T11:01:27.503954,KXBTCD-25MAY2015-T106249.99,DELTA,40,100,47,24250,218,no,53,20000
2025-05-20T11:01:27.703470,KXBTCD-25MAY2015-T106249.99,DELTA,40,100,47,24250,219,no,3,-8000
2025-05-20T11:01:27.904583,KXBTCD-25MAY2015-T106249.99,DELTA,40,100,47,24250,220,no,4,8000
2025-05-20T11:01:27.905023,KXBTCD-25MAY2015-T106249.99,DELTA,40,100,47,24250,221,yes,39,-5000
2025-05-20T11:01:27.905173,KXBTCD-25MAY2015-T106249.99,DELTA,40,100,47,24250,222,yes,38,5000
2025-05-20T11:01:27.923758,KXBTCD-25MAY2015-T106249.99,DELTA,40,100,47,24250,223,no,52,-5000
2025-05-20T11:01:27.923994,KXBTCD-25MAY2015-T106249.99,DELTA,40,100,47,29250,224,no,53,5000
2025-05-20T11:01:28.209602,KXBTCD-25MAY2015-T106249.99,DELTA,40,100,47,9250,225,no,53,-20000
2025-05-20T11:01:28.210877,KXBTCD-25MAY2015-T106249.99,DELTA,38,5000,47,9250,226,yes,40,-100
2025-05-20T11:01:28.305612,KXBTCD-25MAY2015-T106249.99,DELTA,38,5000,47,7250,227,no,53,-2000
2025-05-20T11:01:28.325488,KXBTCD-25MAY2015-T106249.99,DELTA,38,5000,47,7250,228,no,4,-8000
2025-05-20T11:01:28.326708,KXBTCD-25MAY2015-T106249.99,DELTA,38,5000,47,6250,229,no,53,-1000
2025-05-20T11:01:28.403485,KXBTCD-25MAY2015-T106249.99,DELTA,38,5000,46,100,230,no,54,100
2025-05-20T11:01:28.403725,KXBTCD-25MAY2015-T106249.99,DELTA,38,5000,46,100,231,no,53,-1250
2025-05-20T11:01:28.502865,KXBTCD-25MAY2015-T106249.99,DELTA,38,5000,46,100,232,no,4,8000
2025-05-20T11:01:28.604129,KXBTCD-25MAY2015-T106249.99,DELTA,38,5000,46,2100,233,no,54,2000
2025-05-20T11:01:28.604286,KXBTCD-25MAY2015-T106249.99,DELTA,38,5000,46,3350,234,no,54,1250
2025-05-20T11:01:28.604368,KXBTCD-25MAY2015-T106249.99,DELTA,38,5000,46,4350,235,no,54,1000
2025-05-20T11:01:28.643525,KXBTCD-25MAY2015-T106249.99,DELTA,38,5000,46,24350,236,no,54,20000
2025-05-20T11:01:28.723578,KXBTCD-25MAY2015-T106249.99,DELTA,38,5000,46,23350,237,no,54,-1000
2025-05-20T11:01:28.783062,KXBTCD-25MAY2015-T106249.99,DELTA,38,5000,45,1000,238,no,55,1000
2025-05-20T11:01:29.643195,KXBTCD-25MAY2015-T106249.99,DELTA,38,5100,45,1000,239,yes,38,100
2025-05-20T11:01:29.643610,KXBTCD-25MAY2015-T106249.99,DELTA,38,5100,45,1000,240,no,4,-8000
2025-05-20T11:01:29.743056,KXBTCD-25MAY2015-T106249.99,DELTA,38,5100,45,1000,241,no,5,8000
2025-05-20T11:01:29.904317,KXBTCD-25MAY2015-T106249.99,DELTA,38,100,45,1000,242,yes,38,-5000
2025-05-20T11:01:29.904591,KXBTCD-25MAY2015-T106249.99,DELTA,38,100,45,1000,243,yes,37,5000
2025-05-20T11:01:29.924513,KXBTCD-25MAY2015-T106249.99,DELTA,38,100,45,1000,244,no,53,-5000
2025-05-20T11:01:29.924698,KXBTCD-25MAY2015-T106249.99,DELTA,38,100,45,1000,245,no,54,5000
2025-05-20T11:01:29.924765,KXBTCD-25MAY2015-T106249.99,DELTA,38,100,45,1000,246,no,54,-100
2025-05-20T11:01:29.985758,KXBTCD-25MAY2015-T106249.99,DELTA,38,100,45,1000,247,no,54,-20000
2025-05-20T11:01:30.003895,KXBTCD-25MAY2015-T106249.99,DELTA,38,100,45,1000,248,no,54,-2000
2025-05-20T11:01:30.004037,KXBTCD-25MAY2015-T106249.99,DELTA,38,100,45,1000,249,no,54,-1250
2025-05-20T11:01:30.083138,KXBTCD-25MAY2015-T106249.99,DELTA,38,100,45,21000,250,no,55,20000
2025-05-20T11:01:30.083269,KXBTCD-25MAY2015-T106249.99,DELTA,38,100,45,22250,251,no,55,1250
2025-05-20T11:01:30.083337,KXBTCD-25MAY2015-T106249.99,DELTA,38,100,45,24250,252,no,55,2000
2025-05-20T11:01:30.144221,KXBTCD-25MAY2015-T106249.99,DELTA,38,100,45,24250,253,no,54,-5000
2025-05-20T11:01:30.144363,KXBTCD-25MAY2015-T106249.99,DELTA,38,100,45,24250,254,no,53,5000
2025-05-20T11:01:30.144860,KXBTCD-25MAY2015-T106249.99,DELTA,38,100,45,24250,255,yes,37,-5000
2025-05-20T11:01:30.144991,KXBTCD-25MAY2015-T106249.99,DELTA,38,5100,45,24250,256,yes,38,5000
2025-05-20T11:01:30.265112,KXBTCD-25MAY2015-T106249.99,DELTA,38,5100,45,4250,257,no,55,-20000
2025-05-20T11:01:30.284320,KXBTCD-25MAY2015-T106249.99,DELTA,38,5100,45,2250,258,no,55,-2000
2025-05-20T11:01:30.284987,KXBTCD-25MAY2015-T106249.99,DELTA,38,5100,45,1250,259,no,55,-1000
2025-05-20T11:01:30.303278,KXBTCD-25MAY2015-T106249.99,DELTA,38,5100,47,5000,260,no,55,-1250
2025-05-20T11:01:30.385002,KXBTCD-25MAY2015-T106249.99,DELTA,38,5100,46,2000,261,no,54,2000
2025-05-20T11:01:30.385226,KXBTCD-25MAY2015-T106249.99,DELTA,38,5100,46,3000,262,no,54,1000
2025-05-20T11:01:30.385647,KXBTCD-25MAY2015-T106249.99,DELTA,38,5100,46,23000,263,no,54,20000
2025-05-20T11:01:30.385780,KXBTCD-25MAY2015-T106249.99,DELTA,38,5100,46,24250,264,no,54,1250
2025-05-20T11:01:30.763714,KXBTCD-25MAY2015-T106249.99,DELTA,38,5100,46,24350,265,no,54,100
2025-05-20T11:01:30.825042,KXBTCD-25MAY2015-T106249.99,DELTA,38,5100,46,23350,266,no,54,-1000
2025-05-20T11:01:30.843550,KXBTCD-25MAY2015-T106249.99,DELTA,38,5100,46,23350,267,yes,14,-2314
2025-05-20T11:01:30.843719,KXBTCD-25MAY2015-T106249.99,DELTA,38,5100,46,23350,268,yes,4,8100
2025-05-20T11:01:30.882904,KXBTCD-25MAY2015-T106249.99,DELTA,38,5100,45,1000,269,no,55,1000
2025-05-20T11:01:30.883157,KXBTCD-25MAY2015-T106249.99,DELTA,38,5100,45,1000,270,no,4,-8100
2025-05-20T11:01:30.883381,KXBTCD-25MAY2015-T106249.99,DELTA,38,5100,45,1000,271,no,6,5400
2025-05-20T11:01:30.924500,KXBTCD-25MAY2015-T106249.99,DELTA,38,5100,45,1000,272,yes,5,20000
2025-05-20T11:01:30.924700,KXBTCD-25MAY2015-T106249.99,DELTA,38,5100,45,1000,273,yes,15,-2000
2025-05-20T11:01:30.924815,KXBTCD-25MAY2015-T106249.99,DELTA,38,5100,45,1000,274,yes,15,-1000
2025-05-20T11:01:30.986095,KXBTCD-25MAY2015-T106249.99,DELTA,38,5100,45,1000,275,no,54,-100
2025-05-20T11:01:30.986366,KXBTCD-25MAY2015-T106249.99,DELTA,38,5100,45,1000,276,yes,5,2000
2025-05-20T11:01:30.986789,KXBTCD-25MAY2015-T106249.99,DELTA,38,5100,45,1000,277,yes,5,1000
2025-05-20T11:01:31.043086,KXBTCD-25MAY2015-T106249.99,DELTA,38,5100,46,23250,278,no,55,-1000
2025-05-20T11:01:31.103695,KXBTCD-25MAY2015-T106249.99,DELTA,38,5100,46,24250,279,no,54,1000
2025-05-20T11:01:31.143537,KXBTCD-25MAY2015-T106249.99,DELTA,38,100,46,24250,280,yes,38,-5000
2025-05-20T11:01:31.143737,KXBTCD-25MAY2015-T106249.99,DELTA,38,100,46,24250,281,yes,37,5000
2025-05-20T11:01:31.143820,KXBTCD-25MAY2015-T106249.99,DELTA,38,100,46,24250,282,no,53,-5000
2025-05-20T11:01:31.143893,KXBTCD-25MAY2015-T106249.99,DELTA,38,100,46,29250,283,no,54,5000
2025-05-20T11:01:31.182839,KXBTCD-25MAY2015-T106249.99,DELTA,38,100,46,29250,284,no,33,-3000
2025-05-20T11:01:31.182960,KXBTCD-25MAY2015-T106249.99,DELTA,38,100,46,29250,285,no,5,-8000
2025-05-20T11:01:31.323673,KXBTCD-25MAY2015-T106249.99,DELTA,38,100,46,29250,286,no,5,8000
2025-05-20T11:01:31.324008,KXBTCD-25MAY2015-T106249.99,DELTA,38,100,46,9250,287,no,54,-20000
2025-05-20T11:01:31.343131,KXBTCD-25MAY2015-T106249.99,DELTA,38,100,46,7250,288,no,54,-2000
2025-05-20T11:01:31.343959,KXBTCD-25MAY2015-T106249.99,DELTA,38,100,46,7250,289,no,40,3000
2025-05-20T11:01:31.344099,KXBTCD-25MAY2015-T106249.99,DELTA,38,100,46,6250,290,no,54,-1000
2025-05-20T11:01:31.363270,KXBTCD-25MAY2015-T106249.99,DELTA,38,100,46,5000,291,no,54,-1250
2025-05-20T11:01:31.444166,KXBTCD-25MAY2015-T106249.99,DELTA,38,100,45,1000,292,no,55,1000
2025-05-20T11:01:31.444720,KXBTCD-25MAY2015-T106249.99,DELTA,38,100,45,2250,293,no,55,1250
2025-05-20T11:01:31.445035,KXBTCD-25MAY2015-T106249.99,DELTA,38,100,45,22250,294,no,55,20000
2025-05-20T11:01:31.445310,KXBTCD-25MAY2015-T106249.99,DELTA,38,100,45,24250,295,no,55,2000
2025-05-20T11:01:31.904073,KXBTCD-25MAY2015-T106249.99,DELTA,37,5000,45,24250,296,yes,38,-100
2025-05-20T11:01:32.003212,KXBTCD-25MAY2015-T106249.99,DELTA,14,3000,45,24250,297,yes,37,-5000
2025-05-20T11:01:32.003413,KXBTCD-25MAY2015-T106249.99,DELTA,14,3000,45,24250,298,no,54,-5000
2025-05-20T11:01:32.084372,KXBTCD-25MAY2015-T106249.99,DELTA,14,3000,45,4250,299,no,55,-20000
2025-05-20T11:01:32.084790,KXBTCD-25MAY2015-T106249.99,DELTA,38,5000,45,4250,300,yes,38,5000
2025-05-20T11:01:32.085032,KXBTCD-25MAY2015-T106249.99,DELTA,38,5000,45,2250,301,no,55,-2000
2025-05-20T11:01:32.104087,KXBTCD-25MAY2015-T106249.99,DELTA,38,5000,45,1250,302,no,55,-1000
2025-05-20T11:01:32.104868,KXBTCD-25MAY2015-T106249.99,DELTA,38,5000,45,1250,303,no,53,5000
2025-05-20T11:01:32.105105,KXBTCD-25MAY2015-T106249.99,DELTA,38,5000,47,5000,304,no,55,-1250
2025-05-20T11:01:32.105360,KXBTCD-25MAY2015-T106249.99,DELTA,38,5000,44,100,305,no,56,100
2025-05-20T11:01:32.205849,KXBTCD-25MAY2015-T106249.99,DELTA,38,5000,44,100,306,no,54,20000
2025-05-20T11:01:32.225437,KXBTCD-25MAY2015-T106249.99,DELTA,38,5000,44,100,307,no,54,2000
2025-05-20T11:01:32.226346,KXBTCD-25MAY2015-T106249.99,DELTA,38,5000,43,1000,308,no,57,1000
2025-05-20T11:01:32.326577,KXBTCD-25MAY2015-T106249.99,DELTA,38,5000,43,1000,309,no,54,1250
2025-05-20T11:01:32.564018,KXBTCD-25MAY2015-T106249.99,DELTA,38,5000,43,1000,310,yes,10,200
2025-05-20T11:01:32.604103,KXBTCD-25MAY2015-T106249.99,DELTA,38,5000,43,1000,311,no,30,200
2025-05-20T11:01:32.623970,KXBTCD-25MAY2015-T106249.99,DELTA,38,5000,43,1000,312,yes,5,-2000
2025-05-20T11:01:32.647712,KXBTCD-25MAY2015-T106249.99,DELTA,38,5000,43,1000,313,yes,5,-1000
2025-05-20T11:01:32.686224,KXBTCD-25MAY2015-T106249.99,DELTA,38,5000,43,1000,314,yes,11,1000
2025-05-20T11:01:32.704789,KXBTCD-25MAY2015-T106249.99,DELTA,38,5000,43,1000,315,yes,11,2000
2025-05-20T11:01:32.846085,KXBTCD-25MAY2015-T106249.99,DELTA,38,5000,43,1000,316,no,56,-100
2025-05-20T11:01:32.923724,KXBTCD-25MAY2015-T106249.99,DELTA,38,5000,46,23250,317,no,57,-1000
2025-05-20T11:01:32.985447,KXBTCD-25MAY2015-T106249.99,DELTA,38,5000,46,24250,318,no,54,1000
2025-05-20T11:01:33.045954,KXBTCD-25MAY2015-T106249.99,DELTA,38,5000,46,24250,319,yes,4,-8100
2025-05-20T11:01:33.046717,KXBTCD-25MAY2015-T106249.99,DELTA,38,5000,46,24250,320,yes,12,2700
2025-05-20T11:01:33.201724,KXBTCD-25MAY2015-T106249.99,DELTA,38,5000,46,24250,321,yes,37,100
2025-05-20T11:01:33.202378,KXBTCD-25MAY2015-T106249.99,DELTA,38,5000,46,24250,322,yes,5,-20000
2025-05-20T11:01:33.202846,KXBTCD-25MAY2015-T106249.99,DELTA,38,5000,46,24250,323,yes,11,-2000
2025-05-20T11:01:33.203233,KXBTCD-25MAY2015-T106249.99,DELTA,38,5000,46,24250,324,yes,11,-1000
2025-05-20T11:01:33.205828,KXBTCD-25MAY2015-T106249.99,DELTA,38,5000,46,24250,325,yes,13,1000
2025-05-20T11:01:33.206467,KXBTCD-25MAY2015-T106249.99,DELTA,38,5000,46,24250,326,yes,13,2000
2025-05-20T11:01:33.485465,KXBTCD-25MAY2015-T106249.99,DELTA,38,5000,46,24250,327,yes,37,-100
2025-05-20T11:01:33.747735,KXBTCD-25MAY2015-T106249.99,DELTA,38,5000,46,24350,328,no,54,100
2025-05-20T11:01:33.825674,KXBTCD-25MAY2015-T106249.99,DELTA,38,5000,46,23350,329,no,54,-1000
2025-05-20T11:01:33.885509,KXBTCD-25MAY2015-T106249.99,DELTA,38,5000,45,1000,330,no,55,1000
2025-05-20T11:01:34.086576,KXBTCD-25MAY2015-T106249.99,DELTA,38,5000,45,1000,331,yes,12,-2700
2025-05-20T11:01:34.088133,KXBTCD-25MAY2015-T106249.99,DELTA,38,5000,45,1000,332,yes,11,2945
2025-05-20T11:01:34.144547,KXBTCD-25MAY2015-T106249.99,DELTA,38,5000,45,1000,333,yes,13,-2000
2025-05-20T11:01:34.145647,KXBTCD-25MAY2015-T106249.99,DELTA,38,5000,45,1000,334,yes,13,-1000
2025-05-20T11:01:34.185643,KXBTCD-25MAY2015-T106249.99,DELTA,38,5000,45,1000,335,yes,12,2000
2025-05-20T11:01:34.186592,KXBTCD-25MAY2015-T106249.99,DELTA,38,5000,45,1000,336,yes,12,1000
2025-05-20T11:01:34.524771,KXBTCD-25MAY2015-T106249.99,DELTA,39,100,45,1000,337,yes,39,100
2025-05-20T11:01:34.724247,KXBTCD-25MAY2015-T106249.99,DELTA,39,100,45,1000,338,yes,38,-5000
2025-05-20T11:01:34.724861,KXBTCD-25MAY2015-T106249.99,DELTA,39,100,45,1000,339,yes,37,5000
2025-05-20T11:01:34.744359,KXBTCD-25MAY2015-T106249.99,DELTA,39,100,45,1000,340,no,53,-5000
2025-05-20T11:01:34.745293,KXBTCD-25MAY2015-T106249.99,DELTA,39,100,45,1000,341,no,54,5000
2025-05-20T11:01:34.803322,KXBTCD-25MAY2015-T106249.99,DELTA,39,100,45,1000,342,no,54,-20000
2025-05-20T11:01:34.823456,KXBTCD-25MAY2015-T106249.99,DELTA,39,100,45,1000,343,no,54,-2000
2025-05-20T11:01:34.823899,KXBTCD-25MAY2015-T106249.99,DELTA,39,100,45,1000,344,no,54,-1250
2025-05-20T11:01:34.884550,KXBTCD-25MAY2015-T106249.99,DELTA,39,100,45,2250,345,no,55,1250
2025-05-20T11:01:34.885019,KXBTCD-25MAY2015-T106249.99,DELTA,39,100,45,22250,346,no,55,20000
2025-05-20T11:01:34.885263,KXBTCD-25MAY2015-T106249.99,DELTA,39,100,45,24250,347,no,55,2000
2025-05-20T11:01:35.084688,KXBTCD-25MAY2015-T106249.99,DELTA,39,100,45,24250,348,yes,11,-2945
2025-05-20T11:01:35.085247,KXBTCD-25MAY2015-T106249.99,DELTA,39,100,45,24250,349,yes,12,2700
2025-05-20T11:01:35.166697,KXBTCD-25MAY2015-T106249.99,DELTA,39,100,45,24250,350,yes,12,-2000
2025-05-20T11:01:35.183720,KXBTCD-25MAY2015-T106249.99,DELTA,39,100,45,24250,351,yes,12,-1000
2025-05-20T11:01:35.363832,KXBTCD-25MAY2015-T106249.99,DELTA,39,100,45,24250,352,yes,13,2000
2025-05-20T11:01:35.402925,KXBTCD-25MAY2015-T106249.99,DELTA,39,100,45,24250,353,yes,13,1000
2025-05-20T11:01:36.033156,KXBTCD-25MAY2015-T106249.99,DELTA,39,100,45,24250,354,yes,12,-2700
2025-05-20T11:01:36.033952,KXBTCD-25MAY2015-T106249.99,DELTA,39,100,45,24250,355,yes,11,2945
2025-05-20T11:01:36.098981,KXBTCD-25MAY2015-T106249.99,DELTA,39,100,45,24250,356,yes,13,-2000
2025-05-20T11:01:36.112131,KXBTCD-25MAY2015-T106249.99,DELTA,39,100,45,24250,357,yes,13,-1000
2025-05-20T11:01:36.185613,KXBTCD-25MAY2015-T106249.99,DELTA,39,100,45,24250,358,yes,12,2000
2025-05-20T11:01:36.264106,KXBTCD-25MAY2015-T106249.99,DELTA,39,100,45,24250,359,yes,12,1000
2025-05-20T11:01:36.383816,KXBTCD-25MAY2015-T106249.99,DELTA,37,5000,45,24250,360,yes,39,-100
2025-05-20T11:01:36.384489,KXBTCD-25MAY2015-T106249.99,DELTA,37,5000,45,24250,361,no,54,-100
2025-05-20T11:01:36.411256,KXBTCD-25MAY2015-T106249.99,DELTA,14,3000,45,24250,362,yes,37,-5000
2025-05-20T11:01:36.411816,KXBTCD-25MAY2015-T106249.99,DELTA,36,5000,45,24250,363,yes,36,5000
2025-05-20T11:01:36.429327,KXBTCD-25MAY2015-T106249.99,DELTA,36,5000,45,24250,364,no,54,-5000
2025-05-20T11:01:36.430357,KXBTCD-25MAY2015-T106249.99,DELTA,36,5000,45,29250,365,no,55,5000
2025-05-20T11:01:36.430778,KXBTCD-25MAY2015-T106249.99,DELTA,36,5000,45,29250,366,no,5,-8000
2025-05-20T11:01:36.504592,KXBTCD-25MAY2015-T106249.99,DELTA,36,5000,45,29250,367,no,6,8000
2025-05-20T11:01:36.584216,KXBTCD-25MAY2015-T106249.99,DELTA,36,5000,45,9250,368,no,55,-20000
2025-05-20T11:01:36.584733,KXBTCD-25MAY2015-T106249.99,DELTA,36,5000,45,7250,369,no,55,-2000
2025-05-20T11:01:36.602743,KXBTCD-25MAY2015-T106249.99,DELTA,36,5000,45,6250,370,no,55,-1000
2025-05-20T11:01:36.603419,KXBTCD-25MAY2015-T106249.99,DELTA,36,5000,45,5000,371,no,55,-1250
2025-05-20T11:01:36.683136,KXBTCD-25MAY2015-T106249.99,DELTA,36,5000,44,1250,372,no,56,1250
2025-05-20T11:01:36.683477,KXBTCD-25MAY2015-T106249.99,DELTA,36,5000,44,21250,373,no,56,20000
2025-05-20T11:01:36.703257,KXBTCD-25MAY2015-T106249.99,DELTA,36,5000,44,22250,374,no,56,1000
2025-05-20T11:01:36.703509,KXBTCD-25MAY2015-T106249.99,DELTA,36,5000,44,24250,375,no,56,2000
2025-05-20T11:01:37.124706,KXBTCD-25MAY2015-T106249.99,DELTA,36,5000,44,24250,376,yes,11,-2945
2025-05-20T11:01:37.125456,KXBTCD-25MAY2015-T106249.99,DELTA,36,5000,44,24250,377,yes,12,2700
2025-05-20T11:01:37.164820,KXBTCD-25MAY2015-T106249.99,DELTA,36,5000,44,24250,378,no,6,-5400
2025-05-20T11:01:37.165652,KXBTCD-25MAY2015-T106249.99,DELTA,36,5000,44,24250,379,no,7,4628
2025-05-20T11:01:37.183677,KXBTCD-25MAY2015-T106249.99,DELTA,36,5000,44,24250,380,yes,12,-2000
2025-05-20T11:01:37.184427,KXBTCD-25MAY2015-T106249.99,DELTA,36,5000,44,24250,381,yes,12,-1000
2025-05-20T11:01:37.204379,KXBTCD-25MAY2015-T106249.99,DELTA,37,100,44,24250,382,yes,37,100
2025-05-20T11:01:37.205067,KXBTCD-25MAY2015-T106249.99,DELTA,37,100,44,24250,383,no,55,100
2025-05-20T11:01:37.265874,KXBTCD-25MAY2015-T106249.99,DELTA,37,100,44,24250,384,yes,13,2000
2025-05-20T11:01:37.266643,KXBTCD-25MAY2015-T106249.99,DELTA,37,100,44,24250,385,yes,13,1000
2025-05-20T11:01:37.345005,KXBTCD-25MAY2015-T106249.99,DELTA,37,100,44,24250,386,no,55,-100
2025-05-20T11:01:38.325560,KXBTCD-25MAY2015-T106249.99,DELTA,37,100,44,24350,387,no,56,100
2025-05-20T11:01:38.385020,KXBTCD-25MAY2015-T106249.99,DELTA,37,100,44,23350,388,no,56,-1000
2025-05-20T11:01:38.423210,KXBTCD-25MAY2015-T106249.99,DELTA,37,100,43,1000,389,no,57,1000
2025-05-20T11:01:40.324311,KXBTCD-25MAY2015-T106249.99,DELTA,37,100,43,1000,390,yes,12,-2700
2025-05-20T11:01:40.324691,KXBTCD-25MAY2015-T106249.99,DELTA,37,100,43,1000,391,yes,11,2945
2025-05-20T11:01:40.402826,KXBTCD-25MAY2015-T106249.99,DELTA,37,100,43,1000,392,yes,13,-2000
2025-05-20T11:01:40.423395,KXBTCD-25MAY2015-T106249.99,DELTA,37,100,43,1000,393,yes,13,-1000
2025-05-20T11:01:40.484114,KXBTCD-25MAY2015-T106249.99,DELTA,37,100,43,1000,394,yes,12,2000
2025-05-20T11:01:40.484498,KXBTCD-25MAY2015-T106249.99,DELTA,37,100,43,1000,395,yes,12,1000
2025-05-20T11:01:41.392099,KXBTCD-25MAY2015-T106249.99,DELTA,37,100,43,1000,396,no,55,-5000
2025-05-20T11:01:41.393247,KXBTCD-25MAY2015-T106249.99,DELTA,37,100,43,1000,397,no,54,5000
2025-05-20T11:01:41.404617,KXBTCD-25MAY2015-T106249.99,DELTA,37,100,43,1000,398,yes,36,-5000
2025-05-20T11:01:41.405387,KXBTCD-25MAY2015-T106249.99,DELTA,37,5100,43,1000,399,yes,37,5000
2025-05-20T11:01:41.470987,KXBTCD-25MAY2015-T106249.99,DELTA,37,5100,43,1000,400,no,56,-20000
2025-05-20T11:01:41.472844,KXBTCD-25MAY2015-T106249.99,DELTA,37,5100,43,1000,401,no,56,-2000
2025-05-20T11:01:41.487678,KXBTCD-25MAY2015-T106249.99,DELTA,37,5100,43,1000,402,no,56,-1250
2025-05-20T11:01:41.570632,KXBTCD-25MAY2015-T106249.99,DELTA,37,5100,43,1000,403,no,55,1250
2025-05-20T11:01:41.571552,KXBTCD-25MAY2015-T106249.99,DELTA,37,5100,43,1000,404,no,55,2000
2025-05-20T11:01:41.571902,KXBTCD-25MAY2015-T106249.99,DELTA,37,5100,43,1000,405,no,55,20000
2025-05-20T11:01:42.189727,KXBTCD-25MAY2015-T106249.99,DELTA,37,5100,43,1000,406,yes,11,-2945
2025-05-20T11:01:42.191070,KXBTCD-25MAY2015-T106249.99,DELTA,37,5100,43,1000,407,yes,12,2700
2025-05-20T11:01:42.265222,KXBTCD-25MAY2015-T106249.99,DELTA,37,5100,43,1000,408,yes,12,-2000
2025-05-20T11:01:42.266114,KXBTCD-25MAY2015-T106249.99,DELTA,37,5100,43,1000,409,yes,12,-1000
2025-05-20T11:01:42.424362,KXBTCD-25MAY2015-T106249.99,DELTA,37,5100,43,1000,410,yes,13,2000
2025-05-20T11:01:42.425563,KXBTCD-25MAY2015-T106249.99,DELTA,37,5100,43,1000,411,yes,13,1000
2025-05-20T11:01:42.444691,KXBTCD-25MAY2015-T106249.99,DELTA,37,5000,43,1000,412,yes,37,-100
2025-05-20T11:01:42.445429,KXBTCD-25MAY2015-T106249.99,DELTA,37,5000,43,998,413,no,57,-2
2025-05-20T11:01:42.464439,KXBTCD-25MAY2015-T106249.99,DELTA,37,5000,43,998,414,no,56,-100
2025-05-20T11:01:42.543850,KXBTCD-25MAY2015-T106249.99,DELTA,37,5000,45,23250,415,no,57,-998
2025-05-20T11:01:42.585131,KXBTCD-25MAY2015-T106249.99,DELTA,37,5000,45,24250,416,no,55,1000
2025-05-20T11:01:43.088500,KXBTCD-25MAY2015-T106249.99,DELTA,37,5000,45,24250,417,yes,12,-2700
2025-05-20T11:01:43.090021,KXBTCD-25MAY2015-T106249.99,DELTA,37,5000,45,24250,418,yes,11,2945
2025-05-20T11:01:43.164959,KXBTCD-25MAY2015-T106249.99,DELTA,37,5000,45,24250,419,yes,13,-2000
2025-05-20T11:01:43.165584,KXBTCD-25MAY2015-T106249.99,DELTA,37,5000,45,24250,420,yes,13,-1000
2025-05-20T11:01:43.205365,KXBTCD-25MAY2015-T106249.99,DELTA,37,5000,45,24350,421,no,55,100
2025-05-20T11:01:43.224436,KXBTCD-25MAY2015-T106249.99,DELTA,37,5100,45,24350,422,yes,37,100
2025-05-20T11:01:43.225298,KXBTCD-25MAY2015-T106249.99,DELTA,37,5100,45,24350,423,yes,12,2000
2025-05-20T11:01:43.225836,KXBTCD-25MAY2015-T106249.99,DELTA,37,5100,45,24350,424,yes,12,1000
2025-05-20T11:01:43.284345,KXBTCD-25MAY2015-T106249.99,DELTA,37,5100,45,23350,425,no,55,-1000
2025-05-20T11:01:43.424449,KXBTCD-25MAY2015-T106249.99,DELTA,37,5000,45,23350,426,yes,37,-100
2025-05-20T11:01:43.485011,KXBTCD-25MAY2015-T106249.99,DELTA,37,5000,44,1000,427,no,56,1000
2025-05-20T11:01:43.964615,KXBTCD-25MAY2015-T106249.99,DELTA,37,5000,44,1000,428,yes,11,-2945
2025-05-20T11:01:43.965500,KXBTCD-25MAY2015-T106249.99,DELTA,37,5000,44,1000,429,yes,12,2700
2025-05-20T11:01:44.025469,KXBTCD-25MAY2015-T106249.99,DELTA,37,5000,44,1000,430,yes,12,-2000
2025-05-20T11:01:44.045318,KXBTCD-25MAY2015-T106249.99,DELTA,37,5000,44,1000,431,yes,12,-1000
2025-05-20T11:01:44.103886,KXBTCD-25MAY2015-T106249.99,DELTA,37,5000,44,1000,432,yes,13,1000
2025-05-20T11:01:44.104662,KXBTCD-25MAY2015-T106249.99,DELTA,37,5000,44,1000,433,yes,13,2000
2025-05-20T11:01:44.265021,KXBTCD-25MAY2015-T106249.99,DELTA,37,5100,44,1000,434,yes,37,100
2025-05-20T11:01:44.845646,KXBTCD-25MAY2015-T106249.99,DELTA,37,5100,44,1000,435,yes,12,-2700
2025-05-20T11:01:44.846876,KXBTCD-25MAY2015-T106249.99,DELTA,37,5100,44,1000,436,yes,11,2945
2025-05-20T11:01:44.904351,KXBTCD-25MAY2015-T106249.99,DELTA,37,5100,44,1000,437,yes,13,-2000
2025-05-20T11:01:44.925005,KXBTCD-25MAY2015-T106249.99,DELTA,37,5100,44,1000,438,yes,13,-1000
2025-05-20T11:01:44.963497,KXBTCD-25MAY2015-T106249.99,DELTA,37,5100,44,1000,439,yes,12,2000
2025-05-20T11:01:44.963715,KXBTCD-25MAY2015-T106249.99,DELTA,37,5100,44,1000,440,yes,12,1000
2025-05-20T11:01:45.425486,KXBTCD-25MAY2015-T106249.99,DELTA,37,5000,44,1000,441,yes,37,-100
2025-05-20T11:01:45.784946,KXBTCD-25MAY2015-T106249.99,DELTA,37,5000,44,1000,442,yes,11,-2945
2025-05-20T11:01:45.785917,KXBTCD-25MAY2015-T106249.99,DELTA,37,5000,44,1000,443,yes,12,2700
2025-05-20T11:01:45.848463,KXBTCD-25MAY2015-T106249.99,DELTA,37,5000,44,1000,444,yes,12,-2000
2025-05-20T11:01:45.870634,KXBTCD-25MAY2015-T106249.99,DELTA,37,5000,44,1000,445,yes,12,-1000
2025-05-20T11:01:45.945302,KXBTCD-25MAY2015-T106249.99,DELTA,37,5000,44,1000,446,yes,13,1000
2025-05-20T11:01:45.966649,KXBTCD-25MAY2015-T106249.99,DELTA,37,5000,44,1000,447,yes,13,2000
2025-05-20T11:01:46.007168,KXBTCD-25MAY2015-T106249.99,DELTA,14,3000,44,1000,448,yes,37,-5000
2025-05-20T11:01:46.035311,KXBTCD-25MAY2015-T106249.99,DELTA,14,3000,44,1000,449,no,54,-5000
2025-05-20T11:01:46.423925,KXBTCD-25MAY2015-T106249.99,DELTA,14,3000,44,1000,450,no,55,-20000
2025-05-20T11:01:46.425866,KXBTCD-25MAY2015-T106249.99,DELTA,14,3000,44,1000,451,no,55,-2000
2025-05-20T11:01:46.443979,KXBTCD-25MAY2015-T106249.99,DELTA,14,3000,44,1000,452,no,55,-1250
2025-05-20T11:01:46.565221,KXBTCD-25MAY2015-T106249.99,DELTA,15,9,44,1000,453,yes,15,9
2025-05-20T11:01:46.565861,KXBTCD-25MAY2015-T106249.99,DELTA,15,9,43,9,454,no,57,9
2025-05-20T11:01:46.647370,KXBTCD-25MAY2015-T106249.99,DELTA,38,5000,43,9,455,yes,38,5000
2025-05-20T11:01:46.805024,KXBTCD-25MAY2015-T106249.99,DELTA,38,5100,43,9,456,yes,38,100
2025-05-20T11:01:47.327464,KXBTCD-25MAY2015-T106249.99,DELTA,38,5100,43,9,457,no,52,5000
2025-05-20T11:01:47.604360,KXBTCD-25MAY2015-T106249.99,DELTA,38,5100,43,9,458,no,55,-100
2025-05-20T11:01:47.727314,KXBTCD-25MAY2015-T106249.99,DELTA,38,100,43,9,459,yes,38,-5000
2025-05-20T11:01:47.728560,KXBTCD-25MAY2015-T106249.99,DELTA,39,5000,43,9,460,yes,39,5000
2025-05-20T11:01:47.729437,KXBTCD-25MAY2015-T106249.99,DELTA,39,5000,44,1000,461,no,57,-9
2025-05-20T11:01:47.730105,KXBTCD-25MAY2015-T106249.99,DELTA,39,5000,44,1000,462,yes,15,-9
2025-05-20T11:01:47.909980,KXBTCD-25MAY2015-T106249.99,DELTA,39,5000,44,1000,463,no,53,20000
2025-05-20T11:01:47.910624,KXBTCD-25MAY2015-T106249.99,DELTA,39,5000,44,1000,464,no,53,2000
2025-05-20T11:01:47.911512,KXBTCD-25MAY2015-T106249.99,DELTA,39,5000,47,22000,465,no,56,-1000
2025-05-20T11:01:48.026419,KXBTCD-25MAY2015-T106249.99,DELTA,39,5000,47,22000,466,yes,38,-100
2025-05-20T11:01:49.023904,KXBTCD-25MAY2015-T106249.99,DELTA,39,5000,47,23250,467,no,53,1250
2025-05-20T11:01:49.124549,KXBTCD-25MAY2015-T106249.99,DELTA,39,5000,47,24250,468,no,53,1000
2025-05-20T11:01:49.307386,KXBTCD-25MAY2015-T106249.99,DELTA,39,5000,47,24250,469,yes,12,-2700
2025-05-20T11:01:49.307819,KXBTCD-25MAY2015-T106249.99,DELTA,39,5000,47,24250,470,yes,11,2945
2025-05-20T11:01:49.605841,KXBTCD-25MAY2015-T106249.99,DELTA,39,5000,47,24250,471,yes,13,-2000
2025-05-20T11:01:49.606891,KXBTCD-25MAY2015-T106249.99,DELTA,14,3000,47,24250,472,yes,39,-5000
2025-05-20T11:01:49.607331,KXBTCD-25MAY2015-T106249.99,DELTA,38,5000,47,24250,473,yes,38,5000
2025-05-20T11:01:49.626026,KXBTCD-25MAY2015-T106249.99,DELTA,38,5000,47,24250,474,no,52,100
2025-05-20T11:01:49.626971,KXBTCD-25MAY2015-T106249.99,DELTA,38,5000,47,24250,475,yes,13,-1000
2025-05-20T11:01:49.627590,KXBTCD-25MAY2015-T106249.99,DELTA,38,5000,47,24250,476,no,52,-5000
2025-05-20T11:01:49.628201,KXBTCD-25MAY2015-T106249.99,DELTA,38,5000,47,29250,477,no,53,5000
2025-05-20T11:01:49.704992,KXBTCD-25MAY2015-T106249.99,DELTA,38,5000,47,9250,478,no,53,-20000
2025-05-20T11:01:49.724484,KXBTCD-25MAY2015-T106249.99,DELTA,38,5000,47,7250,479,no,53,-2000
2025-05-20T11:01:49.725257,KXBTCD-25MAY2015-T106249.99,DELTA,38,5000,47,6250,480,no,53,-1000
2025-05-20T11:01:49.743800,KXBTCD-25MAY2015-T106249.99,DELTA,38,5000,47,5000,481,no,53,-1250
2025-05-20T11:01:49.824233,KXBTCD-25MAY2015-T106249.99,DELTA,38,5000,47,5000,482,no,52,-100
2025-05-20T11:01:49.826163,KXBTCD-25MAY2015-T106249.99,DELTA,38,5000,46,1250,483,no,54,1250
2025-05-20T11:01:49.826785,KXBTCD-25MAY2015-T106249.99,DELTA,38,5000,46,2250,484,no,54,1000
2025-05-20T11:01:49.827470,KXBTCD-25MAY2015-T106249.99,DELTA,38,5000,46,4250,485,no,54,2000
2025-05-20T11:01:49.844100,KXBTCD-25MAY2015-T106249.99,DELTA,38,5000,46,24250,486,no,54,20000
2025-05-20T11:01:49.865233,KXBTCD-25MAY2015-T106249.99,DELTA,38,5000,46,24250,487,yes,12,2000
2025-05-20T11:01:49.885494,KXBTCD-25MAY2015-T106249.99,DELTA,38,5000,46,24250,488,yes,12,1000
2025-05-20T11:01:50.185936,KXBTCD-25MAY2015-T106249.99,DELTA,39,100,46,24250,489,yes,39,100
2025-05-20T11:01:50.764815,KXBTCD-25MAY2015-T106249.99,DELTA,39,100,46,24250,490,no,53,100
2025-05-20T11:01:51.222986,KXBTCD-25MAY2015-T106249.99,DELTA,39,100,46,24250,491,no,53,-100
2025-05-20T11:01:51.632990,KXBTCD-25MAY2015-T106249.99,DELTA,39,100,46,24250,492,yes,11,-2945
2025-05-20T11:01:51.634318,KXBTCD-25MAY2015-T106249.99,DELTA,39,100,46,24250,493,yes,12,2700
2025-05-20T11:01:51.684320,KXBTCD-25MAY2015-T106249.99,DELTA,39,100,46,24250,494,yes,12,-2000
2025-05-20T11:01:51.684959,KXBTCD-25MAY2015-T106249.99,DELTA,39,100,46,24250,495,yes,12,-1000
2025-05-20T11:01:51.766831,KXBTCD-25MAY2015-T106249.99,DELTA,39,100,46,24250,496,yes,13,2000
2025-05-20T11:01:51.767153,KXBTCD-25MAY2015-T106249.99,DELTA,39,100,46,24250,497,yes,13,1000
2025-05-20T11:01:52.042058,KXBTCD-25MAY2015-T106249.99,DELTA,39,100,46,24350,498,no,54,100
2025-05-20T11:01:52.104577,KXBTCD-25MAY2015-T106249.99,DELTA,39,100,46,23350,499,no,54,-1000
2025-05-20T11:01:52.146675,KXBTCD-25MAY2015-T106249.99,DELTA,39,100,45,1000,500,no,55,1000
2025-05-20T11:01:52.504353,KXBTCD-25MAY2015-T106249.99,DELTA,39,100,45,1000,501,yes,12,-2700
2025-05-20T11:01:52.505489,KXBTCD-25MAY2015-T106249.99,DELTA,39,100,45,1000,502,yes,11,2945
2025-05-20T11:01:52.584746,KXBTCD-25MAY2015-T106249.99,DELTA,39,100,45,1000,503,yes,13,-2000
2025-05-20T11:01:52.604625,KXBTCD-25MAY2015-T106249.99,DELTA,39,100,45,1000,504,yes,13,-1000
2025-05-20T11:01:52.665709,KXBTCD-25MAY2015-T106249.99,DELTA,39,100,45,1000,505,yes,12,1000
2025-05-20T11:01:52.666527,KXBTCD-25MAY2015-T106249.99,DELTA,39,100,45,1000,506,yes,12,2000
2025-05-20T11:01:53.384362,KXBTCD-25MAY2015-T106249.99,DELTA,39,100,45,1000,507,yes,11,-2945
2025-05-20T11:01:53.385206,KXBTCD-25MAY2015-T106249.99,DELTA,39,100,45,1000,508,yes,12,2700
2025-05-20T11:01:53.445104,KXBTCD-25MAY2015-T106249.99,DELTA,39,100,45,1000,509,yes,12,-2000
2025-05-20T11:01:53.464461,KXBTCD-25MAY2015-T106249.99,DELTA,39,100,45,1000,510,yes,12,-1000
2025-05-20T11:01:53.551101,KXBTCD-25MAY2015-T106249.99,DELTA,39,100,45,1000,511,yes,13,1000
2025-05-20T11:01:53.552298,KXBTCD-25MAY2015-T106249.99,DELTA,39,100,45,1000,512,yes,13,2000
2025-05-20T11:01:54.263929,KXBTCD-25MAY2015-T106249.99,DELTA,39,100,45,1000,513,yes,12,-2700
2025-05-20T11:01:54.264735,KXBTCD-25MAY2015-T106249.99,DELTA,39,100,45,1000,514,yes,11,2945
2025-05-20T11:01:54.325401,KXBTCD-25MAY2015-T106249.99,DELTA,39,100,45,1000,515,yes,13,-2000
2025-05-20T11:01:54.344679,KXBTCD-25MAY2015-T106249.99,DELTA,39,100,45,1000,516,yes,13,-1000
2025-05-20T11:01:54.384825,KXBTCD-25MAY2015-T106249.99,DELTA,39,100,45,1000,517,yes,12,1000
2025-05-20T11:01:54.385724,KXBTCD-25MAY2015-T106249.99,DELTA,39,100,45,1000,518,yes,12,2000
2025-05-20T11:01:55.144362,KXBTCD-25MAY2015-T106249.99,DELTA,39,100,45,1000,519,yes,11,-2945
2025-05-20T11:01:55.145585,KXBTCD-25MAY2015-T106249.99,DELTA,39,100,45,1000,520,yes,12,2700
2025-05-20T11:01:55.244985,KXBTCD-25MAY2015-T106249.99,DELTA,39,100,45,1000,521,yes,12,-2000
2025-05-20T11:01:55.245895,KXBTCD-25MAY2015-T106249.99,DELTA,39,100,45,1000,522,yes,12,-1000
2025-05-20T11:01:55.284783,KXBTCD-25MAY2015-T106249.99,DELTA,39,100,45,1000,523,yes,13,1000
2025-05-20T11:01:55.305268,KXBTCD-25MAY2015-T106249.99,DELTA,39,100,45,1000,524,yes,13,2000
2025-05-20T11:01:57.844964,KXBTCD-25MAY2015-T106249.99,DELTA,39,100,45,1000,525,no,53,-5000
2025-05-20T11:01:57.846007,KXBTCD-25MAY2015-T106249.99,DELTA,39,100,45,1000,526,no,52,5000
2025-05-20T11:01:57.864248,KXBTCD-25MAY2015-T106249.99,DELTA,39,100,45,1000,527,yes,38,-5000
2025-05-20T11:01:57.864882,KXBTCD-25MAY2015-T106249.99,DELTA,39,5100,45,1000,528,yes,39,5000
2025-05-20T11:01:57.924184,KXBTCD-25MAY2015-T106249.99,DELTA,39,5100,45,1000,529,no,54,-20000
2025-05-20T11:01:57.924875,KXBTCD-25MAY2015-T106249.99,DELTA,39,5100,45,1000,530,no,54,-2000
2025-05-20T11:01:57.944304,KXBTCD-25MAY2015-T106249.99,DELTA,39,5100,45,1000,531,no,54,-1250
2025-05-20T11:01:58.024085,KXBTCD-25MAY2015-T106249.99,DELTA,39,5100,45,1000,532,no,53,2000
2025-05-20T11:01:58.044198,KXBTCD-25MAY2015-T106249.99,DELTA,39,5100,45,1000,533,no,53,1250
2025-05-20T11:01:58.104766,KXBTCD-25MAY2015-T106249.99,DELTA,39,5100,45,1000,534,no,53,20000
2025-05-20T11:01:58.204561,KXBTCD-25MAY2015-T106249.99,DELTA,39,5100,45,1000,535,yes,12,-2700
2025-05-20T11:01:58.205527,KXBTCD-25MAY2015-T106249.99,DELTA,39,5100,45,1000,536,yes,11,2945
2025-05-20T11:01:58.303973,KXBTCD-25MAY2015-T106249.99,DELTA,39,5100,45,1000,537,yes,13,-2000
2025-05-20T11:01:58.304893,KXBTCD-25MAY2015-T106249.99,DELTA,39,5100,45,1000,538,yes,13,-1000
2025-05-20T11:01:58.364553,KXBTCD-25MAY2015-T106249.99,DELTA,39,5100,45,1000,539,yes,12,1000
2025-05-20T11:01:58.364808,KXBTCD-25MAY2015-T106249.99,DELTA,39,5100,45,1000,540,yes,12,2000
2025-05-20T11:01:58.384827,KXBTCD-25MAY2015-T106249.99,DELTA,39,5100,45,1000,541,yes,10,-200
2025-05-20T11:01:58.385702,KXBTCD-25MAY2015-T106249.99,DELTA,39,5100,45,1000,542,yes,20,200
2025-05-20T11:01:58.464150,KXBTCD-25MAY2015-T106249.99,DELTA,39,5100,45,1000,543,yes,12,-2000
2025-05-20T11:01:58.464626,KXBTCD-25MAY2015-T106249.99,DELTA,39,5100,45,1000,544,yes,12,-1000
2025-05-20T11:01:58.505648,KXBTCD-25MAY2015-T106249.99,DELTA,39,5100,45,1000,545,no,52,-5000
2025-05-20T11:01:58.506122,KXBTCD-25MAY2015-T106249.99,DELTA,39,5100,45,1000,546,no,51,5000
2025-05-20T11:01:58.506358,KXBTCD-25MAY2015-T106249.99,DELTA,39,5100,45,1000,547,yes,21,2000
2025-05-20T11:01:58.524600,KXBTCD-25MAY2015-T106249.99,DELTA,39,5100,45,1000,548,yes,21,1000
2025-05-20T11:01:58.525622,KXBTCD-25MAY2015-T106249.99,DELTA,39,100,45,1000,549,yes,39,-5000
2025-05-20T11:01:58.525968,KXBTCD-25MAY2015-T106249.99,DELTA,40,5000,45,1000,550,yes,40,5000
2025-05-20T11:01:58.605947,KXBTCD-25MAY2015-T106249.99,DELTA,40,5000,45,1000,551,no,53,-20000
2025-05-20T11:01:58.606702,KXBTCD-25MAY2015-T106249.99,DELTA,40,5000,45,1000,552,no,53,-2000
2025-05-20T11:01:58.624864,KXBTCD-25MAY2015-T106249.99,DELTA,40,5000,45,1000,553,no,53,-1250
2025-05-20T11:01:58.684576,KXBTCD-25MAY2015-T106249.99,DELTA,40,5000,45,1000,554,no,52,1250
2025-05-20T11:01:58.685305,KXBTCD-25MAY2015-T106249.99,DELTA,40,5000,45,1000,555,no,52,20000
2025-05-20T11:01:58.725269,KXBTCD-25MAY2015-T106249.99,DELTA,40,5000,45,1000,556,no,52,2000
2025-05-20T11:01:59.924187,KXBTCD-25MAY2015-T106249.99,DELTA,40,5000,45,1000,557,no,54,-100
2025-05-20T11:01:59.984424,KXBTCD-25MAY2015-T106249.99,DELTA,40,5000,48,23250,558,no,55,-1000
2025-05-20T11:02:00.054559,KXBTCD-25MAY2015-T106249.99,DELTA,40,5000,48,24250,559,no,52,1000
2025-05-20T11:02:00.504666,KXBTCD-25MAY2015-T106249.99,DELTA,40,5000,48,24250,560,no,51,-5000
2025-05-20T11:02:00.504884,KXBTCD-25MAY2015-T106249.99,DELTA,40,5000,48,24250,561,no,48,5000
2025-05-20T11:02:00.526537,KXBTCD-25MAY2015-T106249.99,DELTA,40,5000,48,24250,562,yes,11,-2945
2025-05-20T11:02:00.526754,KXBTCD-25MAY2015-T106249.99,DELTA,40,5000,48,24250,563,yes,4,8100
2025-05-20T11:02:00.544173,KXBTCD-25MAY2015-T106249.99,DELTA,39,100,48,24250,564,yes,40,-5000
2025-05-20T11:02:00.544283,KXBTCD-25MAY2015-T106249.99,DELTA,43,5000,48,24250,565,yes,43,5000
2025-05-20T11:02:00.586425,KXBTCD-25MAY2015-T106249.99,DELTA,43,5000,48,24250,566,no,48,-5000
2025-05-20T11:02:00.586525,KXBTCD-25MAY2015-T106249.99,DELTA,43,5000,48,24250,567,no,47,5000
2025-05-20T11:02:00.586583,KXBTCD-25MAY2015-T106249.99,DELTA,43,5000,48,24250,568,yes,39,-100
2025-05-20T11:02:00.664561,KXBTCD-25MAY2015-T106249.99,DELTA,43,5000,48,24250,569,yes,21,-1000
2025-05-20T11:02:00.664681,KXBTCD-25MAY2015-T106249.99,DELTA,43,5000,48,24250,570,yes,40,20000
2025-05-20T11:02:00.724423,KXBTCD-25MAY2015-T106249.99,DELTA,43,5000,48,4250,571,no,52,-20000
2025-05-20T11:02:00.724606,KXBTCD-25MAY2015-T106249.99,DELTA,43,5000,48,2250,572,no,52,-2000
2025-05-20T11:02:00.724845,KXBTCD-25MAY2015-T106249.99,DELTA,40,20000,48,2250,573,yes,43,-5000
2025-05-20T11:02:00.724991,KXBTCD-25MAY2015-T106249.99,DELTA,44,5000,48,2250,574,yes,44,5000
2025-05-20T11:02:00.725273,KXBTCD-25MAY2015-T106249.99,DELTA,44,5000,48,2250,575,no,6,-8000
2025-05-20T11:02:00.725485,KXBTCD-25MAY2015-T106249.99,DELTA,44,5000,48,2250,576,no,51,100
2025-05-20T11:02:00.726106,KXBTCD-25MAY2015-T106249.99,DELTA,44,5000,48,1000,577,no,52,-1250
2025-05-20T11:02:00.726196,KXBTCD-25MAY2015-T106249.99,DELTA,44,5000,49,100,578,no,52,-1000
2025-05-20T11:02:00.743527,KXBTCD-25MAY2015-T106249.99,DELTA,44,5000,49,100,579,no,40,-3000
2025-05-20T11:02:00.843710,KXBTCD-25MAY2015-T106249.99,DELTA,44,5000,49,100,580,yes,40,-20000
2025-05-20T11:02:00.943766,KXBTCD-25MAY2015-T106249.99,DELTA,44,5000,49,100,581,no,48,20000
2025-05-20T11:02:00.944732,KXBTCD-25MAY2015-T106249.99,DELTA,44,5000,49,100,582,no,1,8000
2025-05-20T11:02:00.964156,KXBTCD-25MAY2015-T106249.99,DELTA,44,5000,48,1000,583,no,52,1000
2025-05-20T11:02:01.024028,KXBTCD-25MAY2015-T106249.99,DELTA,44,5000,48,1000,584,no,48,2000
2025-05-20T11:02:01.024829,KXBTCD-25MAY2015-T106249.99,DELTA,44,5000,48,1000,585,yes,21,1000
2025-05-20T11:02:01.043832,KXBTCD-25MAY2015-T106249.99,DELTA,44,5000,48,1000,586,no,48,1250
2025-05-20T11:02:01.044657,KXBTCD-25MAY2015-T106249.99,DELTA,44,5000,48,1000,587,no,51,-100
2025-05-20T11:02:01.084312,KXBTCD-25MAY2015-T106249.99,DELTA,44,5000,48,1000,588,no,31,3000
2025-05-20T11:02:01.085113,KXBTCD-25MAY2015-T106249.99,DELTA,44,5000,48,1000,589,yes,5,20000
2025-05-20T11:02:01.124689,KXBTCD-25MAY2015-T106249.99,DELTA,44,5000,52,23250,590,no,52,-1000
2025-05-20T11:02:01.205714,KXBTCD-25MAY2015-T106249.99,DELTA,44,5000,52,24250,591,no,48,1000
2025-05-20T11:02:01.506277,KXBTCD-25MAY2015-T106249.99,DELTA,44,5000,52,24250,592,yes,4,-8100
2025-05-20T11:02:01.506744,KXBTCD-25MAY2015-T106249.99,DELTA,44,5000,52,24250,593,yes,6,5400
2025-05-20T11:02:01.569758,KXBTCD-25MAY2015-T106249.99,DELTA,44,5000,52,24250,594,no,7,-4628
2025-05-20T11:02:01.570248,KXBTCD-25MAY2015-T106249.99,DELTA,44,5000,52,24250,595,no,4,8100
2025-05-20T11:02:01.664032,KXBTCD-25MAY2015-T106249.99,DELTA,44,5000,52,24250,596,yes,5,-20000
2025-05-20T11:02:01.724276,KXBTCD-25MAY2015-T106249.99,DELTA,44,5000,52,24250,597,yes,7,20000
2025-05-20T11:02:01.724556,KXBTCD-25MAY2015-T106249.99,DELTA,44,5100,52,24250,598,yes,44,100
2025-05-20T11:02:01.743429,KXBTCD-25MAY2015-T106249.99,DELTA,44,5100,52,24350,599,no,48,100
2025-05-20T11:02:01.866331,KXBTCD-25MAY2015-T106249.99,DELTA,44,5100,52,23350,600,no,48,-1000
2025-05-20T11:02:01.948317,KXBTCD-25MAY2015-T106249.99,DELTA,44,5100,51,1000,601,no,49,1000
2025-05-20T11:02:02.984913,KXBTCD-25MAY2015-T106249.99,DELTA,44,5100,51,1000,602,no,47,-5000
2025-05-20T11:02:02.985796,KXBTCD-25MAY2015-T106249.99,DELTA,44,5100,51,1000,603,no,46,5000
2025-05-20T11:02:03.004051,KXBTCD-25MAY2015-T106249.99,DELTA,44,100,51,1000,604,yes,44,-5000
2025-05-20T11:02:03.004866,KXBTCD-25MAY2015-T106249.99,DELTA,45,5000,51,1000,605,yes,45,5000
2025-05-20T11:02:03.087089,KXBTCD-25MAY2015-T106249.99,DELTA,45,5000,51,1000,606,no,48,-20000
2025-05-20T11:02:03.103188,KXBTCD-25MAY2015-T106249.99,DELTA,45,5000,51,1000,607,no,48,-2000
2025-05-20T11:02:03.103620,KXBTCD-25MAY2015-T106249.99,DELTA,45,5000,51,1000,608,no,48,-1250
2025-05-20T11:02:03.224073,KXBTCD-25MAY2015-T106249.99,DELTA,45,5000,51,1000,609,yes,44,-100
2025-05-20T11:02:03.244864,KXBTCD-25MAY2015-T106249.99,DELTA,45,5000,51,1000,610,no,47,20000
2025-05-20T11:02:03.245447,KXBTCD-25MAY2015-T106249.99,DELTA,45,5000,51,1000,611,no,47,1250
2025-05-20T11:02:03.245784,KXBTCD-25MAY2015-T106249.99,DELTA,45,5000,51,1000,612,no,47,2000
2025-05-20T11:02:03.465819,KXBTCD-25MAY2015-T106249.99,DELTA,45,5000,51,1000,613,no,48,-100
2025-05-20T11:02:03.504573,KXBTCD-25MAY2015-T106249.99,DELTA,45,5000,51,1000,614,no,30,-200
2025-05-20T11:02:03.504793,KXBTCD-25MAY2015-T106249.99,DELTA,45,5000,51,1000,615,no,20,200
2025-05-20T11:02:03.504896,KXBTCD-25MAY2015-T106249.99,DELTA,45,5000,51,1000,616,yes,14,-3000
2025-05-20T11:02:03.524362,KXBTCD-25MAY2015-T106249.99,DELTA,45,5000,51,1000,617,no,47,-1250
2025-05-20T11:02:03.564466,KXBTCD-25MAY2015-T106249.99,DELTA,45,5000,51,1000,618,yes,6,-5400
2025-05-20T11:02:03.564752,KXBTCD-25MAY2015-T106249.99,DELTA,45,5000,51,1000,619,yes,8,4050
2025-05-20T11:02:03.603372,KXBTCD-25MAY2015-T106249.99,DELTA,45,5000,53,22000,620,no,49,-1000
2025-05-20T11:02:03.644354,KXBTCD-25MAY2015-T106249.99,DELTA,45,5000,53,22000,621,yes,21,3000
2025-05-20T11:02:03.644477,KXBTCD-25MAY2015-T106249.99,DELTA,45,5000,53,22000,622,no,46,1250
2025-05-20T11:02:03.703960,KXBTCD-25MAY2015-T106249.99,DELTA,45,5000,53,23000,623,no,47,1000
2025-05-20T11:02:03.784213,KXBTCD-25MAY2015-T106249.99,DELTA,45,5000,53,23000,624,yes,7,-20000
2025-05-20T11:02:03.844544,KXBTCD-25MAY2015-T106249.99,DELTA,45,5000,53,23000,625,yes,9,20000
2025-05-20T11:02:03.985075,KXBTCD-25MAY2015-T106249.99,DELTA,45,5000,53,23000,626,no,46,-1250
2025-05-20T11:02:04.043066,KXBTCD-25MAY2015-T106249.99,DELTA,45,5000,53,24250,627,no,47,1250
2025-05-20T11:02:04.304020,KXBTCD-25MAY2015-T106249.99,DELTA,45,5100,53,24250,628,yes,45,100
2025-05-20T11:02:04.305481,KXBTCD-25MAY2015-T106249.99,DELTA,45,5100,53,24350,629,no,47,100
2025-05-20T11:02:04.449890,KXBTCD-25MAY2015-T106249.99,DELTA,45,100,53,24350,630,yes,45,-5000
2025-05-20T11:02:04.450724,KXBTCD-25MAY2015-T106249.99,DELTA,45,100,53,24350,631,yes,44,5000
2025-05-20T11:02:04.451289,KXBTCD-25MAY2015-T106249.99,DELTA,45,100,53,24350,632,no,46,-5000
2025-05-20T11:02:04.451781,KXBTCD-25MAY2015-T106249.99,DELTA,45,100,53,29350,633,no,47,5000
2025-05-20T11:02:04.504142,KXBTCD-25MAY2015-T106249.99,DELTA,45,100,53,28350,634,no,47,-1000
2025-05-20T11:02:04.524661,KXBTCD-25MAY2015-T106249.99,DELTA,44,5000,53,28350,635,yes,45,-100
2025-05-20T11:02:04.564869,KXBTCD-25MAY2015-T106249.99,DELTA,44,5000,53,8350,636,no,47,-20000
2025-05-20T11:02:04.565679,KXBTCD-25MAY2015-T106249.99,DELTA,44,5000,52,1000,637,no,48,1000
2025-05-20T11:02:04.566323,KXBTCD-25MAY2015-T106249.99,DELTA,44,5000,52,1000,638,no,47,-2000
2025-05-20T11:02:04.583724,KXBTCD-25MAY2015-T106249.99,DELTA,44,5000,52,1000,639,no,47,-1250
2025-05-20T11:02:04.584026,KXBTCD-25MAY2015-T106249.99,DELTA,21,6000,52,1000,640,yes,44,-5000
2025-05-20T11:02:04.584364,KXBTCD-25MAY2015-T106249.99,DELTA,43,5000,52,1000,641,yes,43,5000
2025-05-20T11:02:04.604390,KXBTCD-25MAY2015-T106249.99,DELTA,43,5000,52,1000,642,no,47,-5000
2025-05-20T11:02:04.604894,KXBTCD-25MAY2015-T106249.99,DELTA,43,5000,52,6000,643,no,48,5000
2025-05-20T11:02:04.645085,KXBTCD-25MAY2015-T106249.99,DELTA,43,5000,52,8000,644,no,48,2000
2025-05-20T11:02:04.645672,KXBTCD-25MAY2015-T106249.99,DELTA,43,5000,52,28000,645,no,48,20000
2025-05-20T11:02:04.645882,KXBTCD-25MAY2015-T106249.99,DELTA,43,5000,52,29250,646,no,48,1250
2025-05-20T11:02:04.646208,KXBTCD-25MAY2015-T106249.99,DELTA,43,5000,52,29250,647,yes,8,-4050
2025-05-20T11:02:04.646496,KXBTCD-25MAY2015-T106249.99,DELTA,43,5000,52,29250,648,yes,10,3240
2025-05-20T11:02:04.996339,KXBTCD-25MAY2015-T106249.99,DELTA,43,5000,52,9250,649,no,48,-20000
2025-05-20T11:02:04.996868,KXBTCD-25MAY2015-T106249.99,DELTA,43,5000,52,9250,650,yes,9,-20000
2025-05-20T11:02:04.997585,KXBTCD-25MAY2015-T106249.99,DELTA,43,5000,52,7250,651,no,48,-2000
2025-05-20T11:02:04.998391,KXBTCD-25MAY2015-T106249.99,DELTA,43,5000,52,6250,652,no,48,-1000
2025-05-20T11:02:04.998735,KXBTCD-25MAY2015-T106249.99,DELTA,43,5000,52,5000,653,no,48,-1250
2025-05-20T11:02:04.998944,KXBTCD-25MAY2015-T106249.99,DELTA,43,5000,53,100,654,no,48,-5000
2025-05-20T11:02:04.999091,KXBTCD-25MAY2015-T106249.99,DELTA,43,5000,53,5100,655,no,47,5000
2025-05-20T11:02:04.999291,KXBTCD-25MAY2015-T106249.99,DELTA,21,6000,53,5100,656,yes,43,-5000
2025-05-20T11:02:04.999405,KXBTCD-25MAY2015-T106249.99,DELTA,44,5000,53,5100,657,yes,44,5000
2025-05-20T11:02:04.999514,KXBTCD-25MAY2015-T106249.99,DELTA,44,5000,53,5100,658,yes,11,20000
2025-05-20T11:02:04.999619,KXBTCD-25MAY2015-T106249.99,DELTA,44,5000,51,2000,659,no,49,2000
2025-05-20T11:02:04.999787,KXBTCD-25MAY2015-T106249.99,DELTA,44,5000,51,3250,660,no,49,1250
2025-05-20T11:02:05.000008,KXBTCD-25MAY2015-T106249.99,DELTA,44,5000,51,4250,661,no,49,1000
2025-05-20T11:02:05.000126,KXBTCD-25MAY2015-T106249.99,DELTA,44,5000,51,24250,662,no,49,20000
2025-05-20T11:02:05.024179,KXBTCD-25MAY2015-T106249.99,DELTA,44,5000,51,4250,663,no,49,-20000
2025-05-20T11:02:05.024573,KXBTCD-25MAY2015-T106249.99,DELTA,44,5000,51,2250,664,no,49,-2000
2025-05-20T11:02:05.051251,KXBTCD-25MAY2015-T106249.99,DELTA,44,5000,51,1250,665,no,49,-1000
2025-05-20T11:02:05.052015,KXBTCD-25MAY2015-T106249.99,DELTA,44,5000,53,5100,666,no,49,-1250
2025-05-20T11:02:05.105229,KXBTCD-25MAY2015-T106249.99,DELTA,44,5000,52,2000,667,no,48,2000
2025-05-20T11:02:05.106204,KXBTCD-25MAY2015-T106249.99,DELTA,44,5000,52,3250,668,no,48,1250
2025-05-20T11:02:05.106585,KXBTCD-25MAY2015-T106249.99,DELTA,44,5000,52,4250,669,no,48,1000
2025-05-20T11:02:05.185323,KXBTCD-25MAY2015-T106249.99,DELTA,44,5000,52,4250,670,no,47,-100
2025-05-20T11:02:05.186168,KXBTCD-25MAY2015-T106249.99,DELTA,44,5000,52,24250,671,no,48,20000
2025-05-20T11:02:05.369883,KXBTCD-25MAY2015-T106249.99,DELTA,44,5100,52,24250,672,yes,44,100
2025-05-20T11:02:05.945016,KXBTCD-25MAY2015-T106249.99,DELTA,44,5100,52,24350,673,no,48,100
2025-05-20T11:02:06.004138,KXBTCD-25MAY2015-T106249.99,DELTA,44,5100,52,23350,674,no,48,-1000
2025-05-20T11:02:06.124968,KXBTCD-25MAY2015-T106249.99,DELTA,44,5100,51,1000,675,no,49,1000
2025-05-20T11:02:07.724180,KXBTCD-25MAY2015-T106249.99,DELTA,44,5100,51,1000,676,yes,10,-3240
2025-05-20T11:02:07.725044,KXBTCD-25MAY2015-T106249.99,DELTA,44,5100,51,1000,677,yes,12,2700
2025-05-20T11:02:08.226057,KXBTCD-25MAY2015-T106249.99,DELTA,44,5100,51,1000,678,yes,11,-20000
2025-05-20T11:02:08.605823,KXBTCD-25MAY2015-T106249.99,DELTA,44,5100,51,1000,679,no,47,-5000
2025-05-20T11:02:08.606378,KXBTCD-25MAY2015-T106249.99,DELTA,44,5100,51,1000,680,no,46,5000
2025-05-20T11:02:08.705740,KXBTCD-25MAY2015-T106249.99,DELTA,44,5100,51,1000,681,no,48,-1250
2025-05-20T11:02:08.706267,KXBTCD-25MAY2015-T106249.99,DELTA,44,5100,51,1000,682,no,48,-20000
2025-05-20T11:02:08.706529,KXBTCD-25MAY2015-T106249.99,DELTA,44,100,51,1000,683,yes,44,-5000
2025-05-20T11:02:08.706843,KXBTCD-25MAY2015-T106249.99,DELTA,45,5000,51,1000,684,yes,45,5000
2025-05-20T11:02:08.707135,KXBTCD-25MAY2015-T106249.99,DELTA,45,5000,51,1000,685,yes,44,-100
2025-05-20T11:02:08.724433,KXBTCD-25MAY2015-T106249.99,DELTA,45,5000,51,1000,686,no,48,-2000
2025-05-20T11:02:08.805162,KXBTCD-25MAY2015-T106249.99,DELTA,45,5000,51,1000,687,no,46,1250
2025-05-20T11:02:08.806176,KXBTCD-25MAY2015-T106249.99,DELTA,45,5000,51,1000,688,no,47,20000
2025-05-20T11:02:08.903814,KXBTCD-25MAY2015-T106249.99,DELTA,45,5000,51,1000,689,no,47,2000
2025-05-20T11:02:09.544448,KXBTCD-25MAY2015-T106249.99,DELTA,45,5000,51,1000,690,yes,12,-2700
2025-05-20T11:02:09.544963,KXBTCD-25MAY2015-T106249.99,DELTA,45,5000,51,1000,691,yes,4,8100
2025-05-20T11:02:09.545221,KXBTCD-25MAY2015-T106249.99,DELTA,45,5000,51,1000,692,no,48,-100
2025-05-20T11:02:09.604062,KXBTCD-25MAY2015-T106249.99,DELTA,45,5000,53,22000,693,no,49,-1000
2025-05-20T11:02:09.604795,KXBTCD-25MAY2015-T106249.99,DELTA,45,5000,53,22000,694,yes,5,20000
2025-05-20T11:02:09.644091,KXBTCD-25MAY2015-T106249.99,DELTA,45,5000,53,23000,695,no,47,1000
2025-05-20T11:02:09.744139,KXBTCD-25MAY2015-T106249.99,DELTA,45,5100,53,23000,696,yes,45,100
2025-05-20T11:02:10.404502,KXBTCD-25MAY2015-T106249.99,DELTA,45,5100,53,23000,697,yes,4,-8100
2025-05-20T11:02:10.405367,KXBTCD-25MAY2015-T106249.99,DELTA,45,5100,53,23000,698,yes,6,5400
2025-05-20T11:02:10.491419,KXBTCD-25MAY2015-T106249.99,DELTA,45,5100,53,23000,699,yes,5,-20000
2025-05-20T11:02:10.524437,KXBTCD-25MAY2015-T106249.99,DELTA,45,5100,53,23000,700,yes,7,20000
2025-05-20T11:02:11.124905,KXBTCD-25MAY2015-T106249.99,DELTA,45,5100,53,23100,701,no,47,100
2025-05-20T11:02:11.263716,KXBTCD-25MAY2015-T106249.99,DELTA,45,5100,53,22100,702,no,47,-1000
2025-05-20T11:02:11.286630,KXBTCD-25MAY2015-T106249.99,DELTA,45,5100,53,22100,703,yes,6,-5400
2025-05-20T11:02:11.287829,KXBTCD-25MAY2015-T106249.99,DELTA,45,5100,53,22100,704,yes,8,4050
2025-05-20T11:02:11.324244,KXBTCD-25MAY2015-T106249.99,DELTA,45,5100,52,1000,705,no,48,1000
2025-05-20T11:02:11.385230,KXBTCD-25MAY2015-T106249.99,DELTA,45,5100,52,1000,706,yes,7,-20000
2025-05-20T11:02:11.424863,KXBTCD-25MAY2015-T106249.99,DELTA,45,5100,52,1000,707,yes,9,20000
2025-05-20T11:02:12.185675,KXBTCD-25MAY2015-T106249.99,DELTA,45,5100,52,1000,708,yes,8,-4050
2025-05-20T11:02:12.186327,KXBTCD-25MAY2015-T106249.99,DELTA,45,5100,52,1000,709,yes,10,3240
2025-05-20T11:02:12.245251,KXBTCD-25MAY2015-T106249.99,DELTA,45,5100,52,1000,710,yes,9,-20000
2025-05-20T11:02:12.303911,KXBTCD-25MAY2015-T106249.99,DELTA,45,5100,52,1000,711,yes,11,20000
2025-05-20T11:02:12.724771,KXBTCD-25MAY2015-T106249.99,DELTA,45,5100,52,1000,712,no,46,-1250
2025-05-20T11:02:12.924773,KXBTCD-25MAY2015-T106249.99,DELTA,45,5000,52,1000,713,yes,45,-100
2025-05-20T11:02:12.984518,KXBTCD-25MAY2015-T106249.99,DELTA,21,6000,52,1000,714,yes,45,-5000
2025-05-20T11:02:12.985404,KXBTCD-25MAY2015-T106249.99,DELTA,21,6000,52,1000,715,no,46,-5000
2025-05-20T11:02:12.985871,KXBTCD-25MAY2015-T106249.99,DELTA,21,6000,52,1000,716,no,45,5000
2025-05-20T11:02:13.065015,KXBTCD-25MAY2015-T106249.99,DELTA,46,5000,52,1000,717,yes,46,5000
2025-05-20T11:02:13.105071,KXBTCD-25MAY2015-T106249.99,DELTA,46,5000,52,1000,718,no,47,-20000
2025-05-20T11:02:13.105900,KXBTCD-25MAY2015-T106249.99,DELTA,46,5000,52,1000,719,no,45,1250
2025-05-20T11:02:13.106340,KXBTCD-25MAY2015-T106249.99,DELTA,46,5000,52,1000,720,no,47,-2000
2025-05-20T11:02:13.164888,KXBTCD-25MAY2015-T106249.99,DELTA,46,5000,52,1000,721,no,46,2000
2025-05-20T11:02:13.165783,KXBTCD-25MAY2015-T106249.99,DELTA,46,5000,52,1000,722,no,46,20000
2025-05-20T11:02:13.804970,KXBTCD-25MAY2015-T106249.99,DELTA,46,5000,52,1000,723,no,45,-1250
2025-05-20T11:02:13.884579,KXBTCD-25MAY2015-T106249.99,DELTA,46,5000,52,1000,724,no,46,1250
2025-05-20T11:02:13.944946,KXBTCD-25MAY2015-T106249.99,DELTA,46,5000,52,1000,725,no,45,-5000
2025-05-20T11:02:13.963993,KXBTCD-25MAY2015-T106249.99,DELTA,21,6000,52,1000,726,yes,46,-5000
2025-05-20T11:02:13.964612,KXBTCD-25MAY2015-T106249.99,DELTA,45,5000,52,1000,727,yes,45,5000
2025-05-20T11:02:14.070266,KXBTCD-25MAY2015-T106249.99,DELTA,45,5000,52,1000,728,no,46,5000
2025-05-20T11:02:14.070962,KXBTCD-25MAY2015-T106249.99,DELTA,45,5000,52,1000,729,no,46,-20000
2025-05-20T11:02:14.084263,KXBTCD-25MAY2015-T106249.99,DELTA,45,5000,52,1000,730,no,46,-2000
2025-05-20T11:02:14.085139,KXBTCD-25MAY2015-T106249.99,DELTA,45,5000,52,1000,731,no,46,-1250
2025-05-20T11:02:14.164485,KXBTCD-25MAY2015-T106249.99,DELTA,45,5000,52,1000,732,no,47,2000
2025-05-20T11:02:14.165199,KXBTCD-25MAY2015-T106249.99,DELTA,45,5000,52,1000,733,no,46,1250
2025-05-20T11:02:14.165715,KXBTCD-25MAY2015-T106249.99,DELTA,45,5000,52,1000,734,no,47,20000
2025-05-20T11:02:14.604390,KXBTCD-25MAY2015-T106249.99,DELTA,45,5100,52,1000,735,yes,45,100
2025-05-20T11:02:15.044612,KXBTCD-25MAY2015-T106249.99,DELTA,45,5000,52,1000,736,yes,45,-100
2025-05-20T11:02:15.745096,KXBTCD-25MAY2015-T106249.99,DELTA,45,5100,52,1000,737,yes,45,100
2025-05-20T11:02:15.964356,KXBTCD-25MAY2015-T106249.99,DELTA,45,5000,52,1000,738,yes,45,-100
2025-05-20T11:02:16.164144,KXBTCD-25MAY2015-T106249.99,DELTA,45,5000,52,1000,739,yes,10,-3240
2025-05-20T11:02:16.164864,KXBTCD-25MAY2015-T106249.99,DELTA,45,5000,52,1000,740,yes,11,2945
2025-05-20T11:02:16.246118,KXBTCD-25MAY2015-T106249.99,DELTA,45,5000,52,1000,741,yes,11,-20000
2025-05-20T11:02:16.585241,KXBTCD-25MAY2015-T106249.99,DELTA,45,5000,52,1000,742,no,46,-1250
2025-05-20T11:02:16.645339,KXBTCD-25MAY2015-T106249.99,DELTA,45,5000,52,1000,743,no,47,1250
2025-05-20T11:02:16.844526,KXBTCD-25MAY2015-T106249.99,DELTA,45,5100,52,1000,744,yes,45,100
2025-05-20T11:02:17.004975,KXBTCD-25MAY2015-T106249.99,DELTA,45,5000,52,1000,745,yes,45,-100
2025-05-20T11:02:17.233047,KXBTCD-25MAY2015-T106249.99,DELTA,45,5000,52,1000,746,no,47,-1250
2025-05-20T11:02:17.245595,KXBTCD-25MAY2015-T106249.99,DELTA,45,5000,52,1000,747,no,46,1250
2025-05-20T11:02:17.324789,KXBTCD-25MAY2015-T106249.99,DELTA,48,50,52,1000,748,yes,48,50
2025-05-20T11:02:17.325611,KXBTCD-25MAY2015-T106249.99,DELTA,48,50,51,150,749,no,49,150
2025-05-20T11:02:17.404065,KXBTCD-25MAY2015-T106249.99,DELTA,48,50,51,150,750,no,48,-1000
2025-05-20T11:02:17.444702,KXBTCD-25MAY2015-T106249.99,DELTA,48,50,50,1000,751,no,50,1000
2025-05-20T11:02:17.984115,KXBTCD-25MAY2015-T106249.99,DELTA,48,50,50,1000,752,yes,46,100
2025-05-20T11:02:18.023876,KXBTCD-25MAY2015-T106249.99,DELTA,48,50,50,1000,753,yes,11,-2945
2025-05-20T11:02:18.025024,KXBTCD-25MAY2015-T106249.99,DELTA,48,50,50,1000,754,yes,4,8100
2025-05-20T11:02:18.083184,KXBTCD-25MAY2015-T106249.99,DELTA,48,50,50,1000,755,yes,5,20000
2025-05-20T11:02:18.865540,KXBTCD-25MAY2015-T106249.99,DELTA,48,50,50,1000,756,no,47,-2000
2025-05-20T11:02:18.866349,KXBTCD-25MAY2015-T106249.99,DELTA,48,50,50,1000,757,no,46,-1250
2025-05-20T11:02:18.904873,KXBTCD-25MAY2015-T106249.99,DELTA,48,50,50,1000,758,yes,4,-8100
2025-05-20T11:02:18.905704,KXBTCD-25MAY2015-T106249.99,DELTA,48,50,50,1000,759,yes,6,5400
2025-05-20T11:02:18.945951,KXBTCD-25MAY2015-T106249.99,DELTA,48,50,50,1000,760,no,49,2000
2025-05-20T11:02:18.946688,KXBTCD-25MAY2015-T106249.99,DELTA,48,50,50,1000,761,no,47,1250
2025-05-20T11:02:18.965047,KXBTCD-25MAY2015-T106249.99,DELTA,48,50,50,1000,762,yes,5,-20000
2025-05-20T11:02:19.005209,KXBTCD-25MAY2015-T106249.99,DELTA,48,50,50,1000,763,yes,7,20000
2025-05-20T11:02:19.784779,KXBTCD-25MAY2015-T106249.99,DELTA,48,50,50,1000,764,yes,6,-5400
2025-05-20T11:02:19.786525,KXBTCD-25MAY2015-T106249.99,DELTA,48,50,50,1000,765,yes,8,4050
2025-05-20T11:02:19.865602,KXBTCD-25MAY2015-T106249.99,DELTA,48,50,50,1000,766,yes,7,-20000
2025-05-20T11:02:19.884700,KXBTCD-25MAY2015-T106249.99,DELTA,46,100,50,1000,767,yes,48,-50
2025-05-20T11:02:19.904650,KXBTCD-25MAY2015-T106249.99,DELTA,46,100,50,1000,768,no,49,-2000
2025-05-20T11:02:19.905383,KXBTCD-25MAY2015-T106249.99,DELTA,46,100,50,1000,769,no,49,-150
2025-05-20T11:02:19.905819,KXBTCD-25MAY2015-T106249.99,DELTA,46,100,50,1000,770,no,47,-1250
2025-05-20T11:02:19.944809,KXBTCD-25MAY2015-T106249.99,DELTA,48,250,50,1000,771,yes,48,250
2025-05-20T11:02:19.964615,KXBTCD-25MAY2015-T106249.99,DELTA,48,250,50,1000,772,no,48,200
2025-05-20T11:02:19.965270,KXBTCD-25MAY2015-T106249.99,DELTA,48,250,50,1000,773,yes,9,20000
2025-05-20T11:02:20.023728,KXBTCD-25MAY2015-T106249.99,DELTA,48,250,50,1000,774,no,46,-5000
2025-05-20T11:02:20.024284,KXBTCD-25MAY2015-T106249.99,DELTA,48,250,50,1000,775,no,45,5000
2025-05-20T11:02:20.024770,KXBTCD-25MAY2015-T106249.99,DELTA,48,250,50,1000,776,no,46,1250
2025-05-20T11:02:20.025509,KXBTCD-25MAY2015-T106249.99,DELTA,48,250,52,200,777,no,50,-1000
2025-05-20T11:02:20.045778,KXBTCD-25MAY2015-T106249.99,DELTA,48,250,52,200,778,no,47,2000
2025-05-20T11:02:20.046863,KXBTCD-25MAY2015-T106249.99,DELTA,48,250,52,200,779,yes,45,-5000
2025-05-20T11:02:20.047538,KXBTCD-25MAY2015-T106249.99,DELTA,48,250,52,200,780,yes,46,5000
2025-05-20T11:02:20.145980,KXBTCD-25MAY2015-T106249.99,DELTA,48,250,52,200,781,no,47,-20000
2025-05-20T11:02:20.146718,KXBTCD-25MAY2015-T106249.99,DELTA,48,250,51,1000,782,no,49,1000
2025-05-20T11:02:20.167717,KXBTCD-25MAY2015-T106249.99,DELTA,48,250,51,1000,783,no,47,-2000
2025-05-20T11:02:20.204950,KXBTCD-25MAY2015-T106249.99,DELTA,48,250,51,1000,784,no,46,20000
2025-05-20T11:02:20.205620,KXBTCD-25MAY2015-T106249.99,DELTA,48,250,51,1000,785,no,48,2000
2025-05-20T11:02:20.645095,KXBTCD-25MAY2015-T106249.99,DELTA,48,250,51,1000,786,yes,8,-4050
2025-05-20T11:02:20.646015,KXBTCD-25MAY2015-T106249.99,DELTA,48,250,51,1000,787,yes,10,3240
2025-05-20T11:02:20.704393,KXBTCD-25MAY2015-T106249.99,DELTA,48,250,51,1000,788,yes,9,-20000
2025-05-20T11:02:20.765038,KXBTCD-25MAY2015-T106249.99,DELTA,48,250,51,1000,789,yes,11,20000
2025-05-20T11:02:20.863953,KXBTCD-25MAY2015-T106249.99,DELTA,46,5100,51,1000,790,yes,48,-250
2025-05-20T11:02:20.884897,KXBTCD-25MAY2015-T106249.99,DELTA,46,5100,51,1000,791,no,48,-200
2025-05-20T11:02:20.903487,KXBTCD-25MAY2015-T106249.99,DELTA,47,150,51,1000,792,yes,47,150
2025-05-20T11:02:20.923719,KXBTCD-25MAY2015-T106249.99,DELTA,47,150,50,50,793,no,50,50
2025-05-20T11:02:20.946127,KXBTCD-25MAY2015-T106249.99,DELTA,47,150,50,50,794,no,48,-2000
2025-05-20T11:02:20.965003,KXBTCD-25MAY2015-T106249.99,DELTA,47,150,50,50,795,no,49,-1000
2025-05-20T11:02:21.025005,KXBTCD-25MAY2015-T106249.99,DELTA,47,150,50,50,796,no,46,2000
2025-05-20T11:02:21.044616,KXBTCD-25MAY2015-T106249.99,DELTA,47,150,49,1000,797,no,51,1000
2025-05-20T11:02:21.044864,KXBTCD-25MAY2015-T106249.99,DELTA,47,150,49,1000,798,yes,46,-5000
2025-05-20T11:02:21.045186,KXBTCD-25MAY2015-T106249.99,DELTA,47,150,49,1000,799,yes,44,5000
2025-05-20T11:02:21.065097,KXBTCD-25MAY2015-T106249.99,DELTA,47,150,49,1000,800,no,45,-5000
2025-05-20T11:02:21.065730,KXBTCD-25MAY2015-T106249.99,DELTA,47,150,49,1000,801,no,47,5000
2025-05-20T11:02:21.105773,KXBTCD-25MAY2015-T106249.99,DELTA,47,150,49,1000,802,no,50,-50
2025-05-20T11:02:21.164900,KXBTCD-25MAY2015-T106249.99,DELTA,47,150,49,1000,803,no,47,-5000
2025-05-20T11:02:21.165398,KXBTCD-25MAY2015-T106249.99,DELTA,47,150,49,1000,804,no,46,5000
2025-05-20T11:02:21.165761,KXBTCD-25MAY2015-T106249.99,DELTA,47,150,49,1000,805,no,46,-20000
2025-05-20T11:02:21.184753,KXBTCD-25MAY2015-T106249.99,DELTA,47,150,49,1000,806,no,46,-2000
2025-05-20T11:02:21.185277,KXBTCD-25MAY2015-T106249.99,DELTA,47,150,49,1000,807,yes,44,-5000
2025-05-20T11:02:21.185590,KXBTCD-25MAY2015-T106249.99,DELTA,47,150,49,1000,808,yes,45,5000
2025-05-20T11:02:21.185822,KXBTCD-25MAY2015-T106249.99,DELTA,47,150,53,100,809,no,51,-1000
2025-05-20T11:02:21.186068,KXBTCD-25MAY2015-T106249.99,DELTA,47,150,51,100,810,no,49,100
2025-05-20T11:02:21.186905,KXBTCD-25MAY2015-T106249.99,DELTA,47,150,51,100,811,no,46,-1250
2025-05-20T11:02:21.265967,KXBTCD-25MAY2015-T106249.99,DELTA,47,150,51,100,812,no,47,20000
2025-05-20T11:02:21.284134,KXBTCD-25MAY2015-T106249.99,DELTA,47,150,51,100,813,no,47,2000
2025-05-20T11:02:21.284535,KXBTCD-25MAY2015-T106249.99,DELTA,47,150,51,100,814,no,48,1000
2025-05-20T11:02:21.425000,KXBTCD-25MAY2015-T106249.99,DELTA,47,150,51,100,815,no,46,1250
2025-05-20T11:02:21.525083,KXBTCD-25MAY2015-T106249.99,DELTA,47,150,51,100,816,yes,10,-3240
2025-05-20T11:02:21.525933,KXBTCD-25MAY2015-T106249.99,DELTA,47,150,51,100,817,yes,11,2945
2025-05-20T11:02:21.564886,KXBTCD-25MAY2015-T106249.99,DELTA,47,150,51,100,818,no,48,-1000
2025-05-20T11:02:21.628340,KXBTCD-25MAY2015-T106249.99,DELTA,47,150,51,100,819,yes,11,-20000
2025-05-20T11:02:21.628762,KXBTCD-25MAY2015-T106249.99,DELTA,47,150,50,1000,820,no,50,1000
2025-05-20T11:02:21.982863,KXBTCD-25MAY2015-T106249.99,DELTA,47,150,50,1000,821,no,49,-100
2025-05-20T11:02:22.004119,KXBTCD-25MAY2015-T106249.99,DELTA,47,150,50,1000,822,no,48,250
2025-05-20T11:02:22.064458,KXBTCD-25MAY2015-T106249.99,DELTA,47,150,52,250,823,no,50,-1000
2025-05-20T11:02:22.123988,KXBTCD-25MAY2015-T106249.99,DELTA,47,150,52,250,824,no,47,-2000
2025-05-20T11:02:22.144486,KXBTCD-25MAY2015-T106249.99,DELTA,47,150,51,1000,825,no,49,1000
2025-05-20T11:02:22.185719,KXBTCD-25MAY2015-T106249.99,DELTA,47,150,51,1000,826,no,48,2000
2025-05-20T11:02:22.645565,KXBTCD-25MAY2015-T106249.99,DELTA,47,150,51,1000,827,no,48,-2000
2025-05-20T11:02:22.646512,KXBTCD-25MAY2015-T106249.99,DELTA,47,150,51,1000,828,no,46,-1250
2025-05-20T11:02:22.725829,KXBTCD-25MAY2015-T106249.99,DELTA,47,150,51,1000,829,no,47,1250
2025-05-20T11:02:22.726756,KXBTCD-25MAY2015-T106249.99,DELTA,47,150,51,3000,830,no,49,2000
2025-05-20T11:02:23.929993,KXBTCD-25MAY2015-T106249.99,DELTA,47,150,51,1000,831,no,49,-2000
2025-05-20T11:02:23.966503,KXBTCD-25MAY2015-T106249.99,DELTA,47,150,51,1000,832,no,48,2000
2025-05-20T11:02:24.045587,KXBTCD-25MAY2015-T106249.99,DELTA,47,150,51,1000,833,no,48,-2000
2025-05-20T11:02:24.106939,KXBTCD-25MAY2015-T106249.99,DELTA,47,150,51,3000,834,no,49,2000
2025-05-20T11:02:24.205522,KXBTCD-25MAY2015-T106249.99,DELTA,47,150,51,1000,835,no,49,-2000
2025-05-20T11:02:24.264058,KXBTCD-25MAY2015-T106249.99,DELTA,47,150,51,1000,836,no,48,2000
2025-05-20T11:02:24.525080,KXBTCD-25MAY2015-T106249.99,DELTA,47,150,51,1000,837,yes,11,-2945
2025-05-20T11:02:24.525879,KXBTCD-25MAY2015-T106249.99,DELTA,47,150,51,1000,838,yes,4,8100
2025-05-20T11:02:24.585592,KXBTCD-25MAY2015-T106249.99,DELTA,47,150,51,1000,839,yes,5,20000
2025-05-20T11:02:25.322340,KXBTCD-25MAY2015-T106249.99,DELTA,47,150,51,1000,840,no,47,-1250
2025-05-20T11:02:25.364857,KXBTCD-25MAY2015-T106249.99,DELTA,47,150,51,1000,841,no,46,1250
2025-05-20T11:02:25.585441,KXBTCD-25MAY2015-T106249.99,DELTA,47,150,51,1000,842,no,48,-2000
2025-05-20T11:02:25.604901,KXBTCD-25MAY2015-T106249.99,DELTA,47,150,51,1000,843,no,46,-1250
2025-05-20T11:02:25.724468,KXBTCD-25MAY2015-T106249.99,DELTA,47,150,51,3000,844,no,49,2000
2025-05-20T11:02:25.744601,KXBTCD-25MAY2015-T106249.99,DELTA,47,150,51,3000,845,no,47,1250
2025-05-20T11:02:26.384869,KXBTCD-25MAY2015-T106249.99,DELTA,47,150,51,3000,846,yes,4,-8100
2025-05-20T11:02:26.385711,KXBTCD-25MAY2015-T106249.99,DELTA,47,150,51,3000,847,yes,6,5400
2025-05-20T11:02:26.444099,KXBTCD-25MAY2015-T106249.99,DELTA,47,150,51,3000,848,yes,5,-20000
2025-05-20T11:02:26.466680,KXBTCD-25MAY2015-T106249.99,DELTA,47,150,51,3000,849,yes,7,20000
2025-05-20T11:02:27.370632,KXBTCD-25MAY2015-T106249.99,DELTA,47,150,51,3000,850,yes,6,-5400
2025-05-20T11:02:27.371403,KXBTCD-25MAY2015-T106249.99,DELTA,47,150,51,3000,851,yes,8,4050
2025-05-20T11:02:27.386106,KXBTCD-25MAY2015-T106249.99,DELTA,47,150,51,3000,852,yes,7,-20000
2025-05-20T11:02:27.425314,KXBTCD-25MAY2015-T106249.99,DELTA,47,150,51,3000,853,yes,9,20000
2025-05-20T11:02:28.284742,KXBTCD-25MAY2015-T106249.99,DELTA,47,150,51,3000,854,yes,8,-4050
2025-05-20T11:02:28.285299,KXBTCD-25MAY2015-T106249.99,DELTA,47,150,51,3000,855,yes,10,3240
2025-05-20T11:02:28.344644,KXBTCD-25MAY2015-T106249.99,DELTA,47,150,51,3000,856,yes,9,-20000
2025-05-20T11:02:28.404432,KXBTCD-25MAY2015-T106249.99,DELTA,47,150,51,3000,857,yes,11,20000
2025-05-20T11:02:28.505096,KXBTCD-25MAY2015-T106249.99,DELTA,47,150,51,3000,858,no,47,-1250
2025-05-20T11:02:28.583946,KXBTCD-25MAY2015-T106249.99,DELTA,47,150,51,3000,859,no,47,1250
2025-05-20T11:02:29.164849,KXBTCD-25MAY2015-T106249.99,DELTA,47,150,51,3000,860,yes,10,-3240
2025-05-20T11:02:29.165303,KXBTCD-25MAY2015-T106249.99,DELTA,47,150,51,3000,861,yes,12,2700
2025-05-20T11:02:29.265402,KXBTCD-25MAY2015-T106249.99,DELTA,47,150,51,3000,862,yes,11,-20000
2025-05-20T11:02:30.045792,KXBTCD-25MAY2015-T106249.99,DELTA,47,150,51,3000,863,yes,12,-2700
2025-05-20T11:02:30.046832,KXBTCD-25MAY2015-T106249.99,DELTA,47,150,51,3000,864,yes,4,8100
2025-05-20T11:02:30.104935,KXBTCD-25MAY2015-T106249.99,DELTA,47,150,51,3000,865,yes,5,20000
2025-05-20T11:02:32.484545,KXBTCD-25MAY2015-T106249.99,DELTA,47,150,51,3000,866,no,47,-1250
2025-05-20T11:02:32.543365,KXBTCD-25MAY2015-T106249.99,DELTA,47,150,51,3000,867,no,48,-250
2025-05-20T11:02:32.565506,KXBTCD-25MAY2015-T106249.99,DELTA,47,150,50,100,868,no,50,100
2025-05-20T11:02:32.603853,KXBTCD-25MAY2015-T106249.99,DELTA,47,150,50,100,869,no,48,1250
2025-05-20T11:02:32.677297,KXBTCD-25MAY2015-T106249.99,DELTA,47,150,50,100,870,no,49,-2000
2025-05-20T11:02:32.678045,KXBTCD-25MAY2015-T106249.99,DELTA,47,150,50,100,871,no,48,-1250
2025-05-20T11:02:32.687059,KXBTCD-25MAY2015-T106249.99,DELTA,47,150,51,1000,872,no,50,-100
2025-05-20T11:02:32.705829,KXBTCD-25MAY2015-T106249.99,DELTA,47,150,51,1000,873,no,47,2000
2025-05-20T11:02:32.725227,KXBTCD-25MAY2015-T106249.99,DELTA,47,150,51,1000,874,no,47,1250
2025-05-20T11:02:32.745412,KXBTCD-25MAY2015-T106249.99,DELTA,47,150,51,1250,875,no,49,250
2025-05-20T11:02:32.746162,KXBTCD-25MAY2015-T106249.99,DELTA,47,150,51,250,876,no,49,-1000
2025-05-20T11:02:32.784328,KXBTCD-25MAY2015-T106249.99,DELTA,47,150,51,250,877,no,48,1000
2025-05-20T11:02:32.844935,KXBTCD-25MAY2015-T106249.99,DELTA,47,150,51,250,878,no,47,-2000
2025-05-20T11:02:32.845582,KXBTCD-25MAY2015-T106249.99,DELTA,47,150,51,250,879,no,48,-1000
2025-05-20T11:02:32.904263,KXBTCD-25MAY2015-T106249.99,DELTA,47,150,51,2250,880,no,49,2000
2025-05-20T11:02:32.905001,KXBTCD-25MAY2015-T106249.99,DELTA,47,150,50,1000,881,no,50,1000
2025-05-20T11:02:32.984195,KXBTCD-25MAY2015-T106249.99,DELTA,47,150,50,1000,882,yes,4,-8100
2025-05-20T11:02:32.985224,KXBTCD-25MAY2015-T106249.99,DELTA,47,150,50,1000,883,yes,6,5400
2025-05-20T11:02:33.046001,KXBTCD-25MAY2015-T106249.99,DELTA,47,150,50,1000,884,yes,5,-20000
2025-05-20T11:02:33.105395,KXBTCD-25MAY2015-T106249.99,DELTA,47,150,50,1000,885,yes,7,20000
2025-05-20T11:02:34.165535,KXBTCD-25MAY2015-T106249.99,DELTA,47,150,50,1000,886,no,49,-250
2025-05-20T11:02:34.203967,KXBTCD-25MAY2015-T106249.99,DELTA,47,150,50,1000,887,no,48,250
2025-05-20T11:02:34.224830,KXBTCD-25MAY2015-T106249.99,DELTA,47,150,50,1000,888,no,49,-2000
2025-05-20T11:02:34.244875,KXBTCD-25MAY2015-T106249.99,DELTA,47,150,52,250,889,no,50,-1000
2025-05-20T11:02:34.284475,KXBTCD-25MAY2015-T106249.99,DELTA,47,150,52,250,890,no,46,-5000
2025-05-20T11:02:34.285071,KXBTCD-25MAY2015-T106249.99,DELTA,47,150,52,250,891,no,45,5000
2025-05-20T11:02:34.305061,KXBTCD-25MAY2015-T106249.99,DELTA,47,150,51,1000,892,no,49,1000
2025-05-20T11:02:34.305733,KXBTCD-25MAY2015-T106249.99,DELTA,47,150,51,1000,893,yes,45,-5000
2025-05-20T11:02:34.305929,KXBTCD-25MAY2015-T106249.99,DELTA,47,150,51,1000,894,yes,46,5000
2025-05-20T11:02:34.324531,KXBTCD-25MAY2015-T106249.99,DELTA,47,150,51,3000,895,no,49,2000
2025-05-20T11:02:34.364092,KXBTCD-25MAY2015-T106249.99,DELTA,47,150,51,3000,896,no,47,-20000
2025-05-20T11:02:34.364667,KXBTCD-25MAY2015-T106249.99,DELTA,47,150,51,3000,897,no,47,-1250
2025-05-20T11:02:34.424071,KXBTCD-25MAY2015-T106249.99,DELTA,47,150,51,1000,898,no,49,-2000
2025-05-20T11:02:34.465220,KXBTCD-25MAY2015-T106249.99,DELTA,47,150,51,1000,899,no,46,20000
2025-05-20T11:02:34.465584,KXBTCD-25MAY2015-T106249.99,DELTA,47,150,51,1000,900,no,46,1250
2025-05-20T11:02:34.465758,KXBTCD-25MAY2015-T106249.99,DELTA,46,5100,51,1000,901,yes,47,-150
2025-05-20T11:02:34.505001,KXBTCD-25MAY2015-T106249.99,DELTA,46,5100,51,1000,902,no,48,2000
2025-05-20T11:02:34.505207,KXBTCD-25MAY2015-T106249.99,DELTA,49,150,51,1000,903,yes,49,150
2025-05-20T11:02:34.886509,KXBTCD-25MAY2015-T106249.99,DELTA,49,150,51,1000,904,yes,6,-5400
2025-05-20T11:02:34.887047,KXBTCD-25MAY2015-T106249.99,DELTA,49,150,51,1000,905,yes,8,4050
2025-05-20T11:02:34.945251,KXBTCD-25MAY2015-T106249.99,DELTA,49,150,51,1000,906,yes,7,-20000
2025-05-20T11:02:34.985274,KXBTCD-25MAY2015-T106249.99,DELTA,49,150,51,1000,907,yes,46,-100
2025-05-20T11:02:34.985997,KXBTCD-25MAY2015-T106249.99,DELTA,49,150,51,1000,908,no,47,-100
2025-05-20T11:02:34.986258,KXBTCD-25MAY2015-T106249.99,DELTA,49,150,51,1000,909,yes,9,20000
2025-05-20T11:02:35.928142,KXBTCD-25MAY2015-T106249.99,DELTA,49,150,51,1000,910,yes,8,-4050
2025-05-20T11:02:35.929034,KXBTCD-25MAY2015-T106249.99,DELTA,49,150,51,1000,911,yes,10,3240
2025-05-20T11:02:36.006957,KXBTCD-25MAY2015-T106249.99,DELTA,49,150,51,1000,912,yes,9,-20000
2025-05-20T11:02:36.127745,KXBTCD-25MAY2015-T106249.99,DELTA,49,150,51,1000,913,yes,11,20000
2025-05-20T11:02:36.128548,KXBTCD-25MAY2015-T106249.99,DELTA,49,150,51,1000,914,yes,47,100
2025-05-20T11:02:36.226371,KXBTCD-25MAY2015-T106249.99,DELTA,49,150,51,1000,915,no,45,100
2025-05-20T11:02:36.824583,KXBTCD-25MAY2015-T106249.99,DELTA,49,150,51,1000,916,no,45,-100
2025-05-20T11:02:36.825032,KXBTCD-25MAY2015-T106249.99,DELTA,49,150,51,1000,917,yes,10,-3240
2025-05-20T11:02:36.825418,KXBTCD-25MAY2015-T106249.99,DELTA,49,150,51,1000,918,yes,12,2700
2025-05-20T11:02:37.224952,KXBTCD-25MAY2015-T106249.99,DELTA,49,150,51,1000,919,yes,11,-20000
2025-05-20T11:02:37.907235,KXBTCD-25MAY2015-T106249.99,DELTA,49,150,51,1000,920,yes,12,-2700
2025-05-20T11:02:37.908023,KXBTCD-25MAY2015-T106249.99,DELTA,49,150,51,1000,921,yes,4,8100
2025-05-20T11:02:38.147259,KXBTCD-25MAY2015-T106249.99,DELTA,49,150,51,1000,922,yes,5,20000
2025-05-20T11:02:38.305619,KXBTCD-25MAY2015-T106249.99,DELTA,49,150,51,1000,923,no,45,100
2025-05-20T11:02:38.738443,KXBTCD-25MAY2015-T106249.99,DELTA,49,150,51,1000,924,yes,46,-5000
2025-05-20T11:02:38.911232,KXBTCD-25MAY2015-T106249.99,DELTA,49,150,51,1000,925,no,45,-5000
2025-05-20T11:02:38.912009,KXBTCD-25MAY2015-T106249.99,DELTA,49,150,51,1000,926,yes,4,-8100
2025-05-20T11:02:38.912218,KXBTCD-25MAY2015-T106249.99,DELTA,49,150,51,1000,927,yes,6,5400
2025-05-20T11:02:39.084403,KXBTCD-25MAY2015-T106249.99,DELTA,49,150,51,1000,928,yes,22,9
2025-05-20T11:02:39.103483,KXBTCD-25MAY2015-T106249.99,DELTA,49,150,51,1000,929,yes,5,-20000
2025-05-20T11:02:39.104137,KXBTCD-25MAY2015-T106249.99,DELTA,49,150,51,1000,930,no,46,-20000
2025-05-20T11:02:39.124516,KXBTCD-25MAY2015-T106249.99,DELTA,49,150,51,1000,931,no,46,-1250
2025-05-20T11:02:39.471905,KXBTCD-25MAY2015-T106249.99,DELTA,49,150,51,1000,932,no,45,-100
2025-05-20T11:02:39.525611,KXBTCD-25MAY2015-T106249.99,DELTA,49,150,51,1000,933,no,5,20000
2025-05-20T11:02:39.525988,KXBTCD-25MAY2015-T106249.99,DELTA,49,150,51,1000,934,yes,7,20000
2025-05-20T11:02:39.865684,KXBTCD-25MAY2015-T106249.99,DELTA,49,150,51,1000,935,no,48,-250
2025-05-20T11:02:39.898766,KXBTCD-25MAY2015-T106249.99,DELTA,49,150,51,1000,936,no,47,250
2025-05-20T11:02:39.927177,KXBTCD-25MAY2015-T106249.99,DELTA,49,150,51,1000,937,no,48,-2000
2025-05-20T11:02:39.945214,KXBTCD-25MAY2015-T106249.99,DELTA,49,150,53,250,938,no,49,-1000
2025-05-20T11:02:39.945841,KXBTCD-25MAY2015-T106249.99,DELTA,49,150,53,250,939,no,45,5000
2025-05-20T11:02:39.967238,KXBTCD-25MAY2015-T106249.99,DELTA,49,150,53,250,940,yes,46,5000
2025-05-20T11:02:40.146670,KXBTCD-25MAY2015-T106249.99,DELTA,49,150,53,250,941,no,46,1250
2025-05-20T11:02:40.305286,KXBTCD-25MAY2015-T106249.99,DELTA,49,150,53,250,942,no,5,-20000
2025-05-20T11:02:40.344926,KXBTCD-25MAY2015-T106249.99,DELTA,49,150,53,250,943,no,45,100
2025-05-20T11:02:40.616409,KXBTCD-25MAY2015-T106249.99,DELTA,49,150,52,1000,944,no,48,1000
2025-05-20T11:02:40.616949,KXBTCD-25MAY2015-T106249.99,DELTA,49,150,52,3000,945,no,48,2000
2025-05-20T11:02:41.984624,KXBTCD-25MAY2015-T106249.99,DELTA,49,150,52,3000,946,no,46,20000
2025-05-20T11:02:42.064560,KXBTCD-25MAY2015-T106249.99,DELTA,49,150,52,3000,947,yes,6,-5400
2025-05-20T11:02:42.064910,KXBTCD-25MAY2015-T106249.99,DELTA,49,150,52,3000,948,yes,8,4050
2025-05-20T11:02:42.104105,KXBTCD-25MAY2015-T106249.99,DELTA,49,150,52,3000,949,yes,22,-9
2025-05-20T11:02:42.167330,KXBTCD-25MAY2015-T106249.99,DELTA,49,150,52,3000,950,yes,7,-20000
2025-05-20T11:02:42.224958,KXBTCD-25MAY2015-T106249.99,DELTA,49,150,52,3000,951,yes,9,20000
2025-05-20T11:02:44.306085,KXBTCD-25MAY2015-T106249.99,DELTA,49,150,52,3000,952,yes,8,-4050
2025-05-20T11:02:44.306889,KXBTCD-25MAY2015-T106249.99,DELTA,49,150,52,3000,953,yes,10,3240
2025-05-20T11:02:44.365426,KXBTCD-25MAY2015-T106249.99,DELTA,49,150,52,3000,954,yes,9,-20000
2025-05-20T11:02:44.405198,KXBTCD-25MAY2015-T106249.99,DELTA,49,150,52,3000,955,yes,11,20000
2025-05-20T11:02:45.286535,KXBTCD-25MAY2015-T106249.99,DELTA,49,150,52,3000,956,yes,10,-3240
2025-05-20T11:02:45.287089,KXBTCD-25MAY2015-T106249.99,DELTA,49,150,52,3000,957,yes,12,2700
2025-05-20T11:02:45.345279,KXBTCD-25MAY2015-T106249.99,DELTA,49,150,52,3000,958,yes,11,-20000
2025-05-20T11:02:46.167892,KXBTCD-25MAY2015-T106249.99,DELTA,49,150,52,3000,959,yes,12,-2700
2025-05-20T11:02:46.168943,KXBTCD-25MAY2015-T106249.99,DELTA,49,150,52,3000,960,yes,4,8100
2025-05-20T11:02:46.225596,KXBTCD-25MAY2015-T106249.99,DELTA,49,150,52,3000,961,yes,5,20000
2025-05-20T11:02:47.136548,KXBTCD-25MAY2015-T106249.99,DELTA,49,150,52,3000,962,yes,4,-8100
2025-05-20T11:02:47.137483,KXBTCD-25MAY2015-T106249.99,DELTA,49,150,52,3000,963,yes,6,5400
2025-05-20T11:02:47.226027,KXBTCD-25MAY2015-T106249.99,DELTA,49,150,52,3000,964,yes,5,-20000
2025-05-20T11:02:47.265715,KXBTCD-25MAY2015-T106249.99,DELTA,49,150,52,3000,965,yes,7,20000
2025-05-20T11:02:47.845059,KXBTCD-25MAY2015-T106249.99,DELTA,49,150,52,3000,966,no,45,-100
2025-05-20T11:02:48.086438,KXBTCD-25MAY2015-T106249.99,DELTA,49,150,52,3000,967,yes,6,-5400
2025-05-20T11:02:48.086804,KXBTCD-25MAY2015-T106249.99,DELTA,49,150,52,3000,968,yes,8,4050
2025-05-20T11:02:48.166567,KXBTCD-25MAY2015-T106249.99,DELTA,49,150,52,3000,969,yes,7,-20000
2025-05-20T11:02:48.205103,KXBTCD-25MAY2015-T106249.99,DELTA,49,150,52,3000,970,yes,9,20000
2025-05-20T11:02:48.985700,KXBTCD-25MAY2015-T106249.99,DELTA,49,150,52,3000,971,no,45,100
2025-05-20T11:02:49.388795,KXBTCD-25MAY2015-T106249.99,DELTA,49,150,52,3000,972,no,45,-100
2025-05-20T11:02:50.605742,KXBTCD-25MAY2015-T106249.99,DELTA,49,150,52,3000,973,no,46,100
2025-05-20T11:02:51.205526,KXBTCD-25MAY2015-T106249.99,DELTA,49,150,52,3000,974,yes,8,-4050
2025-05-20T11:02:51.206083,KXBTCD-25MAY2015-T106249.99,DELTA,49,150,52,3000,975,yes,10,3240
2025-05-20T11:02:51.305637,KXBTCD-25MAY2015-T106249.99,DELTA,49,150,52,3000,976,yes,9,-20000
2025-05-20T11:02:51.364460,KXBTCD-25MAY2015-T106249.99,DELTA,49,150,52,3000,977,yes,11,20000
2025-05-20T11:02:52.923565,KXBTCD-25MAY2015-T106249.99,DELTA,47,100,52,3000,978,yes,49,-150
2025-05-20T11:02:52.944611,KXBTCD-25MAY2015-T106249.99,DELTA,48,250,52,3000,979,yes,48,250
2025-05-20T11:02:53.670572,KXBTCD-25MAY2015-T106249.99,DELTA,48,250,52,3000,980,no,46,-1250
2025-05-20T11:02:53.725305,KXBTCD-25MAY2015-T106249.99,DELTA,48,250,52,3000,981,no,47,-250
2025-05-20T11:02:53.726550,KXBTCD-25MAY2015-T106249.99,DELTA,48,250,52,3000,982,yes,10,-3240
2025-05-20T11:02:53.727059,KXBTCD-25MAY2015-T106249.99,DELTA,48,250,52,3000,983,yes,12,2700
2025-05-20T11:02:53.727438,KXBTCD-25MAY2015-T106249.99,DELTA,48,250,52,3000,984,no,47,1250
2025-05-20T11:02:53.825703,KXBTCD-25MAY2015-T106249.99,DELTA,48,250,52,3000,985,yes,46,-5000
2025-05-20T11:02:53.826525,KXBTCD-25MAY2015-T106249.99,DELTA,48,250,52,3000,986,yes,45,5000
2025-05-20T11:02:53.827030,KXBTCD-25MAY2015-T106249.99,DELTA,48,250,52,3250,987,no,48,250
2025-05-20T11:02:53.828372,KXBTCD-25MAY2015-T106249.99,DELTA,48,250,52,3250,988,yes,11,-20000
2025-05-20T11:02:54.106320,KXBTCD-25MAY2015-T106249.99,DELTA,48,250,52,1250,989,no,48,-2000
2025-05-20T11:02:54.107254,KXBTCD-25MAY2015-T106249.99,DELTA,48,250,52,1250,990,no,45,-5000
2025-05-20T11:02:54.107815,KXBTCD-25MAY2015-T106249.99,DELTA,48,250,52,1250,991,no,46,5000
2025-05-20T11:02:54.625739,KXBTCD-25MAY2015-T106249.99,DELTA,48,250,52,1250,992,yes,45,-5000
2025-05-20T11:02:54.626704,KXBTCD-25MAY2015-T106249.99,DELTA,48,250,52,1250,993,yes,44,5000
2025-05-20T11:02:54.627154,KXBTCD-25MAY2015-T106249.99,DELTA,48,250,52,250,994,no,48,-1000
2025-05-20T11:02:54.707065,KXBTCD-25MAY2015-T106249.99,DELTA,47,100,52,250,995,yes,48,-250
2025-05-20T11:02:54.709496,KXBTCD-25MAY2015-T106249.99,DELTA,47,100,52,250,996,no,46,-100
2025-05-20T11:02:54.710645,KXBTCD-25MAY2015-T106249.99,DELTA,47,100,52,250,997,no,47,-1250
2025-05-20T11:02:54.711228,KXBTCD-25MAY2015-T106249.99,DELTA,47,100,52,250,998,no,46,-5000
2025-05-20T11:02:54.711689,KXBTCD-25MAY2015-T106249.99,DELTA,47,100,52,250,999,no,47,5000
2025-05-20T11:02:54.725950,KXBTCD-25MAY2015-T106249.99,DELTA,47,100,52,250,1000,yes,12,-2700
2025-05-20T11:02:54.726681,KXBTCD-25MAY2015-T106249.99,DELTA,47,100,52,250,1001,yes,4,8100
2025-05-20T11:02:54.727243,KXBTCD-25MAY2015-T106249.99,DELTA,47,100,53,5000,1002,no,48,-250
2025-05-20T11:02:54.728309,KXBTCD-25MAY2015-T106249.99,DELTA,44,5000,53,5000,1003,yes,47,-100
2025-05-20T11:02:54.918748,KXBTCD-25MAY2015-T106249.99,DELTA,44,5000,53,5000,1004,no,46,-20000
2025-05-20T11:02:54.919372,KXBTCD-25MAY2015-T106249.99,DELTA,44,5000,53,6250,1005,no,47,1250
2025-05-20T11:02:54.919952,KXBTCD-25MAY2015-T106249.99,DELTA,44,5000,51,1000,1006,no,49,1000
2025-05-20T11:02:54.920493,KXBTCD-25MAY2015-T106249.99,DELTA,44,5000,51,3000,1007,no,49,2000
2025-05-20T11:02:54.926405,KXBTCD-25MAY2015-T106249.99,DELTA,44,5000,51,3000,1008,yes,5,20000
2025-05-20T11:02:55.025535,KXBTCD-25MAY2015-T106249.99,DELTA,44,5000,51,3000,1009,no,48,20000
2025-05-20T11:02:55.026475,KXBTCD-25MAY2015-T106249.99,DELTA,44,5000,51,1000,1010,no,49,-2000
2025-05-20T11:02:55.027104,KXBTCD-25MAY2015-T106249.99,DELTA,44,5000,52,20000,1011,no,49,-1000
2025-05-20T11:02:55.226430,KXBTCD-25MAY2015-T106249.99,DELTA,44,5000,52,22000,1012,no,48,2000
2025-05-20T11:02:55.227225,KXBTCD-25MAY2015-T106249.99,DELTA,44,5000,52,23000,1013,no,48,1000
2025-05-20T11:02:55.227914,KXBTCD-25MAY2015-T106249.99,DELTA,44,5000,52,23000,1014,no,47,-1250
2025-05-20T11:02:55.732127,KXBTCD-25MAY2015-T106249.99,DELTA,46,250,52,23000,1015,yes,46,250
2025-05-20T11:02:55.732764,KXBTCD-25MAY2015-T106249.99,DELTA,46,250,52,24250,1016,no,48,1250
2025-05-20T11:02:55.824852,KXBTCD-25MAY2015-T106249.99,DELTA,46,250,50,200,1017,no,50,200
2025-05-20T11:02:55.904372,KXBTCD-25MAY2015-T106249.99,DELTA,46,250,50,200,1018,no,48,-2000
2025-05-20T11:02:55.923998,KXBTCD-25MAY2015-T106249.99,DELTA,46,250,50,200,1019,no,48,-1000
2025-05-20T11:02:56.004978,KXBTCD-25MAY2015-T106249.99,DELTA,46,250,50,200,1020,yes,4,-8100
2025-05-20T11:02:56.005744,KXBTCD-25MAY2015-T106249.99,DELTA,46,250,50,200,1021,yes,6,5400
2025-05-20T11:02:56.006112,KXBTCD-25MAY2015-T106249.99,DELTA,46,250,49,1000,1022,no,51,1000
2025-05-20T11:02:56.065408,KXBTCD-25MAY2015-T106249.99,DELTA,46,250,49,1000,1023,no,50,2000
2025-05-20T11:02:56.083999,KXBTCD-25MAY2015-T106249.99,DELTA,46,250,49,1000,1024,yes,5,-20000
2025-05-20T11:02:56.125002,KXBTCD-25MAY2015-T106249.99,DELTA,46,250,49,1000,1025,yes,7,20000
2025-05-20T11:02:56.425349,KXBTCD-25MAY2015-T106249.99,DELTA,46,250,49,1000,1026,yes,44,100
2025-05-20T11:02:56.425699,KXBTCD-25MAY2015-T106249.99,DELTA,46,250,49,1000,1027,no,48,100
2025-05-20T11:02:56.643988,KXBTCD-25MAY2015-T106249.99,DELTA,46,250,49,1000,1028,yes,44,-100
2025-05-20T11:02:56.966870,KXBTCD-25MAY2015-T106249.99,DELTA,46,250,49,1000,1029,yes,6,-5400
2025-05-20T11:02:56.967138,KXBTCD-25MAY2015-T106249.99,DELTA,46,250,49,1000,1030,yes,8,4050
2025-05-20T11:02:57.044710,KXBTCD-25MAY2015-T106249.99,DELTA,46,250,49,1000,1031,yes,7,-20000
2025-05-20T11:02:57.105052,KXBTCD-25MAY2015-T106249.99,DELTA,46,250,49,1000,1032,yes,9,20000
2025-05-20T11:02:57.584184,KXBTCD-25MAY2015-T106249.99,DELTA,46,250,49,1000,1033,yes,44,100
2025-05-20T11:02:57.904785,KXBTCD-25MAY2015-T106249.99,DELTA,46,250,49,1000,1034,yes,8,-4050
2025-05-20T11:02:57.905535,KXBTCD-25MAY2015-T106249.99,DELTA,46,250,49,1000,1035,yes,10,3240
2025-05-20T11:02:58.024486,KXBTCD-25MAY2015-T106249.99,DELTA,46,250,49,1000,1036,yes,9,-20000
2025-05-20T11:02:58.089742,KXBTCD-25MAY2015-T106249.99,DELTA,46,250,49,1000,1037,yes,11,20000
2025-05-20T11:02:58.804276,KXBTCD-25MAY2015-T106249.99,DELTA,46,250,49,1000,1038,yes,44,-100
2025-05-20T11:02:59.605362,KXBTCD-25MAY2015-T106249.99,DELTA,46,250,49,1000,1039,yes,44,100
2025-05-20T11:02:59.824667,KXBTCD-25MAY2015-T106249.99,DELTA,46,250,49,1000,1040,yes,44,-100
2025-05-20T11:03:00.585953,KXBTCD-25MAY2015-T106249.99,DELTA,46,250,49,1000,1041,yes,45,100
2025-05-20T11:03:01.005937,KXBTCD-25MAY2015-T106249.99,DELTA,46,250,49,1000,1042,yes,10,-3240
2025-05-20T11:03:01.007116,KXBTCD-25MAY2015-T106249.99,DELTA,46,250,49,1000,1043,yes,12,2700
2025-05-20T11:03:01.105435,KXBTCD-25MAY2015-T106249.99,DELTA,46,250,49,1000,1044,yes,11,-20000
2025-05-20T11:03:02.564698,KXBTCD-25MAY2015-T106249.99,DELTA,46,250,49,1000,1045,no,50,-2000
2025-05-20T11:03:02.664502,KXBTCD-25MAY2015-T106249.99,DELTA,46,250,49,3000,1046,no,51,2000
2025-05-20T11:03:03.044596,KXBTCD-25MAY2015-T106249.99,DELTA,46,250,49,3000,1047,yes,12,-2700
2025-05-20T11:03:03.045386,KXBTCD-25MAY2015-T106249.99,DELTA,46,250,49,3000,1048,yes,4,8100
2025-05-20T11:03:03.124285,KXBTCD-25MAY2015-T106249.99,DELTA,46,250,49,3000,1049,yes,5,20000
2025-05-20T11:03:04.085163,KXBTCD-25MAY2015-T106249.99,DELTA,46,250,49,3000,1050,yes,45,-100
2025-05-20T11:03:04.105444,KXBTCD-25MAY2015-T106249.99,DELTA,46,250,49,3000,1051,yes,4,-8100
2025-05-20T11:03:04.106315,KXBTCD-25MAY2015-T106249.99,DELTA,46,250,49,3000,1052,yes,6,5400
2025-05-20T11:03:04.184518,KXBTCD-25MAY2015-T106249.99,DELTA,46,250,49,3000,1053,yes,5,-20000
2025-05-20T11:03:04.298585,KXBTCD-25MAY2015-T106249.99,DELTA,46,250,49,3000,1054,yes,7,20000
2025-05-20T11:03:04.545683,KXBTCD-25MAY2015-T106249.99,DELTA,46,250,49,3000,1055,no,48,-100
2025-05-20T11:03:05.105818,KXBTCD-25MAY2015-T106249.99,DELTA,46,250,49,3000,1056,yes,6,-5400
2025-05-20T11:03:05.106380,KXBTCD-25MAY2015-T106249.99,DELTA,46,250,49,3000,1057,yes,8,4050
2025-05-20T11:03:05.164394,KXBTCD-25MAY2015-T106249.99,DELTA,46,250,49,3000,1058,yes,7,-20000
2025-05-20T11:03:05.204110,KXBTCD-25MAY2015-T106249.99,DELTA,46,250,49,3000,1059,yes,9,20000
2025-05-20T11:03:05.684797,KXBTCD-25MAY2015-T106249.99,DELTA,46,250,49,3000,1060,yes,44,100
2025-05-20T11:03:05.685503,KXBTCD-25MAY2015-T106249.99,DELTA,46,250,49,3000,1061,no,48,100
2025-05-20T11:03:05.905015,KXBTCD-25MAY2015-T106249.99,DELTA,44,5100,49,3000,1062,yes,46,-250
2025-05-20T11:03:05.906120,KXBTCD-25MAY2015-T106249.99,DELTA,44,5100,49,3000,1063,no,50,-200
2025-05-20T11:03:05.964430,KXBTCD-25MAY2015-T106249.99,DELTA,44,5100,49,1000,1064,no,51,-2000
2025-05-20T11:03:05.965497,KXBTCD-25MAY2015-T106249.99,DELTA,44,5100,52,21350,1065,no,51,-1000
2025-05-20T11:03:06.004332,KXBTCD-25MAY2015-T106249.99,DELTA,46,150,52,21350,1066,yes,46,150
2025-05-20T11:03:06.023695,KXBTCD-25MAY2015-T106249.99,DELTA,46,150,49,50,1067,no,51,50
2025-05-20T11:03:06.024455,KXBTCD-25MAY2015-T106249.99,DELTA,46,150,49,50,1068,no,48,2000
2025-05-20T11:03:06.024968,KXBTCD-25MAY2015-T106249.99,DELTA,46,150,49,50,1069,no,49,1000
