timestamp,market_ticker,type,yes_bid_price_cents,yes_bid_qty,yes_ask_price_cents,yes_ask_qty_on_no_side,sequence_num,delta_side,delta_price_cents,delta_quantity
2025-05-22T15:01:12.823552,KXBTCD-25MAY2219-T110249.99,SNAPSHOT,92,100,98,81000,1,,,
2025-05-22T15:01:13.830204,KXBTCD-25MAY2219-T110249.99,DELTA,92,100,98,81000,2,yes,6,-5400
2025-05-22T15:01:13.830735,KXBTCD-25MAY2219-T110249.99,DELTA,92,100,98,81000,3,yes,8,4050
2025-05-22T15:01:13.831151,KXBTCD-25MAY2219-T110249.99,DELTA,92,100,98,81000,4,yes,7,-20000
2025-05-22T15:01:13.863585,KXBTCD-25MAY2219-T110249.99,DELTA,92,100,98,81000,5,yes,9,20000
2025-05-22T15:01:15.080328,KXBTCD-25MAY2219-T110249.99,DELTA,92,100,98,81000,6,yes,8,-4050
2025-05-22T15:01:15.080533,KXBTCD-25MAY2219-T110249.99,DELTA,92,100,98,81000,7,yes,10,3240
2025-05-22T15:01:15.080734,KXBTCD-25MAY2219-T110249.99,DELTA,92,100,98,81000,8,yes,9,-20000
2025-05-22T15:01:15.202514,KXBTCD-25MAY2219-T110249.99,DELTA,92,100,98,81000,9,yes,11,20000
2025-05-22T15:01:16.308907,KXBTCD-25MAY2219-T110249.99,DELTA,92,100,98,81000,10,yes,10,-3240
2025-05-22T15:01:16.309321,KXBTCD-25MAY2219-T110249.99,DELTA,92,100,98,81000,11,yes,12,2700
2025-05-22T15:01:16.341845,KXBTCD-25MAY2219-T110249.99,DELTA,92,100,98,81000,12,yes,11,-20000
2025-05-22T15:01:16.382786,KXBTCD-25MAY2219-T110249.99,DELTA,92,100,98,81000,13,yes,5,20000
2025-05-22T15:01:17.543147,KXBTCD-25MAY2219-T110249.99,DELTA,92,100,98,81000,14,yes,12,-2700
2025-05-22T15:01:17.544083,KXBTCD-25MAY2219-T110249.99,DELTA,92,100,98,81000,15,yes,6,5400
2025-05-22T15:01:17.603474,KXBTCD-25MAY2219-T110249.99,DELTA,92,100,98,81000,16,yes,5,-20000
2025-05-22T15:01:17.642762,KXBTCD-25MAY2219-T110249.99,DELTA,92,100,98,81000,17,yes,7,20000
2025-05-22T15:01:21.362976,KXBTCD-25MAY2219-T110249.99,DELTA,77,9,98,81000,18,yes,92,-100
2025-05-22T15:01:21.382825,KXBTCD-25MAY2219-T110249.99,DELTA,77,9,98,81000,19,no,1,-100
2025-05-22T15:01:21.402712,KXBTCD-25MAY2219-T110249.99,DELTA,77,9,98,81000,20,yes,6,-5400
2025-05-22T15:01:21.402895,KXBTCD-25MAY2219-T110249.99,DELTA,77,9,98,81000,21,yes,8,4050
2025-05-22T15:01:21.451293,KXBTCD-25MAY2219-T110249.99,DELTA,77,9,98,80000,22,no,2,-1000
2025-05-22T15:01:21.462798,KXBTCD-25MAY2219-T110249.99,DELTA,77,9,98,80000,23,yes,7,-20000
2025-05-22T15:01:21.503751,KXBTCD-25MAY2219-T110249.99,DELTA,76,3000,98,80000,24,yes,77,-9
2025-05-22T15:01:21.504435,KXBTCD-25MAY2219-T110249.99,DELTA,76,3000,98,80000,25,yes,9,20000
2025-05-22T15:01:22.318054,KXBTCD-25MAY2219-T110249.99,DELTA,93,100,98,80000,26,yes,93,100
2025-05-22T15:01:22.423572,KXBTCD-25MAY2219-T110249.99,DELTA,93,100,98,80000,27,yes,77,9
2025-05-22T15:01:23.629717,KXBTCD-25MAY2219-T110249.99,DELTA,93,100,98,80000,28,yes,8,-4050
2025-05-22T15:01:23.630847,KXBTCD-25MAY2219-T110249.99,DELTA,93,100,98,80000,29,yes,10,3240
2025-05-22T15:01:23.682636,KXBTCD-25MAY2219-T110249.99,DELTA,93,100,98,80000,30,yes,9,-20000
2025-05-22T15:01:23.728189,KXBTCD-25MAY2219-T110249.99,DELTA,93,100,98,80000,31,yes,11,20000
2025-05-22T15:01:24.910597,KXBTCD-25MAY2219-T110249.99,DELTA,93,100,98,80000,32,yes,10,-3240
2025-05-22T15:01:24.910886,KXBTCD-25MAY2219-T110249.99,DELTA,93,100,98,80000,33,yes,12,2700
2025-05-22T15:01:24.943273,KXBTCD-25MAY2219-T110249.99,DELTA,93,100,98,80000,34,yes,11,-20000
2025-05-22T15:01:25.002467,KXBTCD-25MAY2219-T110249.99,DELTA,93,100,98,80000,35,yes,5,20000
2025-05-22T15:01:26.344041,KXBTCD-25MAY2219-T110249.99,DELTA,93,100,98,80000,36,yes,12,-2700
2025-05-22T15:01:26.344371,KXBTCD-25MAY2219-T110249.99,DELTA,93,100,98,80000,37,yes,6,5400
2025-05-22T15:01:26.402550,KXBTCD-25MAY2219-T110249.99,DELTA,93,100,98,80000,38,yes,5,-20000
2025-05-22T15:01:26.448637,KXBTCD-25MAY2219-T110249.99,DELTA,93,100,98,80000,39,yes,7,20000
2025-05-22T15:01:27.625555,KXBTCD-25MAY2219-T110249.99,DELTA,93,100,98,80000,40,yes,6,-5400
2025-05-22T15:01:27.625770,KXBTCD-25MAY2219-T110249.99,DELTA,93,100,98,80000,41,yes,8,4050
2025-05-22T15:01:27.682896,KXBTCD-25MAY2219-T110249.99,DELTA,93,100,98,80000,42,yes,7,-20000
2025-05-22T15:01:27.736233,KXBTCD-25MAY2219-T110249.99,DELTA,93,100,98,80000,43,yes,9,20000
2025-05-22T15:01:29.004683,KXBTCD-25MAY2219-T110249.99,DELTA,93,100,98,80000,44,yes,8,-4050
2025-05-22T15:01:29.005149,KXBTCD-25MAY2219-T110249.99,DELTA,93,100,98,80000,45,yes,10,3240
2025-05-22T15:01:29.062561,KXBTCD-25MAY2219-T110249.99,DELTA,93,100,98,80000,46,yes,9,-20000
2025-05-22T15:01:29.104182,KXBTCD-25MAY2219-T110249.99,DELTA,93,100,98,80000,47,yes,11,20000
2025-05-22T15:01:33.202699,KXBTCD-25MAY2219-T110249.99,DELTA,93,100,98,80000,48,yes,10,-3240
2025-05-22T15:01:33.202933,KXBTCD-25MAY2219-T110249.99,DELTA,93,100,98,80000,49,yes,12,2700
2025-05-22T15:01:33.263415,KXBTCD-25MAY2219-T110249.99,DELTA,93,100,98,80000,50,yes,11,-20000
2025-05-22T15:01:33.302013,KXBTCD-25MAY2219-T110249.99,DELTA,93,100,98,80000,51,yes,5,20000
2025-05-22T15:01:35.741745,KXBTCD-25MAY2219-T110249.99,DELTA,93,100,98,80000,52,yes,12,-2700
2025-05-22T15:01:35.742555,KXBTCD-25MAY2219-T110249.99,DELTA,93,100,98,80000,53,yes,6,5400
2025-05-22T15:01:35.803138,KXBTCD-25MAY2219-T110249.99,DELTA,93,100,98,80000,54,yes,5,-20000
2025-05-22T15:01:35.841548,KXBTCD-25MAY2219-T110249.99,DELTA,93,100,98,80000,55,yes,7,20000
2025-05-22T15:01:37.198517,KXBTCD-25MAY2219-T110249.99,DELTA,93,100,98,80000,56,yes,6,-5400
2025-05-22T15:01:37.198726,KXBTCD-25MAY2219-T110249.99,DELTA,93,100,98,80000,57,yes,8,4050
2025-05-22T15:01:37.284770,KXBTCD-25MAY2219-T110249.99,DELTA,93,100,98,80000,58,yes,7,-20000
2025-05-22T15:01:37.322992,KXBTCD-25MAY2219-T110249.99,DELTA,93,100,98,80000,59,yes,9,20000
2025-05-22T15:01:44.821931,KXBTCD-25MAY2219-T110249.99,DELTA,93,100,98,80000,60,yes,8,-4050
2025-05-22T15:01:44.822291,KXBTCD-25MAY2219-T110249.99,DELTA,93,100,98,80000,61,yes,10,3240
2025-05-22T15:01:44.942594,KXBTCD-25MAY2219-T110249.99,DELTA,93,100,98,80000,62,yes,9,-20000
2025-05-22T15:01:45.001965,KXBTCD-25MAY2219-T110249.99,DELTA,93,100,98,80000,63,yes,11,20000
2025-05-22T15:01:47.482058,KXBTCD-25MAY2219-T110249.99,DELTA,94,500,98,80000,64,yes,94,500
2025-05-22T15:01:47.682695,KXBTCD-25MAY2219-T110249.99,DELTA,94,500,98,80000,65,yes,77,-9
2025-05-22T15:01:47.982769,KXBTCD-25MAY2219-T110249.99,DELTA,94,500,,0,66,no,2,-80000
2025-05-22T15:01:48.220281,KXBTCD-25MAY2219-T110249.99,DELTA,94,500,97,80000,67,no,3,80000
2025-05-22T15:01:48.502455,KXBTCD-25MAY2219-T110249.99,DELTA,93,100,97,80000,68,yes,94,-500
2025-05-22T15:01:48.702898,KXBTCD-25MAY2219-T110249.99,DELTA,76,3000,97,80000,69,yes,93,-100
2025-05-22T15:01:48.783038,KXBTCD-25MAY2219-T110249.99,DELTA,77,9,97,80000,70,yes,77,9
2025-05-22T15:01:48.783283,KXBTCD-25MAY2219-T110249.99,DELTA,77,9,97,80000,71,yes,10,-3240
2025-05-22T15:01:48.783570,KXBTCD-25MAY2219-T110249.99,DELTA,77,9,97,80000,72,yes,12,2700
2025-05-22T15:01:48.783879,KXBTCD-25MAY2219-T110249.99,DELTA,77,9,97,80000,73,no,1,100
2025-05-22T15:01:48.904462,KXBTCD-25MAY2219-T110249.99,DELTA,77,9,97,80000,74,yes,11,-20000
2025-05-22T15:01:48.904592,KXBTCD-25MAY2219-T110249.99,DELTA,77,9,97,80000,75,no,2,1000
2025-05-22T15:01:49.082477,KXBTCD-25MAY2219-T110249.99,DELTA,77,9,97,80000,76,yes,5,20000
2025-05-22T15:01:49.600752,KXBTCD-25MAY2219-T110249.99,DELTA,77,9,97,80000,77,no,1,-100
2025-05-22T15:01:49.781556,KXBTCD-25MAY2219-T110249.99,DELTA,77,9,97,80000,78,no,2,-1000
2025-05-22T15:01:49.781873,KXBTCD-25MAY2219-T110249.99,DELTA,93,350,97,80000,79,yes,93,350
2025-05-22T15:01:49.802101,KXBTCD-25MAY2219-T110249.99,DELTA,93,350,97,80000,80,yes,77,-9
2025-05-22T15:01:49.881745,KXBTCD-25MAY2219-T110249.99,DELTA,93,350,97,80000,81,no,2,500
2025-05-22T15:01:50.102772,KXBTCD-25MAY2219-T110249.99,DELTA,93,350,97,81000,82,no,3,1000
2025-05-22T15:01:50.303830,KXBTCD-25MAY2219-T110249.99,DELTA,93,350,97,83000,83,no,3,2000
2025-05-22T15:01:50.305049,KXBTCD-25MAY2219-T110249.99,DELTA,93,350,97,84250,84,no,3,1250
2025-05-22T15:01:51.009059,KXBTCD-25MAY2219-T110249.99,DELTA,76,3000,97,84250,85,yes,93,-350
2025-05-22T15:01:51.083373,KXBTCD-25MAY2219-T110249.99,DELTA,76,3000,97,84250,86,yes,12,-2700
2025-05-22T15:01:51.083850,KXBTCD-25MAY2219-T110249.99,DELTA,76,3000,97,84250,87,yes,6,5400
2025-05-22T15:01:51.183977,KXBTCD-25MAY2219-T110249.99,DELTA,76,3000,97,84250,88,no,2,-500
2025-05-22T15:01:51.184663,KXBTCD-25MAY2219-T110249.99,DELTA,76,3000,97,84250,89,yes,5,-20000
2025-05-22T15:01:51.383706,KXBTCD-25MAY2219-T110249.99,DELTA,76,3000,97,84250,90,yes,7,20000
2025-05-22T15:01:51.384453,KXBTCD-25MAY2219-T110249.99,DELTA,76,3000,97,82250,91,no,3,-2000
2025-05-22T15:01:51.504101,KXBTCD-25MAY2219-T110249.99,DELTA,76,3000,97,81250,92,no,3,-1000
2025-05-22T15:01:51.582986,KXBTCD-25MAY2219-T110249.99,DELTA,76,3000,97,80000,93,no,3,-1250
2025-05-22T15:01:51.722987,KXBTCD-25MAY2219-T110249.99,DELTA,88,100,97,80000,94,yes,88,100
2025-05-22T15:01:51.743655,KXBTCD-25MAY2219-T110249.99,DELTA,91,500,97,80000,95,yes,91,500
2025-05-22T15:01:51.762297,KXBTCD-25MAY2219-T110249.99,DELTA,91,500,96,150,96,no,4,150
2025-05-22T15:01:51.822297,KXBTCD-25MAY2219-T110249.99,DELTA,91,500,96,150,97,yes,61,-1000
2025-05-22T15:01:51.861090,KXBTCD-25MAY2219-T110249.99,DELTA,91,500,95,1000,98,no,5,1000
2025-05-22T15:01:51.883398,KXBTCD-25MAY2219-T110249.99,DELTA,91,500,95,1000,99,yes,89,1000
2025-05-22T15:01:52.522869,KXBTCD-25MAY2219-T110249.99,DELTA,91,500,95,1000,100,no,4,100
2025-05-22T15:01:52.582613,KXBTCD-25MAY2219-T110249.99,DELTA,91,500,95,1000,101,no,4,1250
2025-05-22T15:01:52.603322,KXBTCD-25MAY2219-T110249.99,DELTA,91,500,95,1000,102,no,4,-150
2025-05-22T15:01:52.624698,KXBTCD-25MAY2219-T110249.99,DELTA,91,500,95,1000,103,no,3,500
2025-05-22T15:01:52.683644,KXBTCD-25MAY2219-T110249.99,DELTA,91,500,95,1000,104,no,3,2000
2025-05-22T15:01:52.722718,KXBTCD-25MAY2219-T110249.99,DELTA,91,500,95,1000,105,yes,6,-5400
2025-05-22T15:01:52.723590,KXBTCD-25MAY2219-T110249.99,DELTA,91,500,95,1000,106,yes,8,4050
2025-05-22T15:01:52.724332,KXBTCD-25MAY2219-T110249.99,DELTA,91,500,95,1000,107,no,4,-1250
2025-05-22T15:01:52.763009,KXBTCD-25MAY2219-T110249.99,DELTA,91,500,95,1000,108,no,4,1250
2025-05-22T15:01:52.782567,KXBTCD-25MAY2219-T110249.99,DELTA,91,500,95,1000,109,yes,7,-20000
2025-05-22T15:01:52.822927,KXBTCD-25MAY2219-T110249.99,DELTA,91,500,95,1000,110,yes,9,20000
2025-05-22T15:01:53.883759,KXBTCD-25MAY2219-T110249.99,DELTA,91,500,95,1000,111,no,4,-100
2025-05-22T15:01:53.983954,KXBTCD-25MAY2219-T110249.99,DELTA,91,500,95,1000,112,no,3,-2000
2025-05-22T15:01:53.984275,KXBTCD-25MAY2219-T110249.99,DELTA,91,500,96,1250,113,no,5,-1000
2025-05-22T15:01:54.012868,KXBTCD-25MAY2219-T110249.99,DELTA,91,500,97,80500,114,no,4,-1250
2025-05-22T15:01:54.021940,KXBTCD-25MAY2219-T110249.99,DELTA,91,500,96,1000,115,no,4,1000
2025-05-22T15:01:54.045665,KXBTCD-25MAY2219-T110249.99,DELTA,91,500,96,1000,116,yes,8,-4050
2025-05-22T15:01:54.046173,KXBTCD-25MAY2219-T110249.99,DELTA,91,500,96,1000,117,yes,10,3240
2025-05-22T15:01:54.062910,KXBTCD-25MAY2219-T110249.99,DELTA,91,500,96,1000,118,no,3,1250
2025-05-22T15:01:54.102825,KXBTCD-25MAY2219-T110249.99,DELTA,91,500,96,1000,119,yes,9,-20000
2025-05-22T15:01:54.163994,KXBTCD-25MAY2219-T110249.99,DELTA,91,500,96,1000,120,yes,11,20000
2025-05-22T15:01:56.322757,KXBTCD-25MAY2219-T110249.99,DELTA,91,500,95,100,121,no,5,100
2025-05-22T15:01:56.383536,KXBTCD-25MAY2219-T110249.99,DELTA,91,500,95,100,122,no,4,-1000
2025-05-22T15:01:56.403725,KXBTCD-25MAY2219-T110249.99,DELTA,91,500,95,100,123,yes,88,-100
2025-05-22T15:01:56.443768,KXBTCD-25MAY2219-T110249.99,DELTA,91,500,95,1100,124,no,5,1000
2025-05-22T15:01:56.463803,KXBTCD-25MAY2219-T110249.99,DELTA,91,500,95,1100,125,yes,89,-1000
2025-05-22T15:01:56.503875,KXBTCD-25MAY2219-T110249.99,DELTA,91,500,95,1100,126,yes,61,1000
2025-05-22T15:01:57.182341,KXBTCD-25MAY2219-T110249.99,DELTA,91,500,95,1000,127,no,5,-100
2025-05-22T15:01:57.242537,KXBTCD-25MAY2219-T110249.99,DELTA,91,500,97,81750,128,no,5,-1000
2025-05-22T15:01:57.282475,KXBTCD-25MAY2219-T110249.99,DELTA,91,500,96,1000,129,no,4,1000
2025-05-22T15:01:58.088621,KXBTCD-25MAY2219-T110249.99,DELTA,91,500,96,1000,130,yes,10,-3240
2025-05-22T15:01:58.088971,KXBTCD-25MAY2219-T110249.99,DELTA,91,500,96,1000,131,yes,12,2700
2025-05-22T15:01:58.089094,KXBTCD-25MAY2219-T110249.99,DELTA,91,500,96,1000,132,yes,87,100
2025-05-22T15:01:58.089280,KXBTCD-25MAY2219-T110249.99,DELTA,91,500,96,1000,133,yes,11,-20000
2025-05-22T15:01:58.122238,KXBTCD-25MAY2219-T110249.99,DELTA,91,500,96,1000,134,yes,5,20000
2025-05-22T15:01:58.161464,KXBTCD-25MAY2219-T110249.99,DELTA,91,500,96,1000,135,yes,61,-1000
2025-05-22T15:01:58.222101,KXBTCD-25MAY2219-T110249.99,DELTA,91,500,96,1000,136,yes,88,1000
2025-05-22T15:01:58.902562,KXBTCD-25MAY2219-T110249.99,DELTA,91,500,95,100,137,no,5,100
2025-05-22T15:01:58.982168,KXBTCD-25MAY2219-T110249.99,DELTA,91,500,95,100,138,no,4,-1000
2025-05-22T15:01:59.023659,KXBTCD-25MAY2219-T110249.99,DELTA,91,500,95,1100,139,no,5,1000
2025-05-22T15:02:00.121987,KXBTCD-25MAY2219-T110249.99,DELTA,91,500,95,1100,140,yes,87,-100
2025-05-22T15:02:00.182577,KXBTCD-25MAY2219-T110249.99,DELTA,91,500,95,1100,141,yes,88,-1000
2025-05-22T15:02:00.221849,KXBTCD-25MAY2219-T110249.99,DELTA,91,500,95,1100,142,yes,61,1000
2025-05-22T15:02:00.303435,KXBTCD-25MAY2219-T110249.99,DELTA,91,500,95,1100,143,yes,12,-2700
2025-05-22T15:02:00.304509,KXBTCD-25MAY2219-T110249.99,DELTA,91,500,95,1100,144,yes,6,5400
2025-05-22T15:02:00.364733,KXBTCD-25MAY2219-T110249.99,DELTA,91,500,95,1100,145,yes,5,-20000
2025-05-22T15:02:00.401530,KXBTCD-25MAY2219-T110249.99,DELTA,91,500,95,1100,146,yes,7,20000
2025-05-22T15:02:00.482390,KXBTCD-25MAY2219-T110249.99,DELTA,91,500,95,1000,147,no,5,-100
2025-05-22T15:02:00.543906,KXBTCD-25MAY2219-T110249.99,DELTA,91,500,97,81750,148,no,5,-1000
2025-05-22T15:02:00.582765,KXBTCD-25MAY2219-T110249.99,DELTA,91,500,96,1000,149,no,4,1000
2025-05-22T15:02:01.646926,KXBTCD-25MAY2219-T110249.99,DELTA,91,500,96,1000,150,yes,6,-5400
2025-05-22T15:02:01.647115,KXBTCD-25MAY2219-T110249.99,DELTA,91,500,96,1000,151,yes,8,4050
2025-05-22T15:02:01.782532,KXBTCD-25MAY2219-T110249.99,DELTA,91,500,96,1000,152,no,3,-500
2025-05-22T15:02:01.804159,KXBTCD-25MAY2219-T110249.99,DELTA,91,500,96,1000,153,yes,7,-20000
2025-05-22T15:02:01.842668,KXBTCD-25MAY2219-T110249.99,DELTA,91,500,96,1000,154,no,2,500
2025-05-22T15:02:01.843040,KXBTCD-25MAY2219-T110249.99,DELTA,91,500,97,81250,155,no,4,-1000
2025-05-22T15:02:01.843409,KXBTCD-25MAY2219-T110249.99,DELTA,91,500,97,81250,156,yes,9,20000
2025-05-22T15:02:01.862606,KXBTCD-25MAY2219-T110249.99,DELTA,91,500,97,80000,157,no,3,-1250
2025-05-22T15:02:01.902535,KXBTCD-25MAY2219-T110249.99,DELTA,91,500,97,81250,158,no,3,1250
2025-05-22T15:02:01.902672,KXBTCD-25MAY2219-T110249.99,DELTA,91,500,97,82250,159,no,3,1000
2025-05-22T15:02:01.902792,KXBTCD-25MAY2219-T110249.99,DELTA,91,500,97,82250,160,no,2,2000
2025-05-22T15:02:02.204324,KXBTCD-25MAY2219-T110249.99,DELTA,91,500,97,82250,161,yes,89,100
2025-05-22T15:02:02.265417,KXBTCD-25MAY2219-T110249.99,DELTA,91,500,97,82250,162,yes,61,-1000
2025-05-22T15:02:02.302918,KXBTCD-25MAY2219-T110249.99,DELTA,91,500,97,82250,163,yes,90,1000
2025-05-22T15:02:02.703454,KXBTCD-25MAY2219-T110249.99,DELTA,90,1000,97,82250,164,yes,91,-500
2025-05-22T15:02:02.783592,KXBTCD-25MAY2219-T110249.99,DELTA,93,50,97,82250,165,yes,93,50
2025-05-22T15:02:02.962174,KXBTCD-25MAY2219-T110249.99,DELTA,93,50,97,82250,166,yes,8,-4050
2025-05-22T15:02:02.962676,KXBTCD-25MAY2219-T110249.99,DELTA,93,50,97,82250,167,yes,10,3240
2025-05-22T15:02:03.023843,KXBTCD-25MAY2219-T110249.99,DELTA,93,50,97,82250,168,yes,9,-20000
2025-05-22T15:02:03.061980,KXBTCD-25MAY2219-T110249.99,DELTA,93,50,97,82250,169,yes,11,20000
2025-05-22T15:02:03.163158,KXBTCD-25MAY2219-T110249.99,DELTA,93,50,97,82350,170,no,3,100
2025-05-22T15:02:03.224656,KXBTCD-25MAY2219-T110249.99,DELTA,93,50,97,81350,171,no,3,-1000
2025-05-22T15:02:03.262494,KXBTCD-25MAY2219-T110249.99,DELTA,93,50,96,1000,172,no,4,1000
2025-05-22T15:02:04.264115,KXBTCD-25MAY2219-T110249.99,DELTA,93,50,96,1000,173,yes,10,-3240
2025-05-22T15:02:04.265469,KXBTCD-25MAY2219-T110249.99,DELTA,93,50,96,1000,174,yes,12,2700
2025-05-22T15:02:04.345068,KXBTCD-25MAY2219-T110249.99,DELTA,93,50,96,1000,175,yes,11,-20000
2025-05-22T15:02:04.382758,KXBTCD-25MAY2219-T110249.99,DELTA,93,50,96,1000,176,yes,5,20000
2025-05-22T15:02:04.843037,KXBTCD-25MAY2219-T110249.99,DELTA,90,1000,96,1000,177,yes,93,-50
2025-05-22T15:02:04.862348,KXBTCD-25MAY2219-T110249.99,DELTA,93,150,96,1000,178,yes,93,150
2025-05-22T15:02:05.689631,KXBTCD-25MAY2219-T110249.99,DELTA,93,150,96,1000,179,yes,12,-2700
2025-05-22T15:02:05.689948,KXBTCD-25MAY2219-T110249.99,DELTA,93,150,96,1000,180,yes,6,5400
2025-05-22T15:02:05.743133,KXBTCD-25MAY2219-T110249.99,DELTA,93,150,96,1000,181,yes,5,-20000
2025-05-22T15:02:05.782883,KXBTCD-25MAY2219-T110249.99,DELTA,93,150,96,1000,182,yes,7,20000
2025-05-22T15:02:09.623229,KXBTCD-25MAY2219-T110249.99,DELTA,93,150,96,1000,183,yes,6,-5400
2025-05-22T15:02:09.623609,KXBTCD-25MAY2219-T110249.99,DELTA,93,150,96,1000,184,yes,8,4050
2025-05-22T15:02:09.682367,KXBTCD-25MAY2219-T110249.99,DELTA,90,1000,96,1000,185,yes,93,-150
2025-05-22T15:02:09.682798,KXBTCD-25MAY2219-T110249.99,DELTA,90,1000,96,1000,186,yes,7,-20000
2025-05-22T15:02:09.702486,KXBTCD-25MAY2219-T110249.99,DELTA,93,350,96,1000,187,yes,93,350
2025-05-22T15:02:09.743201,KXBTCD-25MAY2219-T110249.99,DELTA,93,350,96,1000,188,yes,9,20000
2025-05-22T15:02:11.624427,KXBTCD-25MAY2219-T110249.99,DELTA,93,350,96,1000,189,no,2,-2000
2025-05-22T15:02:11.624848,KXBTCD-25MAY2219-T110249.99,DELTA,93,350,96,1000,190,no,3,-1250
2025-05-22T15:02:11.643803,KXBTCD-25MAY2219-T110249.99,DELTA,93,350,96,1000,191,no,3,-80000
2025-05-22T15:02:11.722769,KXBTCD-25MAY2219-T110249.99,DELTA,93,350,96,1000,192,no,2,1250
2025-05-22T15:02:11.722999,KXBTCD-25MAY2219-T110249.99,DELTA,93,350,96,1000,193,no,2,80000
2025-05-22T15:02:11.922308,KXBTCD-25MAY2219-T110249.99,DELTA,93,350,96,1000,194,yes,8,-4050
2025-05-22T15:02:11.922668,KXBTCD-25MAY2219-T110249.99,DELTA,93,350,96,1000,195,yes,10,3240
2025-05-22T15:02:11.982653,KXBTCD-25MAY2219-T110249.99,DELTA,93,350,96,1000,196,yes,9,-20000
2025-05-22T15:02:12.022507,KXBTCD-25MAY2219-T110249.99,DELTA,93,350,96,1000,197,yes,11,20000
2025-05-22T15:02:12.641696,KXBTCD-25MAY2219-T110249.99,DELTA,93,350,96,1000,198,yes,89,-100
2025-05-22T15:02:12.721866,KXBTCD-25MAY2219-T110249.99,DELTA,93,350,96,1000,199,yes,90,-1000
2025-05-22T15:02:12.761944,KXBTCD-25MAY2219-T110249.99,DELTA,93,350,96,1000,200,yes,61,1000
2025-05-22T15:02:12.782596,KXBTCD-25MAY2219-T110249.99,DELTA,93,350,96,1000,201,no,2,-500
2025-05-22T15:02:12.842019,KXBTCD-25MAY2219-T110249.99,DELTA,93,350,96,1000,202,no,1,500
2025-05-22T15:02:12.861995,KXBTCD-25MAY2219-T110249.99,DELTA,93,350,96,1000,203,no,2,-1250
2025-05-22T15:02:12.902566,KXBTCD-25MAY2219-T110249.99,DELTA,93,350,96,1000,204,no,1,2000
2025-05-22T15:02:12.902687,KXBTCD-25MAY2219-T110249.99,DELTA,93,350,96,1000,205,no,2,1250
2025-05-22T15:02:13.302409,KXBTCD-25MAY2219-T110249.99,DELTA,93,350,96,1000,206,yes,10,-3240
2025-05-22T15:02:13.302845,KXBTCD-25MAY2219-T110249.99,DELTA,93,350,96,1000,207,yes,12,2700
2025-05-22T15:02:13.361824,KXBTCD-25MAY2219-T110249.99,DELTA,93,350,96,1000,208,yes,11,-20000
2025-05-22T15:02:13.402828,KXBTCD-25MAY2219-T110249.99,DELTA,93,350,96,1000,209,yes,5,20000
2025-05-22T15:02:13.503241,KXBTCD-25MAY2219-T110249.99,DELTA,93,350,96,1000,210,yes,77,9
2025-05-22T15:02:13.543565,KXBTCD-25MAY2219-T110249.99,DELTA,93,350,96,1000,211,no,1,-2000
2025-05-22T15:02:13.562176,KXBTCD-25MAY2219-T110249.99,DELTA,93,350,96,1000,212,no,2,-80000
2025-05-22T15:02:13.622024,KXBTCD-25MAY2219-T110249.99,DELTA,77,9,96,1000,213,yes,93,-350
2025-05-22T15:02:13.623075,KXBTCD-25MAY2219-T110249.99,DELTA,77,9,96,1000,214,no,1,-500
2025-05-22T15:02:13.641624,KXBTCD-25MAY2219-T110249.99,DELTA,77,9,96,1000,215,no,2,2000
2025-05-22T15:02:13.641775,KXBTCD-25MAY2219-T110249.99,DELTA,77,9,96,1000,216,no,3,80000
2025-05-22T15:02:13.701890,KXBTCD-25MAY2219-T110249.99,DELTA,77,9,96,1000,217,no,2,-2000
2025-05-22T15:02:13.722543,KXBTCD-25MAY2219-T110249.99,DELTA,77,9,96,1000,218,no,2,-1250
2025-05-22T15:02:13.743291,KXBTCD-25MAY2219-T110249.99,DELTA,92,500,96,1000,219,yes,92,500
2025-05-22T15:02:13.763158,KXBTCD-25MAY2219-T110249.99,DELTA,92,500,96,1000,220,no,3,100
2025-05-22T15:02:13.963058,KXBTCD-25MAY2219-T110249.99,DELTA,92,500,96,1000,221,no,3,-100
2025-05-22T15:02:14.022723,KXBTCD-25MAY2219-T110249.99,DELTA,92,500,96,1000,222,no,3,250
2025-05-22T15:02:14.102323,KXBTCD-25MAY2219-T110249.99,DELTA,92,500,96,1000,223,no,3,1250
2025-05-22T15:02:14.602686,KXBTCD-25MAY2219-T110249.99,DELTA,92,500,96,1000,224,yes,12,-2700
2025-05-22T15:02:14.602837,KXBTCD-25MAY2219-T110249.99,DELTA,92,500,96,1000,225,yes,6,5400
2025-05-22T15:02:14.663799,KXBTCD-25MAY2219-T110249.99,DELTA,77,9,96,1000,226,yes,92,-500
2025-05-22T15:02:14.663929,KXBTCD-25MAY2219-T110249.99,DELTA,77,9,96,1000,227,yes,5,-20000
2025-05-22T15:02:14.702002,KXBTCD-25MAY2219-T110249.99,DELTA,77,9,96,1000,228,yes,7,20000
2025-05-22T15:02:14.702328,KXBTCD-25MAY2219-T110249.99,DELTA,76,3000,96,1000,229,yes,77,-9
2025-05-22T15:02:14.721882,KXBTCD-25MAY2219-T110249.99,DELTA,91,500,96,1000,230,yes,91,500
2025-05-22T15:02:15.722240,KXBTCD-25MAY2219-T110249.99,DELTA,91,500,96,1000,231,yes,89,100
2025-05-22T15:02:15.782076,KXBTCD-25MAY2219-T110249.99,DELTA,91,500,96,1000,232,yes,61,-1000
2025-05-22T15:02:15.823216,KXBTCD-25MAY2219-T110249.99,DELTA,91,500,96,1000,233,yes,90,1000
2025-05-22T15:02:15.963179,KXBTCD-25MAY2219-T110249.99,DELTA,91,500,96,1000,234,yes,6,-5400
2025-05-22T15:02:15.963514,KXBTCD-25MAY2219-T110249.99,DELTA,91,500,96,1000,235,yes,8,4050
2025-05-22T15:02:16.023542,KXBTCD-25MAY2219-T110249.99,DELTA,91,500,96,1000,236,yes,7,-20000
2025-05-22T15:02:16.064255,KXBTCD-25MAY2219-T110249.99,DELTA,91,500,96,1000,237,yes,9,20000
2025-05-22T15:02:16.221905,KXBTCD-25MAY2219-T110249.99,DELTA,91,500,96,1000,238,no,3,2000
2025-05-22T15:02:16.222096,KXBTCD-25MAY2219-T110249.99,DELTA,91,500,96,1000,239,yes,90,-1000
2025-05-22T15:02:16.242623,KXBTCD-25MAY2219-T110249.99,DELTA,91,500,96,1000,240,no,3,-1250
2025-05-22T15:02:16.303431,KXBTCD-25MAY2219-T110249.99,DELTA,91,500,96,2250,241,no,4,1250
2025-05-22T15:02:16.303568,KXBTCD-25MAY2219-T110249.99,DELTA,91,500,96,2250,242,yes,89,1000
2025-05-22T15:02:17.284336,KXBTCD-25MAY2219-T110249.99,DELTA,91,500,96,2250,243,yes,8,-4050
2025-05-22T15:02:17.284570,KXBTCD-25MAY2219-T110249.99,DELTA,91,500,96,2250,244,yes,10,3240
2025-05-22T15:02:17.342109,KXBTCD-25MAY2219-T110249.99,DELTA,91,500,96,2250,245,yes,9,-20000
2025-05-22T15:02:17.442771,KXBTCD-25MAY2219-T110249.99,DELTA,91,500,96,2250,246,yes,11,20000
2025-05-22T15:02:20.818700,KXBTCD-25MAY2219-T110249.99,DELTA,95,1000,96,2250,247,yes,95,1000
2025-05-22T15:02:21.464201,KXBTCD-25MAY2219-T110249.99,DELTA,95,1000,96,2250,248,yes,10,-3240
2025-05-22T15:02:21.464669,KXBTCD-25MAY2219-T110249.99,DELTA,95,1000,96,2250,249,yes,12,2700
2025-05-22T15:02:21.522458,KXBTCD-25MAY2219-T110249.99,DELTA,95,1000,96,2250,250,yes,11,-20000
2025-05-22T15:02:21.582856,KXBTCD-25MAY2219-T110249.99,DELTA,95,1000,96,2250,251,yes,5,20000
2025-05-22T15:02:23.523829,KXBTCD-25MAY2219-T110249.99,DELTA,95,1000,96,2250,252,no,3,-100
2025-05-22T15:02:23.724028,KXBTCD-25MAY2219-T110249.99,DELTA,95,1000,96,2250,253,yes,89,-1000
2025-05-22T15:02:23.901179,KXBTCD-25MAY2219-T110249.99,DELTA,95,1000,96,2250,254,no,3,-2000
2025-05-22T15:02:23.901945,KXBTCD-25MAY2219-T110249.99,DELTA,91,500,96,2250,255,yes,95,-1000
2025-05-22T15:02:23.902130,KXBTCD-25MAY2219-T110249.99,DELTA,91,500,96,2250,256,yes,76,-3000
2025-05-22T15:02:23.902249,KXBTCD-25MAY2219-T110249.99,DELTA,91,500,96,2250,257,yes,51,-8000
2025-05-22T15:02:23.902618,KXBTCD-25MAY2219-T110249.99,DELTA,91,500,96,2250,258,yes,12,-2700
2025-05-22T15:02:23.902775,KXBTCD-25MAY2219-T110249.99,DELTA,91,500,96,2250,259,yes,6,5400
2025-05-22T15:02:23.903686,KXBTCD-25MAY2219-T110249.99,DELTA,91,500,96,4250,260,no,4,2000
2025-05-22T15:02:23.903791,KXBTCD-25MAY2219-T110249.99,DELTA,91,500,96,4250,261,yes,61,1000
2025-05-22T15:02:23.903885,KXBTCD-25MAY2219-T110249.99,DELTA,91,500,96,4250,262,yes,50,8000
2025-05-22T15:02:23.904240,KXBTCD-25MAY2219-T110249.99,DELTA,91,500,96,4250,263,yes,75,3000
2025-05-22T15:02:23.998741,KXBTCD-25MAY2219-T110249.99,DELTA,91,500,96,4250,264,yes,5,-20000
2025-05-22T15:02:24.002671,KXBTCD-25MAY2219-T110249.99,DELTA,91,500,96,4250,265,yes,7,20000
2025-05-22T15:02:24.703469,KXBTCD-25MAY2219-T110249.99,DELTA,89,100,96,4250,266,yes,91,-500
2025-05-22T15:02:24.742506,KXBTCD-25MAY2219-T110249.99,DELTA,90,500,96,4250,267,yes,90,500
2025-05-22T15:02:24.782843,KXBTCD-25MAY2219-T110249.99,DELTA,90,500,96,4250,268,no,3,-250
2025-05-22T15:02:24.822599,KXBTCD-25MAY2219-T110249.99,DELTA,90,500,96,4250,269,yes,76,9
2025-05-22T15:02:24.883164,KXBTCD-25MAY2219-T110249.99,DELTA,90,500,96,2250,270,no,4,-2000
2025-05-22T15:02:24.883401,KXBTCD-25MAY2219-T110249.99,DELTA,90,500,96,1250,271,no,4,-1000
2025-05-22T15:02:24.903192,KXBTCD-25MAY2219-T110249.99,DELTA,90,500,97,80000,272,no,4,-1250
2025-05-22T15:02:24.983243,KXBTCD-25MAY2219-T110249.99,DELTA,90,500,95,300,273,no,5,300
2025-05-22T15:02:25.064671,KXBTCD-25MAY2219-T110249.99,DELTA,90,500,95,1550,274,no,5,1250
2025-05-22T15:02:25.066175,KXBTCD-25MAY2219-T110249.99,DELTA,90,500,94,1000,275,no,6,1000
2025-05-22T15:02:25.182707,KXBTCD-25MAY2219-T110249.99,DELTA,90,500,94,1000,276,yes,6,-5400
2025-05-22T15:02:25.182847,KXBTCD-25MAY2219-T110249.99,DELTA,90,500,94,1000,277,yes,8,4050
2025-05-22T15:02:25.261708,KXBTCD-25MAY2219-T110249.99,DELTA,90,500,94,1000,278,yes,7,-20000
2025-05-22T15:02:25.282773,KXBTCD-25MAY2219-T110249.99,DELTA,90,500,94,1000,279,no,5,-300
2025-05-22T15:02:25.302052,KXBTCD-25MAY2219-T110249.99,DELTA,90,500,94,1000,280,yes,9,20000
2025-05-22T15:02:25.364293,KXBTCD-25MAY2219-T110249.99,DELTA,90,500,95,1250,281,no,6,-1000
2025-05-22T15:02:25.364412,KXBTCD-25MAY2219-T110249.99,DELTA,90,500,97,80000,282,no,5,-1250
2025-05-22T15:02:25.382383,KXBTCD-25MAY2219-T110249.99,DELTA,90,500,96,500,283,no,4,500
2025-05-22T15:02:25.441057,KXBTCD-25MAY2219-T110249.99,DELTA,90,500,95,1000,284,no,5,1000
2025-05-22T15:02:25.481229,KXBTCD-25MAY2219-T110249.99,DELTA,90,500,95,1000,285,no,4,2000
2025-05-22T15:02:25.481471,KXBTCD-25MAY2219-T110249.99,DELTA,90,500,95,2250,286,no,5,1250
2025-05-22T15:02:25.521296,KXBTCD-25MAY2219-T110249.99,DELTA,90,500,95,2250,287,no,4,100
2025-05-22T15:02:25.603909,KXBTCD-25MAY2219-T110249.99,DELTA,90,500,95,2250,288,yes,76,-9
2025-05-22T15:02:25.702668,KXBTCD-25MAY2219-T110249.99,DELTA,90,500,95,2250,289,yes,89,-100
2025-05-22T15:02:26.463013,KXBTCD-25MAY2219-T110249.99,DELTA,90,500,95,2250,290,no,4,-2000
2025-05-22T15:02:26.463212,KXBTCD-25MAY2219-T110249.99,DELTA,90,500,95,1000,291,no,5,-1250
2025-05-22T15:02:26.542352,KXBTCD-25MAY2219-T110249.99,DELTA,90,500,95,1000,292,no,4,1250
2025-05-22T15:02:26.542527,KXBTCD-25MAY2219-T110249.99,DELTA,90,500,95,1000,293,yes,8,-4050
2025-05-22T15:02:26.542633,KXBTCD-25MAY2219-T110249.99,DELTA,90,500,95,1000,294,yes,10,3240
2025-05-22T15:02:26.601732,KXBTCD-25MAY2219-T110249.99,DELTA,90,500,95,1000,295,yes,9,-20000
2025-05-22T15:02:26.663609,KXBTCD-25MAY2219-T110249.99,DELTA,90,500,95,1000,296,yes,11,20000
2025-05-22T15:02:27.762391,KXBTCD-25MAY2219-T110249.99,DELTA,90,500,95,1000,297,yes,10,-3240
2025-05-22T15:02:27.763279,KXBTCD-25MAY2219-T110249.99,DELTA,90,500,95,1000,298,yes,12,2700
2025-05-22T15:02:27.822114,KXBTCD-25MAY2219-T110249.99,DELTA,90,500,95,1000,299,yes,11,-20000
2025-05-22T15:02:27.883367,KXBTCD-25MAY2219-T110249.99,DELTA,90,500,95,1000,300,yes,5,20000
2025-05-22T15:02:28.582920,KXBTCD-25MAY2219-T110249.99,DELTA,90,500,95,1000,301,yes,88,100
2025-05-22T15:02:28.664892,KXBTCD-25MAY2219-T110249.99,DELTA,90,500,95,1000,302,yes,61,-1000
2025-05-22T15:02:28.702917,KXBTCD-25MAY2219-T110249.99,DELTA,90,500,95,1000,303,yes,89,1000
2025-05-22T15:02:28.963017,KXBTCD-25MAY2219-T110249.99,DELTA,90,500,95,1000,304,yes,12,-2700
2025-05-22T15:02:28.963614,KXBTCD-25MAY2219-T110249.99,DELTA,90,500,95,1000,305,yes,6,5400
2025-05-22T15:02:29.023856,KXBTCD-25MAY2219-T110249.99,DELTA,90,500,95,1000,306,yes,5,-20000
2025-05-22T15:02:29.063262,KXBTCD-25MAY2219-T110249.99,DELTA,90,500,95,1000,307,yes,7,20000
2025-05-22T15:02:29.664846,KXBTCD-25MAY2219-T110249.99,DELTA,90,500,95,1000,308,yes,88,-100
2025-05-22T15:02:29.723081,KXBTCD-25MAY2219-T110249.99,DELTA,90,500,95,1000,309,yes,89,-1000
2025-05-22T15:02:29.761936,KXBTCD-25MAY2219-T110249.99,DELTA,90,500,95,1000,310,yes,61,1000
2025-05-22T15:02:31.943091,KXBTCD-25MAY2219-T110249.99,DELTA,90,500,95,1000,311,yes,89,100
2025-05-22T15:02:32.024048,KXBTCD-25MAY2219-T110249.99,DELTA,90,500,95,1000,312,yes,61,-1000
2025-05-22T15:02:32.063809,KXBTCD-25MAY2219-T110249.99,DELTA,90,500,95,1000,313,yes,89,1000
2025-05-22T15:02:32.802951,KXBTCD-25MAY2219-T110249.99,DELTA,90,500,95,1000,314,yes,6,-5400
2025-05-22T15:02:32.803925,KXBTCD-25MAY2219-T110249.99,DELTA,90,500,95,1000,315,yes,8,4050
2025-05-22T15:02:32.844041,KXBTCD-25MAY2219-T110249.99,DELTA,90,500,95,1000,316,yes,7,-20000
2025-05-22T15:02:32.883321,KXBTCD-25MAY2219-T110249.99,DELTA,90,500,95,1000,317,yes,9,20000
2025-05-22T15:02:33.082905,KXBTCD-25MAY2219-T110249.99,DELTA,89,1100,95,1000,318,yes,90,-500
2025-05-22T15:02:33.083255,KXBTCD-25MAY2219-T110249.99,DELTA,89,1100,95,1000,319,no,4,-500
2025-05-22T15:02:33.103304,KXBTCD-25MAY2219-T110249.99,DELTA,89,100,95,1000,320,yes,89,-1000
2025-05-22T15:02:33.170381,KXBTCD-25MAY2219-T110249.99,DELTA,89,100,95,1000,321,no,4,-1250
2025-05-22T15:02:33.183772,KXBTCD-25MAY2219-T110249.99,DELTA,90,1000,95,1000,322,yes,90,1000
2025-05-22T15:02:33.282247,KXBTCD-25MAY2219-T110249.99,DELTA,92,200,95,1000,323,yes,92,200
2025-05-22T15:02:33.283275,KXBTCD-25MAY2219-T110249.99,DELTA,92,200,95,1000,324,no,3,500
2025-05-22T15:02:33.381843,KXBTCD-25MAY2219-T110249.99,DELTA,92,200,95,1000,325,no,3,1250
2025-05-22T15:02:34.222274,KXBTCD-25MAY2219-T110249.99,DELTA,90,1000,95,1000,326,yes,92,-200
2025-05-22T15:02:34.283467,KXBTCD-25MAY2219-T110249.99,DELTA,90,1000,95,1000,327,no,3,2000
2025-05-22T15:02:34.309702,KXBTCD-25MAY2219-T110249.99,DELTA,89,100,95,1000,328,yes,90,-1000
2025-05-22T15:02:34.310371,KXBTCD-25MAY2219-T110249.99,DELTA,89,100,95,1000,329,no,3,-1250
2025-05-22T15:02:34.323746,KXBTCD-25MAY2219-T110249.99,DELTA,91,500,95,1000,330,yes,91,500
2025-05-22T15:02:34.381374,KXBTCD-25MAY2219-T110249.99,DELTA,91,500,95,1000,331,yes,89,1000
2025-05-22T15:02:34.382049,KXBTCD-25MAY2219-T110249.99,DELTA,91,500,95,1000,332,no,4,1250
2025-05-22T15:02:35.043520,KXBTCD-25MAY2219-T110249.99,DELTA,91,500,95,1000,333,yes,8,-4050
2025-05-22T15:02:35.043745,KXBTCD-25MAY2219-T110249.99,DELTA,91,500,95,1000,334,yes,10,3240
2025-05-22T15:02:35.103263,KXBTCD-25MAY2219-T110249.99,DELTA,91,500,95,1000,335,yes,9,-20000
2025-05-22T15:02:35.142454,KXBTCD-25MAY2219-T110249.99,DELTA,91,500,95,1000,336,yes,11,20000
2025-05-22T15:02:35.242730,KXBTCD-25MAY2219-T110249.99,DELTA,89,1100,95,1000,337,yes,91,-500
2025-05-22T15:02:35.282340,KXBTCD-25MAY2219-T110249.99,DELTA,90,500,95,1000,338,yes,90,500
2025-05-22T15:02:35.724370,KXBTCD-25MAY2219-T110249.99,DELTA,90,500,95,1000,339,no,3,-500
2025-05-22T15:02:35.762635,KXBTCD-25MAY2219-T110249.99,DELTA,90,500,95,1100,340,no,5,100
2025-05-22T15:02:35.782950,KXBTCD-25MAY2219-T110249.99,DELTA,90,500,95,1100,341,no,3,-2000
2025-05-22T15:02:35.803218,KXBTCD-25MAY2219-T110249.99,DELTA,90,500,95,1100,342,no,4,-1250
2025-05-22T15:02:35.843129,KXBTCD-25MAY2219-T110249.99,DELTA,90,500,95,100,343,no,5,-1000
2025-05-22T15:02:35.962904,KXBTCD-25MAY2219-T110249.99,DELTA,90,500,94,1000,344,no,6,1000
2025-05-22T15:02:36.363811,KXBTCD-25MAY2219-T110249.99,DELTA,90,500,94,1000,345,yes,10,-3240
2025-05-22T15:02:36.364085,KXBTCD-25MAY2219-T110249.99,DELTA,90,500,94,1000,346,yes,12,2700
2025-05-22T15:02:36.443583,KXBTCD-25MAY2219-T110249.99,DELTA,90,500,94,1000,347,yes,11,-20000
2025-05-22T15:02:36.563545,KXBTCD-25MAY2219-T110249.99,DELTA,90,500,94,1000,348,yes,5,20000
2025-05-22T15:02:36.646109,KXBTCD-25MAY2219-T110249.99,DELTA,90,500,94,1000,349,no,5,-100
2025-05-22T15:02:36.662825,KXBTCD-25MAY2219-T110249.99,DELTA,90,500,94,1000,350,no,4,500
2025-05-22T15:02:36.702116,KXBTCD-25MAY2219-T110249.99,DELTA,90,500,96,600,351,no,6,-1000
2025-05-22T15:02:36.742007,KXBTCD-25MAY2219-T110249.99,DELTA,90,500,96,1850,352,no,4,1250
2025-05-22T15:02:36.763139,KXBTCD-25MAY2219-T110249.99,DELTA,90,500,95,1000,353,no,5,1000
2025-05-22T15:02:37.402754,KXBTCD-25MAY2219-T110249.99,DELTA,90,500,95,1000,354,yes,12,-2700
2025-05-22T15:02:37.403409,KXBTCD-25MAY2219-T110249.99,DELTA,90,500,95,1000,355,yes,6,5400
2025-05-22T15:02:37.483036,KXBTCD-25MAY2219-T110249.99,DELTA,90,500,95,1000,356,yes,5,-20000
2025-05-22T15:02:37.541969,KXBTCD-25MAY2219-T110249.99,DELTA,90,500,95,1000,357,yes,7,20000
2025-05-22T15:02:38.442390,KXBTCD-25MAY2219-T110249.99,DELTA,90,500,95,1000,358,yes,6,-5400
2025-05-22T15:02:38.443146,KXBTCD-25MAY2219-T110249.99,DELTA,90,500,95,1000,359,yes,8,4050
2025-05-22T15:02:38.501972,KXBTCD-25MAY2219-T110249.99,DELTA,90,500,95,1000,360,yes,7,-20000
2025-05-22T15:02:38.543419,KXBTCD-25MAY2219-T110249.99,DELTA,90,500,95,1000,361,yes,9,20000
2025-05-22T15:02:39.458936,KXBTCD-25MAY2219-T110249.99,DELTA,90,500,95,1000,362,yes,8,-4050
2025-05-22T15:02:39.459491,KXBTCD-25MAY2219-T110249.99,DELTA,90,500,95,1000,363,yes,10,3240
2025-05-22T15:02:39.502224,KXBTCD-25MAY2219-T110249.99,DELTA,90,500,95,1000,364,yes,9,-20000
2025-05-22T15:02:39.543326,KXBTCD-25MAY2219-T110249.99,DELTA,90,500,95,1000,365,yes,11,20000
2025-05-22T15:02:42.737367,KXBTCD-25MAY2219-T110249.99,DELTA,90,500,95,1000,366,yes,89,-1000
2025-05-22T15:02:42.737918,KXBTCD-25MAY2219-T110249.99,DELTA,90,500,95,1000,367,no,4,-1250
2025-05-22T15:02:42.823226,KXBTCD-25MAY2219-T110249.99,DELTA,90,1500,95,1000,368,yes,90,1000
2025-05-22T15:02:42.967401,KXBTCD-25MAY2219-T110249.99,DELTA,90,1500,95,1000,369,yes,10,-3240
2025-05-22T15:02:42.968250,KXBTCD-25MAY2219-T110249.99,DELTA,90,1500,95,1000,370,yes,12,2700
2025-05-22T15:02:43.101753,KXBTCD-25MAY2219-T110249.99,DELTA,90,1500,95,1000,371,yes,11,-20000
2025-05-22T15:02:43.142435,KXBTCD-25MAY2219-T110249.99,DELTA,90,1500,95,1000,372,yes,5,20000
2025-05-22T15:02:45.022834,KXBTCD-25MAY2219-T110249.99,DELTA,90,1500,95,1000,373,yes,12,-2700
2025-05-22T15:02:45.023312,KXBTCD-25MAY2219-T110249.99,DELTA,90,1500,95,1000,374,yes,6,5400
2025-05-22T15:02:45.082486,KXBTCD-25MAY2219-T110249.99,DELTA,90,1500,95,1000,375,yes,5,-20000
2025-05-22T15:02:45.142646,KXBTCD-25MAY2219-T110249.99,DELTA,90,1500,95,1000,376,yes,7,20000
2025-05-22T15:02:45.964499,KXBTCD-25MAY2219-T110249.99,DELTA,90,1500,95,1000,377,no,4,1250
2025-05-22T15:02:45.964809,KXBTCD-25MAY2219-T110249.99,DELTA,90,500,95,1000,378,yes,90,-1000
2025-05-22T15:02:46.002651,KXBTCD-25MAY2219-T110249.99,DELTA,90,500,95,1000,379,yes,89,1000
2025-05-22T15:02:46.083821,KXBTCD-25MAY2219-T110249.99,DELTA,90,500,95,1000,380,no,4,-500
2025-05-22T15:02:46.145393,KXBTCD-25MAY2219-T110249.99,DELTA,90,500,95,1000,381,yes,6,-5400
2025-05-22T15:02:46.146054,KXBTCD-25MAY2219-T110249.99,DELTA,90,500,95,1000,382,yes,8,4050
2025-05-22T15:02:46.146246,KXBTCD-25MAY2219-T110249.99,DELTA,90,500,95,1000,383,no,4,-1250
2025-05-22T15:02:46.182886,KXBTCD-25MAY2219-T110249.99,DELTA,90,500,95,1000,384,no,3,500
2025-05-22T15:02:46.223330,KXBTCD-25MAY2219-T110249.99,DELTA,90,500,95,1000,385,yes,7,-20000
2025-05-22T15:02:46.242733,KXBTCD-25MAY2219-T110249.99,DELTA,90,500,95,1000,386,no,3,2000
2025-05-22T15:02:46.243374,KXBTCD-25MAY2219-T110249.99,DELTA,90,500,95,1000,387,no,4,1250
2025-05-22T15:02:46.265741,KXBTCD-25MAY2219-T110249.99,DELTA,90,500,95,1000,388,yes,9,20000
2025-05-22T15:02:46.342223,KXBTCD-25MAY2219-T110249.99,DELTA,89,1100,95,1000,389,yes,90,-500
2025-05-22T15:02:46.362777,KXBTCD-25MAY2219-T110249.99,DELTA,92,50,95,1000,390,yes,92,50
2025-05-22T15:02:46.562934,KXBTCD-25MAY2219-T110249.99,DELTA,92,50,95,1000,391,yes,89,-1000
2025-05-22T15:02:46.563221,KXBTCD-25MAY2219-T110249.99,DELTA,92,50,95,1000,392,no,3,-2000
2025-05-22T15:02:46.583616,KXBTCD-25MAY2219-T110249.99,DELTA,92,50,95,1000,393,no,4,-1250
2025-05-22T15:02:46.626229,KXBTCD-25MAY2219-T110249.99,DELTA,92,50,95,1000,394,no,3,1250
2025-05-22T15:02:46.626526,KXBTCD-25MAY2219-T110249.99,DELTA,92,50,95,1000,395,yes,90,1000
2025-05-22T15:02:47.223377,KXBTCD-25MAY2219-T110249.99,DELTA,90,1000,95,1000,396,yes,92,-50
2025-05-22T15:02:47.243058,KXBTCD-25MAY2219-T110249.99,DELTA,90,1000,95,1000,397,yes,8,-4050
2025-05-22T15:02:47.243401,KXBTCD-25MAY2219-T110249.99,DELTA,90,1000,95,1000,398,yes,10,3240
2025-05-22T15:02:47.302480,KXBTCD-25MAY2219-T110249.99,DELTA,92,200,95,1000,399,yes,92,200
2025-05-22T15:02:47.323420,KXBTCD-25MAY2219-T110249.99,DELTA,92,200,95,1000,400,yes,9,-20000
2025-05-22T15:02:47.362657,KXBTCD-25MAY2219-T110249.99,DELTA,92,200,95,1000,401,yes,11,20000
2025-05-22T15:02:48.304516,KXBTCD-25MAY2219-T110249.99,DELTA,92,200,95,1000,402,yes,10,-3240
2025-05-22T15:02:48.304854,KXBTCD-25MAY2219-T110249.99,DELTA,92,200,95,1000,403,yes,12,2700
2025-05-22T15:02:48.384859,KXBTCD-25MAY2219-T110249.99,DELTA,92,200,95,1000,404,yes,11,-20000
2025-05-22T15:02:48.422946,KXBTCD-25MAY2219-T110249.99,DELTA,92,200,95,1000,405,yes,5,20000
2025-05-22T15:02:49.323396,KXBTCD-25MAY2219-T110249.99,DELTA,92,200,95,1000,406,yes,12,-2700
2025-05-22T15:02:49.323869,KXBTCD-25MAY2219-T110249.99,DELTA,92,200,95,1000,407,yes,6,5400
2025-05-22T15:02:49.401757,KXBTCD-25MAY2219-T110249.99,DELTA,92,200,95,1000,408,yes,5,-20000
2025-05-22T15:02:49.442554,KXBTCD-25MAY2219-T110249.99,DELTA,92,200,95,1000,409,yes,7,20000
2025-05-22T15:02:52.284321,KXBTCD-25MAY2219-T110249.99,DELTA,90,1000,95,1000,410,yes,92,-200
2025-05-22T15:02:52.303030,KXBTCD-25MAY2219-T110249.99,DELTA,92,450,95,1000,411,yes,92,450
2025-05-22T15:02:52.983292,KXBTCD-25MAY2219-T110249.99,DELTA,92,450,95,1000,412,yes,6,-5400
2025-05-22T15:02:52.983802,KXBTCD-25MAY2219-T110249.99,DELTA,92,450,95,1000,413,yes,8,4050
2025-05-22T15:02:53.063216,KXBTCD-25MAY2219-T110249.99,DELTA,92,450,95,1000,414,yes,7,-20000
2025-05-22T15:02:53.102449,KXBTCD-25MAY2219-T110249.99,DELTA,92,450,95,1000,415,yes,9,20000
2025-05-22T15:02:53.842826,KXBTCD-25MAY2219-T110249.99,DELTA,92,450,95,1000,416,yes,89,-100
2025-05-22T15:02:53.862633,KXBTCD-25MAY2219-T110249.99,DELTA,92,450,95,1000,417,no,4,-100
2025-05-22T15:02:53.903507,KXBTCD-25MAY2219-T110249.99,DELTA,92,450,95,1000,418,yes,90,-1000
2025-05-22T15:02:53.923413,KXBTCD-25MAY2219-T110249.99,DELTA,92,450,97,81750,419,no,5,-1000
2025-05-22T15:02:53.962622,KXBTCD-25MAY2219-T110249.99,DELTA,92,450,97,81750,420,yes,61,1000
2025-05-22T15:02:53.984017,KXBTCD-25MAY2219-T110249.99,DELTA,92,450,96,1000,421,no,4,1000
2025-05-22T15:02:54.803894,KXBTCD-25MAY2219-T110249.99,DELTA,92,450,96,1000,422,no,3,-500
2025-05-22T15:02:54.823765,KXBTCD-25MAY2219-T110249.99,DELTA,92,450,96,1000,423,no,2,500
2025-05-22T15:02:54.861143,KXBTCD-25MAY2219-T110249.99,DELTA,92,450,97,81250,424,no,4,-1000
2025-05-22T15:02:54.861765,KXBTCD-25MAY2219-T110249.99,DELTA,92,450,97,80000,425,no,3,-1250
2025-05-22T15:02:54.903757,KXBTCD-25MAY2219-T110249.99,DELTA,92,450,97,80000,426,no,2,2000
2025-05-22T15:02:54.962365,KXBTCD-25MAY2219-T110249.99,DELTA,92,450,97,81000,427,no,3,1000
2025-05-22T15:02:54.962623,KXBTCD-25MAY2219-T110249.99,DELTA,92,450,97,82250,428,no,3,1250
2025-05-22T15:02:54.964758,KXBTCD-25MAY2219-T110249.99,DELTA,92,450,97,82250,429,yes,76,9
2025-05-22T15:02:55.044290,KXBTCD-25MAY2219-T110249.99,DELTA,92,450,97,82250,430,yes,8,-4050
2025-05-22T15:02:55.044834,KXBTCD-25MAY2219-T110249.99,DELTA,92,450,97,82250,431,yes,10,3240
2025-05-22T15:02:55.102607,KXBTCD-25MAY2219-T110249.99,DELTA,92,450,97,82250,432,yes,9,-20000
2025-05-22T15:02:55.164066,KXBTCD-25MAY2219-T110249.99,DELTA,92,450,97,82250,433,yes,11,20000
2025-05-22T15:02:55.664589,KXBTCD-25MAY2219-T110249.99,DELTA,92,450,97,82250,434,no,2,100
2025-05-22T15:02:55.665297,KXBTCD-25MAY2219-T110249.99,DELTA,92,450,97,82250,435,yes,90,100
2025-05-22T15:02:55.724287,KXBTCD-25MAY2219-T110249.99,DELTA,92,450,97,82250,436,yes,61,-1000
2025-05-22T15:02:55.763450,KXBTCD-25MAY2219-T110249.99,DELTA,92,450,97,82250,437,yes,90,1000
2025-05-22T15:02:56.081870,KXBTCD-25MAY2219-T110249.99,DELTA,92,450,97,82250,438,yes,10,-3240
2025-05-22T15:02:56.082343,KXBTCD-25MAY2219-T110249.99,DELTA,92,450,97,82250,439,yes,12,2700
2025-05-22T15:02:56.154622,KXBTCD-25MAY2219-T110249.99,DELTA,92,450,97,82250,440,yes,11,-20000
2025-05-22T15:02:56.243584,KXBTCD-25MAY2219-T110249.99,DELTA,92,450,97,82250,441,yes,5,20000
2025-05-22T15:02:57.242573,KXBTCD-25MAY2219-T110249.99,DELTA,92,450,97,82250,442,yes,12,-2700
2025-05-22T15:02:57.242779,KXBTCD-25MAY2219-T110249.99,DELTA,92,450,97,82250,443,yes,6,5400
2025-05-22T15:02:57.318610,KXBTCD-25MAY2219-T110249.99,DELTA,92,450,97,82250,444,yes,5,-20000
2025-05-22T15:02:57.342674,KXBTCD-25MAY2219-T110249.99,DELTA,92,450,97,82250,445,yes,7,20000
2025-05-22T15:02:57.343113,KXBTCD-25MAY2219-T110249.99,DELTA,92,450,97,82250,446,yes,76,-9
2025-05-22T15:02:57.544143,KXBTCD-25MAY2219-T110249.99,DELTA,92,450,97,82250,447,yes,90,-1000
2025-05-22T15:02:57.544442,KXBTCD-25MAY2219-T110249.99,DELTA,92,450,97,82250,448,no,2,-2000
2025-05-22T15:02:57.562522,KXBTCD-25MAY2219-T110249.99,DELTA,92,450,97,81000,449,no,3,-1250
2025-05-22T15:02:57.562648,KXBTCD-25MAY2219-T110249.99,DELTA,92,450,97,1000,450,no,3,-80000
2025-05-22T15:02:57.641590,KXBTCD-25MAY2219-T110249.99,DELTA,92,450,97,1000,451,no,2,80000
2025-05-22T15:02:57.641770,KXBTCD-25MAY2219-T110249.99,DELTA,92,450,97,1000,452,no,2,1250
2025-05-22T15:02:57.641870,KXBTCD-25MAY2219-T110249.99,DELTA,92,450,97,1000,453,yes,91,1000
2025-05-22T15:02:58.325177,KXBTCD-25MAY2219-T110249.99,DELTA,92,450,97,1000,454,yes,6,-5400
2025-05-22T15:02:58.325391,KXBTCD-25MAY2219-T110249.99,DELTA,92,450,97,1000,455,yes,8,4050
2025-05-22T15:02:58.463843,KXBTCD-25MAY2219-T110249.99,DELTA,92,450,97,1000,456,yes,7,-20000
2025-05-22T15:02:58.502719,KXBTCD-25MAY2219-T110249.99,DELTA,92,450,97,1000,457,yes,9,20000
2025-05-22T15:03:02.883645,KXBTCD-25MAY2219-T110249.99,DELTA,92,450,97,1000,458,yes,8,-4050
2025-05-22T15:03:02.884023,KXBTCD-25MAY2219-T110249.99,DELTA,92,450,97,1000,459,yes,10,3240
2025-05-22T15:03:02.943361,KXBTCD-25MAY2219-T110249.99,DELTA,92,450,97,1000,460,yes,9,-20000
2025-05-22T15:03:02.982354,KXBTCD-25MAY2219-T110249.99,DELTA,92,450,97,1000,461,yes,11,20000
2025-05-22T15:03:04.089971,KXBTCD-25MAY2219-T110249.99,DELTA,92,450,98,81850,462,no,3,-1000
2025-05-22T15:03:04.091148,KXBTCD-25MAY2219-T110249.99,DELTA,92,450,98,81850,463,yes,61,-2000
2025-05-22T15:03:04.091780,KXBTCD-25MAY2219-T110249.99,DELTA,92,450,98,81850,464,yes,11,-20000
2025-05-22T15:03:04.092342,KXBTCD-25MAY2219-T110249.99,DELTA,92,450,98,80600,465,no,2,-1250
2025-05-22T15:03:04.092798,KXBTCD-25MAY2219-T110249.99,DELTA,92,450,98,80600,466,yes,91,-1000
2025-05-22T15:03:04.344495,KXBTCD-25MAY2219-T110249.99,DELTA,92,450,98,80100,467,no,2,-500
2025-05-22T15:03:04.384459,KXBTCD-25MAY2219-T110249.99,DELTA,90,100,98,80100,468,yes,92,-450
2025-05-22T15:03:04.808795,KXBTCD-25MAY2219-T110249.99,DELTA,94,200,98,80100,469,yes,94,200
2025-05-22T15:03:04.809736,KXBTCD-25MAY2219-T110249.99,DELTA,94,200,98,80100,470,no,1,500
2025-05-22T15:03:04.984422,KXBTCD-25MAY2219-T110249.99,DELTA,94,200,98,80100,471,yes,10,-3240
2025-05-22T15:03:04.985464,KXBTCD-25MAY2219-T110249.99,DELTA,94,200,98,80100,472,yes,5,6480
2025-05-22T15:03:05.105166,KXBTCD-25MAY2219-T110249.99,DELTA,94,200,98,80100,473,yes,76,9
2025-05-22T15:03:05.144695,KXBTCD-25MAY2219-T110249.99,DELTA,94,200,98,80100,474,no,1,2000
2025-05-22T15:03:05.145583,KXBTCD-25MAY2219-T110249.99,DELTA,94,200,98,81350,475,no,2,1250
2025-05-22T15:03:05.363898,KXBTCD-25MAY2219-T110249.99,DELTA,94,200,98,81350,476,yes,6,20000
2025-05-22T15:03:05.744548,KXBTCD-25MAY2219-T110249.99,DELTA,94,200,98,81350,477,yes,90,-100
2025-05-22T15:03:06.085991,KXBTCD-25MAY2219-T110249.99,DELTA,94,200,98,81350,478,yes,61,1000
2025-05-22T15:03:06.184719,KXBTCD-25MAY2219-T110249.99,DELTA,94,200,98,81350,479,yes,5,-6480
2025-05-22T15:03:06.185309,KXBTCD-25MAY2219-T110249.99,DELTA,94,200,98,81350,480,yes,7,4628
2025-05-22T15:03:06.245272,KXBTCD-25MAY2219-T110249.99,DELTA,94,200,98,81350,481,yes,6,-20000
2025-05-22T15:03:06.304150,KXBTCD-25MAY2219-T110249.99,DELTA,94,200,98,81350,482,yes,8,20000
2025-05-22T15:03:06.684535,KXBTCD-25MAY2219-T110249.99,DELTA,94,200,98,81350,483,no,1,-2000
2025-05-22T15:03:06.704312,KXBTCD-25MAY2219-T110249.99,DELTA,94,200,98,80100,484,no,2,-1250
2025-05-22T15:03:06.704539,KXBTCD-25MAY2219-T110249.99,DELTA,94,200,98,100,485,no,2,-80000
2025-05-22T15:03:06.803599,KXBTCD-25MAY2219-T110249.99,DELTA,94,200,98,100,486,no,1,1250
2025-05-22T15:03:06.803863,KXBTCD-25MAY2219-T110249.99,DELTA,76,9,98,100,487,yes,94,-200
2025-05-22T15:03:06.803971,KXBTCD-25MAY2219-T110249.99,DELTA,76,9,98,100,488,no,1,80000
2025-05-22T15:03:06.863561,KXBTCD-25MAY2219-T110249.99,DELTA,76,9,98,100,489,no,1,2000
2025-05-22T15:03:06.923636,KXBTCD-25MAY2219-T110249.99,DELTA,94,450,98,100,490,yes,94,450
2025-05-22T15:03:06.964942,KXBTCD-25MAY2219-T110249.99,DELTA,94,450,98,100,491,no,1,-1250
2025-05-22T15:03:06.965150,KXBTCD-25MAY2219-T110249.99,DELTA,94,450,98,100,492,no,1,-80000
2025-05-22T15:03:07.003911,KXBTCD-25MAY2219-T110249.99,DELTA,76,9,98,100,493,yes,94,-450
2025-05-22T15:03:07.064817,KXBTCD-25MAY2219-T110249.99,DELTA,76,9,98,80100,494,no,2,80000
2025-05-22T15:03:07.065077,KXBTCD-25MAY2219-T110249.99,DELTA,76,9,98,81350,495,no,2,1250
2025-05-22T15:03:07.105079,KXBTCD-25MAY2219-T110249.99,DELTA,94,150,98,81350,496,yes,94,150
2025-05-22T15:03:07.365139,KXBTCD-25MAY2219-T110249.99,DELTA,76,9,98,81350,497,yes,94,-150
2025-05-22T15:03:07.444307,KXBTCD-25MAY2219-T110249.99,DELTA,93,500,98,81350,498,yes,93,500
2025-05-22T15:03:07.544525,KXBTCD-25MAY2219-T110249.99,DELTA,93,500,98,81350,499,yes,76,-9
2025-05-22T15:03:07.664676,KXBTCD-25MAY2219-T110249.99,DELTA,93,500,98,81350,500,yes,7,-4628
2025-05-22T15:03:07.664946,KXBTCD-25MAY2219-T110249.99,DELTA,93,500,98,81350,501,yes,9,3600
2025-05-22T15:03:07.744686,KXBTCD-25MAY2219-T110249.99,DELTA,93,500,98,81350,502,yes,8,-20000
2025-05-22T15:03:07.805006,KXBTCD-25MAY2219-T110249.99,DELTA,93,500,98,81350,503,yes,10,20000
2025-05-22T15:03:07.925338,KXBTCD-25MAY2219-T110249.99,DELTA,93,500,98,81350,504,yes,91,100
2025-05-22T15:03:07.984483,KXBTCD-25MAY2219-T110249.99,DELTA,93,500,98,81350,505,yes,61,-1000
2025-05-22T15:03:08.045148,KXBTCD-25MAY2219-T110249.99,DELTA,93,500,98,81350,506,yes,91,1000
2025-05-22T15:03:08.926398,KXBTCD-25MAY2219-T110249.99,DELTA,93,500,98,81350,507,yes,9,-3600
2025-05-22T15:03:08.926868,KXBTCD-25MAY2219-T110249.99,DELTA,93,500,98,81350,508,yes,11,2945
2025-05-22T15:03:09.004789,KXBTCD-25MAY2219-T110249.99,DELTA,93,500,98,81350,509,yes,10,-20000
2025-05-22T15:03:09.045817,KXBTCD-25MAY2219-T110249.99,DELTA,93,500,98,81350,510,yes,5,20000
2025-05-22T15:03:10.069077,KXBTCD-25MAY2219-T110249.99,DELTA,93,500,98,81350,511,yes,11,-2945
2025-05-22T15:03:11.044782,KXBTCD-25MAY2219-T110249.99,DELTA,93,500,95,100,512,no,5,100
2025-05-22T15:03:11.717817,KXBTCD-25MAY2219-T110249.99,DELTA,93,500,95,100,513,yes,91,-1000
2025-05-22T15:03:11.718414,KXBTCD-25MAY2219-T110249.99,DELTA,93,500,95,100,514,no,1,-2000
2025-05-22T15:03:11.718809,KXBTCD-25MAY2219-T110249.99,DELTA,93,500,95,100,515,no,2,-1250
2025-05-22T15:03:11.718989,KXBTCD-25MAY2219-T110249.99,DELTA,93,500,95,100,516,no,2,-80000
2025-05-22T15:03:11.725789,KXBTCD-25MAY2219-T110249.99,DELTA,93,500,95,100,517,yes,61,2000
2025-05-22T15:03:11.785699,KXBTCD-25MAY2219-T110249.99,DELTA,93,500,95,100,518,no,1,1250
2025-05-22T15:03:11.786153,KXBTCD-25MAY2219-T110249.99,DELTA,93,500,95,100,519,yes,92,1000
2025-05-22T15:03:11.786514,KXBTCD-25MAY2219-T110249.99,DELTA,93,500,95,100,520,no,1,80000
2025-05-22T15:03:12.484457,KXBTCD-25MAY2219-T110249.99,DELTA,93,500,95,100,521,no,1,2000
2025-05-22T15:03:12.484761,KXBTCD-25MAY2219-T110249.99,DELTA,93,500,95,100,522,yes,92,-1000
2025-05-22T15:03:12.604337,KXBTCD-25MAY2219-T110249.99,DELTA,93,500,95,100,523,no,1,-1250
2025-05-22T15:03:12.705518,KXBTCD-25MAY2219-T110249.99,DELTA,93,500,95,100,524,no,1,-80000
2025-05-22T15:03:12.806472,KXBTCD-25MAY2219-T110249.99,DELTA,93,500,95,100,525,no,2,1250
2025-05-22T15:03:12.806914,KXBTCD-25MAY2219-T110249.99,DELTA,93,500,95,100,526,no,2,80000
2025-05-22T15:03:12.807104,KXBTCD-25MAY2219-T110249.99,DELTA,93,500,95,100,527,yes,91,1000
2025-05-22T15:03:13.086907,KXBTCD-25MAY2219-T110249.99,DELTA,93,500,95,100,528,yes,91,-1000
2025-05-22T15:03:13.087179,KXBTCD-25MAY2219-T110249.99,DELTA,93,500,95,100,529,no,1,-2000
2025-05-22T15:03:13.105168,KXBTCD-25MAY2219-T110249.99,DELTA,93,500,95,100,530,no,2,-1250
2025-05-22T15:03:13.105586,KXBTCD-25MAY2219-T110249.99,DELTA,93,500,95,100,531,no,2,-80000
2025-05-22T15:03:13.286101,KXBTCD-25MAY2219-T110249.99,DELTA,93,500,95,100,532,no,1,80000
2025-05-22T15:03:13.286255,KXBTCD-25MAY2219-T110249.99,DELTA,93,500,95,100,533,no,1,1250
2025-05-22T15:03:13.286356,KXBTCD-25MAY2219-T110249.99,DELTA,93,500,95,100,534,yes,92,1000
2025-05-22T15:03:13.405992,KXBTCD-25MAY2219-T110249.99,DELTA,93,500,95,100,535,no,1,2000
2025-05-22T15:03:13.406640,KXBTCD-25MAY2219-T110249.99,DELTA,93,500,95,100,536,yes,92,-1000
2025-05-22T15:03:13.585489,KXBTCD-25MAY2219-T110249.99,DELTA,93,500,95,100,537,no,1,-2000
2025-05-22T15:03:13.585754,KXBTCD-25MAY2219-T110249.99,DELTA,93,500,95,100,538,yes,92,1000
2025-05-22T15:03:15.814168,KXBTCD-25MAY2219-T110249.99,DELTA,93,500,95,100,539,yes,92,-1000
2025-05-22T15:03:15.814785,KXBTCD-25MAY2219-T110249.99,DELTA,93,500,95,100,540,no,1,2000
2025-05-22T15:03:15.985566,KXBTCD-25MAY2219-T110249.99,DELTA,93,500,95,100,541,no,1,-1250
2025-05-22T15:03:16.005820,KXBTCD-25MAY2219-T110249.99,DELTA,93,500,95,100,542,no,1,-80000
2025-05-22T15:03:16.085974,KXBTCD-25MAY2219-T110249.99,DELTA,93,500,95,100,543,yes,91,1000
2025-05-22T15:03:16.086311,KXBTCD-25MAY2219-T110249.99,DELTA,93,500,95,100,544,no,2,80000
2025-05-22T15:03:16.105246,KXBTCD-25MAY2219-T110249.99,DELTA,93,500,95,100,545,no,2,1250
2025-05-22T15:03:16.504626,KXBTCD-25MAY2219-T110249.99,DELTA,93,500,95,100,546,yes,91,-1000
2025-05-22T15:03:16.585078,KXBTCD-25MAY2219-T110249.99,DELTA,93,500,95,100,547,no,1,-2000
2025-05-22T15:03:16.586029,KXBTCD-25MAY2219-T110249.99,DELTA,93,500,95,100,548,no,2,-1250
2025-05-22T15:03:16.686776,KXBTCD-25MAY2219-T110249.99,DELTA,93,500,95,100,549,no,2,-80000
2025-05-22T15:03:16.785236,KXBTCD-25MAY2219-T110249.99,DELTA,93,500,95,100,550,no,1,1250
2025-05-22T15:03:16.785614,KXBTCD-25MAY2219-T110249.99,DELTA,93,500,95,100,551,no,1,80000
2025-05-22T15:03:16.786101,KXBTCD-25MAY2219-T110249.99,DELTA,93,500,95,100,552,yes,92,1000
2025-05-22T15:03:18.886098,KXBTCD-25MAY2219-T110249.99,DELTA,93,500,95,100,553,yes,6,5400
2025-05-22T15:03:18.946998,KXBTCD-25MAY2219-T110249.99,DELTA,93,500,95,100,554,yes,5,-20000
2025-05-22T15:03:18.986866,KXBTCD-25MAY2219-T110249.99,DELTA,93,500,95,100,555,yes,7,20000
2025-05-22T15:03:20.307595,KXBTCD-25MAY2219-T110249.99,DELTA,93,500,95,100,556,yes,92,-1000
2025-05-22T15:03:20.326646,KXBTCD-25MAY2219-T110249.99,DELTA,93,500,95,100,557,no,1,2000
2025-05-22T15:03:20.326747,KXBTCD-25MAY2219-T110249.99,DELTA,93,500,95,100,558,no,1,-1250
2025-05-22T15:03:20.327562,KXBTCD-25MAY2219-T110249.99,DELTA,93,500,95,100,559,no,1,-80000
2025-05-22T15:03:20.426610,KXBTCD-25MAY2219-T110249.99,DELTA,93,500,95,100,560,yes,91,1000
2025-05-22T15:03:20.426706,KXBTCD-25MAY2219-T110249.99,DELTA,93,500,95,100,561,no,2,1250
2025-05-22T15:03:20.426767,KXBTCD-25MAY2219-T110249.99,DELTA,93,500,95,100,562,no,2,80000
2025-05-22T15:03:20.966304,KXBTCD-25MAY2219-T110249.99,DELTA,93,500,95,100,563,yes,6,-5400
2025-05-22T15:03:20.966404,KXBTCD-25MAY2219-T110249.99,DELTA,93,500,95,100,564,yes,8,4050
2025-05-22T15:03:21.027444,KXBTCD-25MAY2219-T110249.99,DELTA,93,500,95,100,565,yes,7,-20000
2025-05-22T15:03:21.066514,KXBTCD-25MAY2219-T110249.99,DELTA,93,500,95,100,566,yes,9,20000
2025-05-22T15:03:22.307130,KXBTCD-25MAY2219-T110249.99,DELTA,93,500,95,100,567,yes,8,-4050
2025-05-22T15:03:22.307291,KXBTCD-25MAY2219-T110249.99,DELTA,93,500,95,100,568,yes,10,3240
2025-05-22T15:03:22.365432,KXBTCD-25MAY2219-T110249.99,DELTA,93,500,95,100,569,yes,9,-20000
2025-05-22T15:03:22.406810,KXBTCD-25MAY2219-T110249.99,DELTA,93,500,95,100,570,yes,11,20000
2025-05-22T15:03:23.585440,KXBTCD-25MAY2219-T110249.99,DELTA,93,500,95,100,571,yes,10,-3240
2025-05-22T15:03:23.585618,KXBTCD-25MAY2219-T110249.99,DELTA,93,500,95,100,572,yes,12,2700
2025-05-22T15:03:23.646731,KXBTCD-25MAY2219-T110249.99,DELTA,93,500,95,100,573,yes,11,-20000
2025-05-22T15:03:23.685336,KXBTCD-25MAY2219-T110249.99,DELTA,93,500,95,100,574,yes,5,20000
2025-05-22T15:03:24.929564,KXBTCD-25MAY2219-T110249.99,DELTA,93,500,95,100,575,yes,12,-2700
2025-05-22T15:03:24.929709,KXBTCD-25MAY2219-T110249.99,DELTA,93,500,95,100,576,yes,6,5400
2025-05-22T15:03:24.946173,KXBTCD-25MAY2219-T110249.99,DELTA,93,500,95,100,577,yes,5,-20000
2025-05-22T15:03:25.011707,KXBTCD-25MAY2219-T110249.99,DELTA,93,500,95,100,578,yes,7,20000
2025-05-22T15:03:26.185548,KXBTCD-25MAY2219-T110249.99,DELTA,93,500,95,100,579,yes,6,-5400
2025-05-22T15:03:26.185882,KXBTCD-25MAY2219-T110249.99,DELTA,93,500,95,100,580,yes,8,4050
2025-05-22T15:03:26.245242,KXBTCD-25MAY2219-T110249.99,DELTA,93,500,95,100,581,yes,7,-20000
2025-05-22T15:03:26.286538,KXBTCD-25MAY2219-T110249.99,DELTA,93,500,95,100,582,yes,9,20000
2025-05-22T15:03:27.566934,KXBTCD-25MAY2219-T110249.99,DELTA,93,500,95,100,583,yes,91,-1000
2025-05-22T15:03:27.586542,KXBTCD-25MAY2219-T110249.99,DELTA,93,500,95,100,584,no,1,-2000
2025-05-22T15:03:27.586710,KXBTCD-25MAY2219-T110249.99,DELTA,93,500,95,100,585,no,2,-1250
2025-05-22T15:03:27.606795,KXBTCD-25MAY2219-T110249.99,DELTA,93,500,95,100,586,no,2,-80000
2025-05-22T15:03:27.646291,KXBTCD-25MAY2219-T110249.99,DELTA,93,500,95,100,587,yes,92,1000
2025-05-22T15:03:27.646500,KXBTCD-25MAY2219-T110249.99,DELTA,93,500,95,100,588,no,1,1250
2025-05-22T15:03:27.646580,KXBTCD-25MAY2219-T110249.99,DELTA,93,500,95,100,589,no,1,80000
2025-05-22T15:03:30.048082,KXBTCD-25MAY2219-T110249.99,DELTA,93,500,95,100,590,yes,8,-4050
2025-05-22T15:03:30.048257,KXBTCD-25MAY2219-T110249.99,DELTA,93,500,95,100,591,yes,10,3240
2025-05-22T15:03:30.065657,KXBTCD-25MAY2219-T110249.99,DELTA,93,500,95,100,592,yes,9,-20000
2025-05-22T15:03:30.105310,KXBTCD-25MAY2219-T110249.99,DELTA,93,500,95,100,593,yes,11,20000
2025-05-22T15:03:32.347157,KXBTCD-25MAY2219-T110249.99,DELTA,93,500,95,100,594,no,1,2000
2025-05-22T15:03:32.347334,KXBTCD-25MAY2219-T110249.99,DELTA,93,500,95,100,595,yes,92,-1000
2025-05-22T15:03:32.347672,KXBTCD-25MAY2219-T110249.99,DELTA,93,500,95,100,596,no,1,-1250
2025-05-22T15:03:32.366986,KXBTCD-25MAY2219-T110249.99,DELTA,93,500,95,100,597,no,1,-80000
2025-05-22T15:03:32.427329,KXBTCD-25MAY2219-T110249.99,DELTA,93,500,95,100,598,no,2,80000
2025-05-22T15:03:32.427488,KXBTCD-25MAY2219-T110249.99,DELTA,93,500,95,100,599,no,2,1250
2025-05-22T15:03:32.427562,KXBTCD-25MAY2219-T110249.99,DELTA,93,500,95,100,600,yes,91,1000
2025-05-22T15:03:32.866321,KXBTCD-25MAY2219-T110249.99,DELTA,93,500,95,100,601,yes,10,-3240
2025-05-22T15:03:32.866500,KXBTCD-25MAY2219-T110249.99,DELTA,93,500,95,100,602,yes,12,2700
2025-05-22T15:03:32.926245,KXBTCD-25MAY2219-T110249.99,DELTA,93,500,95,100,603,yes,11,-20000
2025-05-22T15:03:32.966948,KXBTCD-25MAY2219-T110249.99,DELTA,93,500,95,100,604,yes,5,20000
2025-05-22T15:03:34.285690,KXBTCD-25MAY2219-T110249.99,DELTA,93,500,95,100,605,yes,12,-2700
2025-05-22T15:03:34.285826,KXBTCD-25MAY2219-T110249.99,DELTA,93,500,95,100,606,yes,6,5400
2025-05-22T15:03:34.346499,KXBTCD-25MAY2219-T110249.99,DELTA,93,500,95,100,607,yes,5,-20000
2025-05-22T15:03:34.387091,KXBTCD-25MAY2219-T110249.99,DELTA,93,500,95,100,608,yes,7,20000
2025-05-22T15:03:35.667523,KXBTCD-25MAY2219-T110249.99,DELTA,93,500,95,100,609,yes,6,-5400
2025-05-22T15:03:35.668473,KXBTCD-25MAY2219-T110249.99,DELTA,93,500,95,100,610,yes,8,4050
2025-05-22T15:03:35.746881,KXBTCD-25MAY2219-T110249.99,DELTA,93,500,95,100,611,yes,7,-20000
2025-05-22T15:03:35.787263,KXBTCD-25MAY2219-T110249.99,DELTA,93,500,95,100,612,yes,9,20000
2025-05-22T15:03:37.048386,KXBTCD-25MAY2219-T110249.99,DELTA,93,500,95,100,613,yes,8,-4050
2025-05-22T15:03:37.049240,KXBTCD-25MAY2219-T110249.99,DELTA,93,500,95,100,614,yes,10,3240
2025-05-22T15:03:37.107167,KXBTCD-25MAY2219-T110249.99,DELTA,93,500,95,100,615,yes,9,-20000
2025-05-22T15:03:37.166829,KXBTCD-25MAY2219-T110249.99,DELTA,93,500,95,100,616,yes,11,20000
2025-05-22T15:03:38.347692,KXBTCD-25MAY2219-T110249.99,DELTA,93,500,95,100,617,yes,91,-100
2025-05-22T15:03:38.367642,KXBTCD-25MAY2219-T110249.99,DELTA,93,500,95,100,618,no,2,-100
2025-05-22T15:03:38.406615,KXBTCD-25MAY2219-T110249.99,DELTA,93,500,95,100,619,yes,10,-3240
2025-05-22T15:03:38.407864,KXBTCD-25MAY2219-T110249.99,DELTA,93,500,95,100,620,yes,12,2700
2025-05-22T15:03:38.408650,KXBTCD-25MAY2219-T110249.99,DELTA,93,500,95,100,621,yes,91,-1000
2025-05-22T15:03:38.446329,KXBTCD-25MAY2219-T110249.99,DELTA,93,500,95,100,622,yes,61,1000
2025-05-22T15:03:38.466985,KXBTCD-25MAY2219-T110249.99,DELTA,93,500,95,100,623,yes,11,-20000
2025-05-22T15:03:38.527928,KXBTCD-25MAY2219-T110249.99,DELTA,93,500,95,100,624,yes,5,20000
2025-05-22T15:03:38.706972,KXBTCD-25MAY2219-T110249.99,DELTA,93,500,95,100,625,no,2,1000
2025-05-22T15:03:40.495759,KXBTCD-25MAY2219-T110249.99,DELTA,93,500,95,100,626,no,1,-2000
2025-05-22T15:03:40.506521,KXBTCD-25MAY2219-T110249.99,DELTA,93,500,95,100,627,no,2,-1250
2025-05-22T15:03:40.506720,KXBTCD-25MAY2219-T110249.99,DELTA,93,500,95,100,628,no,2,-80000
2025-05-22T15:03:40.570402,KXBTCD-25MAY2219-T110249.99,DELTA,93,500,95,100,629,no,1,80000
2025-05-22T15:03:40.570897,KXBTCD-25MAY2219-T110249.99,DELTA,93,500,95,100,630,no,1,1250
2025-05-22T15:03:40.853465,KXBTCD-25MAY2219-T110249.99,DELTA,93,500,95,100,631,yes,92,100
2025-05-22T15:03:40.910166,KXBTCD-25MAY2219-T110249.99,DELTA,93,500,95,100,632,yes,61,-1000
2025-05-22T15:03:40.948473,KXBTCD-25MAY2219-T110249.99,DELTA,93,500,95,100,633,yes,92,1000
2025-05-22T15:03:42.386771,KXBTCD-25MAY2219-T110249.99,DELTA,93,500,95,100,634,yes,12,-2700
2025-05-22T15:03:42.387743,KXBTCD-25MAY2219-T110249.99,DELTA,93,500,95,100,635,yes,6,5400
2025-05-22T15:03:42.448038,KXBTCD-25MAY2219-T110249.99,DELTA,93,500,95,100,636,yes,5,-20000
2025-05-22T15:03:42.548470,KXBTCD-25MAY2219-T110249.99,DELTA,93,500,95,100,637,yes,7,20000
2025-05-22T15:03:53.192368,KXBTCD-25MAY2219-T110249.99,DELTA,93,500,95,100,638,yes,6,-5400
2025-05-22T15:03:53.193614,KXBTCD-25MAY2219-T110249.99,DELTA,93,500,95,100,639,yes,50,648
2025-05-22T15:03:53.245540,KXBTCD-25MAY2219-T110249.99,DELTA,93,500,95,100,640,yes,7,-20000
2025-05-22T15:03:53.346952,KXBTCD-25MAY2219-T110249.99,DELTA,93,500,95,100,641,yes,5,20000
2025-05-22T15:04:01.846446,KXBTCD-25MAY2219-T110249.99,DELTA,92,1100,95,100,642,yes,93,-500
2025-05-22T15:04:01.846806,KXBTCD-25MAY2219-T110249.99,DELTA,92,1100,95,100,643,no,1,-500
2025-05-22T15:04:01.906815,KXBTCD-25MAY2219-T110249.99,DELTA,92,1100,95,100,644,no,2,-1000
2025-05-22T15:04:01.926994,KXBTCD-25MAY2219-T110249.99,DELTA,92,1100,95,100,645,no,1,-1250
2025-05-22T15:04:03.227590,KXBTCD-25MAY2219-T110249.99,DELTA,92,1100,95,100,646,yes,50,-648
2025-05-22T15:04:03.228577,KXBTCD-25MAY2219-T110249.99,DELTA,92,1100,95,100,647,yes,51,635
2025-05-22T15:04:18.489280,KXBTCD-25MAY2219-T110249.99,DELTA,92,1000,95,100,648,yes,92,-100
2025-05-22T15:04:18.567626,KXBTCD-25MAY2219-T110249.99,DELTA,75,3000,95,100,649,yes,92,-1000
2025-05-22T15:04:18.606388,KXBTCD-25MAY2219-T110249.99,DELTA,75,3000,95,100,650,yes,61,1000
2025-05-22T15:04:19.203983,KXBTCD-25MAY2219-T110249.99,DELTA,75,3000,95,100,651,no,1,-80000
2025-05-22T15:04:20.368037,KXBTCD-25MAY2219-T110249.99,DELTA,93,100,95,100,652,yes,93,100
2025-05-22T15:04:20.430167,KXBTCD-25MAY2219-T110249.99,DELTA,93,100,95,100,653,yes,61,-1000
2025-05-22T15:04:20.507284,KXBTCD-25MAY2219-T110249.99,DELTA,93,100,95,100,654,yes,76,9
2025-05-22T15:04:20.547407,KXBTCD-25MAY2219-T110249.99,DELTA,93,1100,95,100,655,yes,93,1000
2025-05-22T15:04:21.527294,KXBTCD-25MAY2219-T110249.99,DELTA,94,500,95,100,656,yes,94,500
2025-05-22T15:04:21.546919,KXBTCD-25MAY2219-T110249.99,DELTA,94,500,95,100,657,no,1,350
2025-05-22T15:04:21.626272,KXBTCD-25MAY2219-T110249.99,DELTA,94,500,95,100,658,yes,76,-9
2025-05-22T15:04:21.646517,KXBTCD-25MAY2219-T110249.99,DELTA,94,500,95,100,659,yes,93,-1000
2025-05-22T15:04:21.646684,KXBTCD-25MAY2219-T110249.99,DELTA,94,500,95,100,660,no,1,80000
2025-05-22T15:04:21.667725,KXBTCD-25MAY2219-T110249.99,DELTA,94,500,95,100,661,no,2,1000
2025-05-22T15:04:21.667897,KXBTCD-25MAY2219-T110249.99,DELTA,94,500,95,100,662,no,1,1250
2025-05-22T15:04:21.766310,KXBTCD-25MAY2219-T110249.99,DELTA,94,500,95,100,663,yes,61,1000
2025-05-22T15:04:30.407730,KXBTCD-25MAY2219-T110249.99,DELTA,94,500,95,100,664,yes,93,-100
2025-05-22T15:04:30.707660,KXBTCD-25MAY2219-T110249.99,DELTA,94,500,95,100,665,no,1,100
2025-05-22T15:04:32.647672,KXBTCD-25MAY2219-T110249.99,DELTA,94,500,95,100,666,no,1,-350
2025-05-22T15:04:32.728177,KXBTCD-25MAY2219-T110249.99,DELTA,75,3000,95,100,667,yes,94,-500
2025-05-22T15:04:32.728954,KXBTCD-25MAY2219-T110249.99,DELTA,91,100,95,100,668,yes,91,100
2025-05-22T15:04:32.746980,KXBTCD-25MAY2219-T110249.99,DELTA,91,100,95,100,669,no,1,-1250
2025-05-22T15:04:32.747625,KXBTCD-25MAY2219-T110249.99,DELTA,91,100,95,100,670,no,1,-80000
2025-05-22T15:04:32.808179,KXBTCD-25MAY2219-T110249.99,DELTA,91,100,95,100,671,yes,61,-1000
2025-05-22T15:04:32.847806,KXBTCD-25MAY2219-T110249.99,DELTA,92,1000,95,100,672,yes,92,1000
2025-05-22T15:04:35.383269,KXBTCD-25MAY2219-T110249.99,DELTA,92,1000,95,100,673,yes,91,-100
2025-05-22T15:04:35.408248,KXBTCD-25MAY2219-T110249.99,DELTA,75,3000,95,100,674,yes,92,-1000
2025-05-22T15:04:35.447449,KXBTCD-25MAY2219-T110249.99,DELTA,75,3000,95,100,675,yes,61,1000
2025-05-22T15:04:37.227906,KXBTCD-25MAY2219-T110249.99,DELTA,92,100,95,100,676,yes,92,100
2025-05-22T15:04:37.286837,KXBTCD-25MAY2219-T110249.99,DELTA,92,100,95,100,677,yes,61,-1000
2025-05-22T15:04:37.327137,KXBTCD-25MAY2219-T110249.99,DELTA,93,1000,95,100,678,yes,93,1000
2025-05-22T15:04:37.327257,KXBTCD-25MAY2219-T110249.99,DELTA,93,1000,95,100,679,yes,76,9
2025-05-22T15:04:46.247452,KXBTCD-25MAY2219-T110249.99,DELTA,94,500,95,100,680,yes,94,500
2025-05-22T15:04:46.307651,KXBTCD-25MAY2219-T110249.99,DELTA,93,1000,95,100,681,yes,94,-500
2025-05-22T15:04:46.367360,KXBTCD-25MAY2219-T110249.99,DELTA,93,1000,95,100,682,yes,76,-9
2025-05-22T15:04:46.586969,KXBTCD-25MAY2219-T110249.99,DELTA,94,500,95,100,683,yes,94,500
2025-05-22T15:04:46.727877,KXBTCD-25MAY2219-T110249.99,DELTA,93,1000,95,100,684,yes,94,-500
2025-05-22T15:05:01.887166,KXBTCD-25MAY2219-T110249.99,DELTA,93,1000,95,100,685,yes,82,250
2025-05-22T15:05:01.987884,KXBTCD-25MAY2219-T110249.99,DELTA,93,1000,95,100,686,yes,86,250
2025-05-22T15:05:02.607580,KXBTCD-25MAY2219-T110249.99,DELTA,93,1000,95,100,687,yes,61,-2000
2025-05-22T15:05:02.787575,KXBTCD-25MAY2219-T110249.99,DELTA,93,1000,95,100,688,yes,87,1250
2025-05-22T15:05:02.887021,KXBTCD-25MAY2219-T110249.99,DELTA,93,1000,95,100,689,yes,87,2000
2025-05-22T15:05:03.907307,KXBTCD-25MAY2219-T110249.99,DELTA,93,1000,95,100,690,yes,87,-1250
2025-05-22T15:05:04.086814,KXBTCD-25MAY2219-T110249.99,DELTA,93,1000,95,100,691,yes,90,250
2025-05-22T15:05:04.108123,KXBTCD-25MAY2219-T110249.99,DELTA,93,1000,95,100,692,yes,84,250
2025-05-22T15:05:04.207295,KXBTCD-25MAY2219-T110249.99,DELTA,93,1000,95,100,693,yes,88,250
2025-05-22T15:05:04.287931,KXBTCD-25MAY2219-T110249.99,DELTA,93,1000,95,100,694,yes,91,1250
2025-05-22T15:05:04.507456,KXBTCD-25MAY2219-T110249.99,DELTA,93,1000,95,100,695,yes,87,-2000
2025-05-22T15:05:04.608324,KXBTCD-25MAY2219-T110249.99,DELTA,93,1000,95,100,696,yes,90,2000
2025-05-22T15:05:17.448102,KXBTCD-25MAY2219-T110249.99,DELTA,93,1000,95,100,697,yes,92,-100
2025-05-22T15:05:17.449223,KXBTCD-25MAY2219-T110249.99,DELTA,93,1000,95,100,698,no,1,-100
2025-05-22T15:05:17.527423,KXBTCD-25MAY2219-T110249.99,DELTA,91,1250,95,100,699,yes,93,-1000
2025-05-22T15:05:17.528198,KXBTCD-25MAY2219-T110249.99,DELTA,91,1250,95,100,700,no,2,-1000
2025-05-22T15:05:17.631156,KXBTCD-25MAY2219-T110249.99,DELTA,91,2250,95,100,701,yes,91,1000
2025-05-22T15:05:19.547508,KXBTCD-25MAY2219-T110249.99,DELTA,93,100,95,100,702,yes,93,100
2025-05-22T15:05:19.607227,KXBTCD-25MAY2219-T110249.99,DELTA,93,100,95,100,703,yes,91,-1000
2025-05-22T15:05:19.747490,KXBTCD-25MAY2219-T110249.99,DELTA,93,1100,95,100,704,yes,93,1000
2025-05-22T15:05:38.987327,KXBTCD-25MAY2219-T110249.99,DELTA,93,1100,,0,705,no,5,-100
2025-05-22T15:05:39.148246,KXBTCD-25MAY2219-T110249.99,DELTA,93,1100,,0,706,yes,82,-250
2025-05-22T15:05:39.149175,KXBTCD-25MAY2219-T110249.99,DELTA,93,1100,,0,707,yes,86,-250
2025-05-22T15:05:39.188724,KXBTCD-25MAY2219-T110249.99,DELTA,93,1100,,0,708,yes,90,-250
2025-05-22T15:05:39.189948,KXBTCD-25MAY2219-T110249.99,DELTA,93,1100,,0,709,yes,84,-250
2025-05-22T15:05:39.208273,KXBTCD-25MAY2219-T110249.99,DELTA,93,1100,,0,710,yes,88,-250
2025-05-22T15:05:39.247502,KXBTCD-25MAY2219-T110249.99,DELTA,93,1100,,0,711,yes,90,-2000
2025-05-22T15:05:39.267082,KXBTCD-25MAY2219-T110249.99,DELTA,93,1100,,0,712,yes,91,-1250
2025-05-22T15:05:39.308183,KXBTCD-25MAY2219-T110249.99,DELTA,93,1100,,0,713,yes,61,2000
2025-05-22T15:05:57.947433,KXBTCD-25MAY2219-T110249.99,DELTA,93,1100,,0,714,yes,84,4
2025-05-22T15:05:58.736569,KXBTCD-25MAY2219-T110249.99,DELTA,93,100,,0,715,yes,93,-1000
2025-05-22T15:05:58.736755,KXBTCD-25MAY2219-T110249.99,DELTA,93,100,99,80000,716,no,1,80000
2025-05-22T15:05:58.737069,KXBTCD-25MAY2219-T110249.99,DELTA,93,100,99,80000,717,yes,61,1000
2025-05-22T15:05:58.737154,KXBTCD-25MAY2219-T110249.99,DELTA,93,100,99,80000,718,yes,78,250
2025-05-22T15:05:58.737241,KXBTCD-25MAY2219-T110249.99,DELTA,93,100,99,80000,719,yes,82,250
2025-05-22T15:05:58.747263,KXBTCD-25MAY2219-T110249.99,DELTA,93,100,99,80000,720,yes,86,250
2025-05-22T15:05:58.747362,KXBTCD-25MAY2219-T110249.99,DELTA,93,100,99,80000,721,yes,80,250
2025-05-22T15:05:58.766236,KXBTCD-25MAY2219-T110249.99,DELTA,93,100,99,80000,722,yes,84,250
2025-05-22T15:05:58.829106,KXBTCD-25MAY2219-T110249.99,DELTA,93,100,99,80000,723,yes,76,9
2025-05-22T15:05:58.846550,KXBTCD-25MAY2219-T110249.99,DELTA,93,100,99,80000,724,yes,61,-2000
2025-05-22T15:05:58.846715,KXBTCD-25MAY2219-T110249.99,DELTA,93,100,99,80000,725,yes,87,1250
2025-05-22T15:05:58.846813,KXBTCD-25MAY2219-T110249.99,DELTA,93,100,99,80000,726,yes,61,-1000
2025-05-22T15:05:58.907090,KXBTCD-25MAY2219-T110249.99,DELTA,93,100,99,80000,727,yes,87,2000
2025-05-22T15:05:58.907581,KXBTCD-25MAY2219-T110249.99,DELTA,93,100,99,80000,728,yes,87,1000
2025-05-22T15:05:59.247759,KXBTCD-25MAY2219-T110249.99,DELTA,93,100,99,80000,729,yes,87,-1000
2025-05-22T15:05:59.267664,KXBTCD-25MAY2219-T110249.99,DELTA,93,100,,0,730,no,1,-80000
2025-05-22T15:05:59.306811,KXBTCD-25MAY2219-T110249.99,DELTA,93,1100,,0,731,yes,93,1000
2025-05-22T15:06:00.206832,KXBTCD-25MAY2219-T110249.99,DELTA,93,1100,,0,732,yes,78,-250
2025-05-22T15:06:00.227451,KXBTCD-25MAY2219-T110249.99,DELTA,93,1100,,0,733,yes,82,-250
2025-05-22T15:06:00.228197,KXBTCD-25MAY2219-T110249.99,DELTA,93,1100,,0,734,yes,86,-250
2025-05-22T15:06:00.248206,KXBTCD-25MAY2219-T110249.99,DELTA,93,1100,,0,735,yes,80,-250
2025-05-22T15:06:00.249027,KXBTCD-25MAY2219-T110249.99,DELTA,93,1100,,0,736,yes,84,-250
2025-05-22T15:06:00.286337,KXBTCD-25MAY2219-T110249.99,DELTA,93,1100,,0,737,yes,87,-2000
2025-05-22T15:06:00.307211,KXBTCD-25MAY2219-T110249.99,DELTA,93,1100,,0,738,yes,87,-1250
2025-05-22T15:06:00.307913,KXBTCD-25MAY2219-T110249.99,DELTA,93,1100,,0,739,yes,76,-9
2025-05-22T15:06:00.346599,KXBTCD-25MAY2219-T110249.99,DELTA,93,1100,,0,740,yes,61,2000
2025-05-22T15:06:18.067259,KXBTCD-25MAY2219-T110249.99,DELTA,93,1100,,0,741,yes,51,-635
2025-05-22T15:06:24.166849,KXBTCD-25MAY2219-T110249.99,DELTA,93,1100,,0,742,yes,51,635
2025-05-22T15:06:41.849281,KXBTCD-25MAY2219-T110249.99,DELTA,93,1100,99,80000,743,no,1,80000
2025-05-22T15:06:41.849634,KXBTCD-25MAY2219-T110249.99,DELTA,93,100,99,80000,744,yes,93,-1000
2025-05-22T15:06:41.907119,KXBTCD-25MAY2219-T110249.99,DELTA,93,100,99,80000,745,yes,84,250
2025-05-22T15:06:41.908216,KXBTCD-25MAY2219-T110249.99,DELTA,93,100,99,80000,746,yes,88,250
2025-05-22T15:06:41.927899,KXBTCD-25MAY2219-T110249.99,DELTA,93,100,99,80000,747,yes,92,250
2025-05-22T15:06:41.928546,KXBTCD-25MAY2219-T110249.99,DELTA,93,100,99,80000,748,yes,86,250
2025-05-22T15:06:41.947547,KXBTCD-25MAY2219-T110249.99,DELTA,93,100,99,80000,749,yes,90,250
2025-05-22T15:06:41.948126,KXBTCD-25MAY2219-T110249.99,DELTA,93,100,99,80000,750,yes,61,1000
2025-05-22T15:06:41.967773,KXBTCD-25MAY2219-T110249.99,DELTA,93,100,99,80000,751,yes,76,9
2025-05-22T15:06:42.128098,KXBTCD-25MAY2219-T110249.99,DELTA,93,100,99,80000,752,yes,85,1250
2025-05-22T15:06:42.148019,KXBTCD-25MAY2219-T110249.99,DELTA,93,100,99,80000,753,yes,92,-250
2025-05-22T15:06:42.207526,KXBTCD-25MAY2219-T110249.99,DELTA,93,100,99,80000,754,yes,82,250
2025-05-22T15:06:42.208262,KXBTCD-25MAY2219-T110249.99,DELTA,93,100,99,80000,755,yes,61,-2000
2025-05-22T15:06:42.209161,KXBTCD-25MAY2219-T110249.99,DELTA,93,100,99,80000,756,yes,61,-1000
2025-05-22T15:06:42.228635,KXBTCD-25MAY2219-T110249.99,DELTA,93,100,99,80000,757,yes,85,-1250
2025-05-22T15:06:42.626514,KXBTCD-25MAY2219-T110249.99,DELTA,93,100,99,80000,758,yes,90,1250
2025-05-22T15:06:42.626751,KXBTCD-25MAY2219-T110249.99,DELTA,93,100,99,80000,759,yes,89,2000
2025-05-22T15:06:42.626908,KXBTCD-25MAY2219-T110249.99,DELTA,93,100,99,80000,760,yes,91,1000
2025-05-22T15:06:42.727242,KXBTCD-25MAY2219-T110249.99,DELTA,93,100,99,80000,761,yes,76,-9
2025-05-22T15:06:42.827868,KXBTCD-25MAY2219-T110249.99,DELTA,93,100,99,80000,762,yes,82,-250
2025-05-22T15:06:42.828509,KXBTCD-25MAY2219-T110249.99,DELTA,93,100,99,80000,763,yes,92,250
2025-05-22T15:06:42.887335,KXBTCD-25MAY2219-T110249.99,DELTA,93,100,99,80000,764,yes,91,-1000
2025-05-22T15:06:42.928725,KXBTCD-25MAY2219-T110249.99,DELTA,93,100,99,80000,765,yes,92,1000
2025-05-22T15:06:47.149143,KXBTCD-25MAY2219-T110249.99,DELTA,92,1250,99,80000,766,yes,93,-100
2025-05-22T15:06:48.913676,KXBTCD-25MAY2219-T110249.99,DELTA,92,1250,99,80000,767,yes,89,-2000
2025-05-22T15:06:48.914221,KXBTCD-25MAY2219-T110249.99,DELTA,92,250,99,80000,768,yes,92,-1000
2025-05-22T15:06:48.914736,KXBTCD-25MAY2219-T110249.99,DELTA,92,250,99,80000,769,yes,90,-1250
2025-05-22T15:06:48.914976,KXBTCD-25MAY2219-T110249.99,DELTA,92,250,,0,770,no,1,-80000
2025-05-22T15:06:48.988049,KXBTCD-25MAY2219-T110249.99,DELTA,93,1000,,0,771,yes,93,1000
2025-05-22T15:06:48.988815,KXBTCD-25MAY2219-T110249.99,DELTA,93,1000,,0,772,yes,91,1250
2025-05-22T15:06:49.208030,KXBTCD-25MAY2219-T110249.99,DELTA,93,1000,,0,773,yes,90,2000
2025-05-22T15:06:49.730699,KXBTCD-25MAY2219-T110249.99,DELTA,93,1000,,0,774,yes,92,100
2025-05-22T15:06:50.887656,KXBTCD-25MAY2219-T110249.99,DELTA,93,1000,99,100,775,no,1,100
2025-05-22T15:06:50.947581,KXBTCD-25MAY2219-T110249.99,DELTA,93,1000,98,1000,776,no,2,1000
2025-05-22T15:06:52.972978,KXBTCD-25MAY2219-T110249.99,DELTA,93,1000,98,1000,777,no,1,80000
2025-05-22T15:06:52.973227,KXBTCD-25MAY2219-T110249.99,DELTA,93,1000,98,1000,778,yes,90,-2000
2025-05-22T15:06:52.973623,KXBTCD-25MAY2219-T110249.99,DELTA,92,350,98,1000,779,yes,93,-1000
2025-05-22T15:06:52.973741,KXBTCD-25MAY2219-T110249.99,DELTA,92,350,98,1000,780,yes,91,-1250
2025-05-22T15:06:53.006586,KXBTCD-25MAY2219-T110249.99,DELTA,92,1350,98,1000,781,yes,92,1000
2025-05-22T15:06:53.006797,KXBTCD-25MAY2219-T110249.99,DELTA,92,1350,98,1000,782,yes,90,1250
2025-05-22T15:06:53.028035,KXBTCD-25MAY2219-T110249.99,DELTA,92,1350,98,1000,783,yes,89,2000
2025-05-22T15:06:56.027881,KXBTCD-25MAY2219-T110249.99,DELTA,92,1350,98,1000,784,yes,89,-2000
2025-05-22T15:06:56.048654,KXBTCD-25MAY2219-T110249.99,DELTA,92,350,98,1000,785,yes,92,-1000
2025-05-22T15:06:56.049311,KXBTCD-25MAY2219-T110249.99,DELTA,92,350,98,1000,786,yes,90,-1250
2025-05-22T15:06:56.067816,KXBTCD-25MAY2219-T110249.99,DELTA,92,350,98,1000,787,no,1,-80000
2025-05-22T15:06:56.208415,KXBTCD-25MAY2219-T110249.99,DELTA,92,350,98,1000,788,yes,91,1250
2025-05-22T15:06:56.209218,KXBTCD-25MAY2219-T110249.99,DELTA,93,1000,98,1000,789,yes,93,1000
2025-05-22T15:06:56.210199,KXBTCD-25MAY2219-T110249.99,DELTA,93,1000,98,1000,790,yes,90,2000
2025-05-22T15:07:01.292716,KXBTCD-25MAY2219-T110249.99,DELTA,93,1000,98,1000,791,yes,84,-250
2025-05-22T15:07:01.293635,KXBTCD-25MAY2219-T110249.99,DELTA,94,250,98,1000,792,yes,94,250
2025-05-22T15:07:16.348076,KXBTCD-25MAY2219-T110249.99,DELTA,94,250,98,1000,793,no,1,-100
2025-05-22T15:07:16.348789,KXBTCD-25MAY2219-T110249.99,DELTA,94,250,98,1000,794,yes,92,-100
2025-05-22T15:07:16.410715,KXBTCD-25MAY2219-T110249.99,DELTA,94,250,,0,795,no,2,-1000
2025-05-22T15:07:18.729272,KXBTCD-25MAY2219-T110249.99,DELTA,94,250,,0,796,yes,93,100
2025-05-22T15:07:20.968002,KXBTCD-25MAY2219-T110249.99,DELTA,94,250,,0,797,yes,93,-100
2025-05-22T15:07:22.148453,KXBTCD-25MAY2219-T110249.99,DELTA,94,250,,0,798,yes,86,-250
2025-05-22T15:07:22.168217,KXBTCD-25MAY2219-T110249.99,DELTA,94,250,,0,799,yes,90,-250
2025-05-22T15:07:22.247228,KXBTCD-25MAY2219-T110249.99,DELTA,94,250,,0,800,yes,90,-2000
2025-05-22T15:07:22.247573,KXBTCD-25MAY2219-T110249.99,DELTA,94,250,,0,801,yes,91,-1250
2025-05-22T15:07:22.287578,KXBTCD-25MAY2219-T110249.99,DELTA,93,1000,,0,802,yes,94,-250
2025-05-22T15:07:22.288415,KXBTCD-25MAY2219-T110249.99,DELTA,93,1000,,0,803,yes,88,-250
2025-05-22T15:07:22.308576,KXBTCD-25MAY2219-T110249.99,DELTA,93,1000,,0,804,yes,92,-250
2025-05-22T15:07:22.309147,KXBTCD-25MAY2219-T110249.99,DELTA,93,1000,,0,805,yes,89,1250
2025-05-22T15:07:22.309622,KXBTCD-25MAY2219-T110249.99,DELTA,93,1000,,0,806,yes,89,2000
2025-05-22T15:07:22.368326,KXBTCD-25MAY2219-T110249.99,DELTA,93,1000,,0,807,yes,89,-2000
2025-05-22T15:07:22.368866,KXBTCD-25MAY2219-T110249.99,DELTA,89,1250,,0,808,yes,93,-1000
2025-05-22T15:07:22.387291,KXBTCD-25MAY2219-T110249.99,DELTA,84,4,,0,809,yes,89,-1250
2025-05-22T15:07:22.427043,KXBTCD-25MAY2219-T110249.99,DELTA,84,4,,0,810,yes,61,1000
2025-05-22T15:07:22.446864,KXBTCD-25MAY2219-T110249.99,DELTA,84,4,,0,811,yes,61,2000
2025-05-22T15:07:23.068149,KXBTCD-25MAY2219-T110249.99,DELTA,84,4,99,80000,812,no,1,80000
2025-05-22T15:07:23.126991,KXBTCD-25MAY2219-T110249.99,DELTA,84,4,99,80000,813,yes,82,250
2025-05-22T15:07:23.127960,KXBTCD-25MAY2219-T110249.99,DELTA,92,100,99,80000,814,yes,92,100
2025-05-22T15:07:23.129223,KXBTCD-25MAY2219-T110249.99,DELTA,92,100,99,80000,815,yes,86,250
2025-05-22T15:07:23.145900,KXBTCD-25MAY2219-T110249.99,DELTA,92,100,99,80000,816,yes,90,250
2025-05-22T15:07:23.146581,KXBTCD-25MAY2219-T110249.99,DELTA,92,100,99,80000,817,yes,84,250
2025-05-22T15:07:23.166392,KXBTCD-25MAY2219-T110249.99,DELTA,92,100,99,80000,818,yes,88,250
2025-05-22T15:07:23.266786,KXBTCD-25MAY2219-T110249.99,DELTA,92,100,99,80000,819,yes,61,-2000
2025-05-22T15:07:23.287769,KXBTCD-25MAY2219-T110249.99,DELTA,92,100,99,80000,820,yes,61,-1000
2025-05-22T15:07:23.305897,KXBTCD-25MAY2219-T110249.99,DELTA,92,100,99,80000,821,yes,87,1250
2025-05-22T15:07:23.387490,KXBTCD-25MAY2219-T110249.99,DELTA,92,100,99,80000,822,yes,89,2000
2025-05-22T15:07:23.406517,KXBTCD-25MAY2219-T110249.99,DELTA,92,1100,99,80000,823,yes,92,1000
2025-05-22T15:07:23.467523,KXBTCD-25MAY2219-T110249.99,DELTA,92,1100,99,80000,824,yes,87,-1250
2025-05-22T15:07:23.532410,KXBTCD-25MAY2219-T110249.99,DELTA,92,1100,99,80000,825,yes,90,1250
2025-05-22T15:07:23.846424,KXBTCD-25MAY2219-T110249.99,DELTA,92,1100,99,80000,826,yes,82,-250
2025-05-22T15:07:23.846593,KXBTCD-25MAY2219-T110249.99,DELTA,92,1350,99,80000,827,yes,92,250
2025-05-22T15:07:26.337595,KXBTCD-25MAY2219-T110249.99,DELTA,92,1350,99,80000,828,yes,89,-2000
2025-05-22T15:07:26.347182,KXBTCD-25MAY2219-T110249.99,DELTA,92,350,99,80000,829,yes,92,-1000
2025-05-22T15:07:26.347598,KXBTCD-25MAY2219-T110249.99,DELTA,92,350,99,80000,830,yes,90,-1250
2025-05-22T15:07:26.366486,KXBTCD-25MAY2219-T110249.99,DELTA,92,350,,0,831,no,1,-80000
2025-05-22T15:07:26.447677,KXBTCD-25MAY2219-T110249.99,DELTA,93,1000,,0,832,yes,93,1000
2025-05-22T15:07:26.448392,KXBTCD-25MAY2219-T110249.99,DELTA,93,1000,,0,833,yes,90,2000
2025-05-22T15:07:26.448700,KXBTCD-25MAY2219-T110249.99,DELTA,93,1000,,0,834,yes,91,1250
2025-05-22T15:07:26.707771,KXBTCD-25MAY2219-T110249.99,DELTA,93,1000,99,80000,835,no,1,80000
2025-05-22T15:07:26.708410,KXBTCD-25MAY2219-T110249.99,DELTA,93,1000,99,80000,836,yes,90,-2000
2025-05-22T15:07:26.708837,KXBTCD-25MAY2219-T110249.99,DELTA,92,350,99,80000,837,yes,93,-1000
2025-05-22T15:07:26.727085,KXBTCD-25MAY2219-T110249.99,DELTA,92,350,99,80000,838,yes,91,-1250
2025-05-22T15:07:26.806939,KXBTCD-25MAY2219-T110249.99,DELTA,92,350,99,80000,839,yes,89,2000
2025-05-22T15:07:26.848289,KXBTCD-25MAY2219-T110249.99,DELTA,92,1350,99,80000,840,yes,92,1000
2025-05-22T15:07:26.848694,KXBTCD-25MAY2219-T110249.99,DELTA,92,1350,99,80000,841,yes,90,1250
2025-05-22T15:07:29.009141,KXBTCD-25MAY2219-T110249.99,DELTA,92,1350,99,80000,842,yes,89,-2000
2025-05-22T15:07:29.009942,KXBTCD-25MAY2219-T110249.99,DELTA,92,350,99,80000,843,yes,92,-1000
2025-05-22T15:07:29.028577,KXBTCD-25MAY2219-T110249.99,DELTA,92,350,99,80000,844,yes,90,-1250
2025-05-22T15:07:29.029028,KXBTCD-25MAY2219-T110249.99,DELTA,92,350,,0,845,no,1,-80000
2025-05-22T15:07:29.127282,KXBTCD-25MAY2219-T110249.99,DELTA,92,350,,0,846,yes,91,1250
2025-05-22T15:07:29.127668,KXBTCD-25MAY2219-T110249.99,DELTA,92,350,,0,847,yes,90,2000
2025-05-22T15:07:29.128097,KXBTCD-25MAY2219-T110249.99,DELTA,93,1000,,0,848,yes,93,1000
2025-05-22T15:07:30.404502,KXBTCD-25MAY2219-T110249.99,DELTA,93,1000,99,80000,849,no,1,80000
2025-05-22T15:07:30.404899,KXBTCD-25MAY2219-T110249.99,DELTA,93,1000,99,80000,850,yes,90,-2000
2025-05-22T15:07:30.405190,KXBTCD-25MAY2219-T110249.99,DELTA,92,350,99,80000,851,yes,93,-1000
2025-05-22T15:07:30.405443,KXBTCD-25MAY2219-T110249.99,DELTA,92,350,99,80000,852,yes,91,-1250
2025-05-22T15:07:30.447046,KXBTCD-25MAY2219-T110249.99,DELTA,92,350,99,80000,853,yes,89,2000
2025-05-22T15:07:30.447301,KXBTCD-25MAY2219-T110249.99,DELTA,92,350,99,80000,854,yes,90,1250
2025-05-22T15:07:30.447489,KXBTCD-25MAY2219-T110249.99,DELTA,92,1350,99,80000,855,yes,92,1000
2025-05-22T15:07:37.588851,KXBTCD-25MAY2219-T110249.99,DELTA,92,1350,99,80000,856,yes,89,-2000
2025-05-22T15:07:37.589019,KXBTCD-25MAY2219-T110249.99,DELTA,92,350,99,80000,857,yes,92,-1000
2025-05-22T15:07:37.607584,KXBTCD-25MAY2219-T110249.99,DELTA,92,350,99,80000,858,yes,90,-1250
2025-05-22T15:07:37.608045,KXBTCD-25MAY2219-T110249.99,DELTA,92,350,,0,859,no,1,-80000
2025-05-22T15:07:37.747234,KXBTCD-25MAY2219-T110249.99,DELTA,92,350,,0,860,yes,90,2000
2025-05-22T15:07:37.747840,KXBTCD-25MAY2219-T110249.99,DELTA,92,350,,0,861,yes,91,1250
2025-05-22T15:07:37.748220,KXBTCD-25MAY2219-T110249.99,DELTA,93,1000,,0,862,yes,93,1000
2025-05-22T15:07:38.148787,KXBTCD-25MAY2219-T110249.99,DELTA,93,1000,,0,863,yes,84,-250
2025-05-22T15:07:38.149408,KXBTCD-25MAY2219-T110249.99,DELTA,93,1000,,0,864,yes,88,-250
2025-05-22T15:07:38.248061,KXBTCD-25MAY2219-T110249.99,DELTA,93,1000,,0,865,yes,92,-250
2025-05-22T15:07:38.266315,KXBTCD-25MAY2219-T110249.99,DELTA,93,1000,,0,866,yes,86,-250
2025-05-22T15:07:38.267426,KXBTCD-25MAY2219-T110249.99,DELTA,93,1000,,0,867,yes,90,-250
2025-05-22T15:07:38.348417,KXBTCD-25MAY2219-T110249.99,DELTA,93,1000,,0,868,yes,90,-2000
2025-05-22T15:07:38.349981,KXBTCD-25MAY2219-T110249.99,DELTA,93,1000,,0,869,yes,91,-1250
2025-05-22T15:07:38.785993,KXBTCD-25MAY2219-T110249.99,DELTA,93,1000,,0,870,yes,61,2000
2025-05-22T15:08:09.705729,KXBTCD-25MAY2219-T110249.99,DELTA,93,1000,,0,871,yes,92,-100
2025-05-22T15:08:09.726781,KXBTCD-25MAY2219-T110249.99,DELTA,84,4,,0,872,yes,93,-1000
2025-05-22T15:08:09.787555,KXBTCD-25MAY2219-T110249.99,DELTA,84,4,,0,873,yes,61,1000
2025-05-22T15:08:11.056323,KXBTCD-25MAY2219-T110249.99,DELTA,92,100,,0,874,yes,92,100
2025-05-22T15:08:11.138297,KXBTCD-25MAY2219-T110249.99,DELTA,92,100,,0,875,yes,61,-1000
2025-05-22T15:08:11.203126,KXBTCD-25MAY2219-T110249.99,DELTA,92,100,,0,876,yes,76,9
2025-05-22T15:08:11.210757,KXBTCD-25MAY2219-T110249.99,DELTA,93,1000,,0,877,yes,93,1000
2025-05-22T15:08:11.507937,KXBTCD-25MAY2219-T110249.99,DELTA,93,1000,,0,878,yes,92,-100
2025-05-22T15:08:11.568473,KXBTCD-25MAY2219-T110249.99,DELTA,84,4,,0,879,yes,93,-1000
2025-05-22T15:08:11.607138,KXBTCD-25MAY2219-T110249.99,DELTA,84,4,,0,880,yes,61,1000
2025-05-22T15:08:13.327266,KXBTCD-25MAY2219-T110249.99,DELTA,93,100,,0,881,yes,93,100
2025-05-22T15:08:13.387650,KXBTCD-25MAY2219-T110249.99,DELTA,93,100,,0,882,yes,61,-1000
2025-05-22T15:08:13.428413,KXBTCD-25MAY2219-T110249.99,DELTA,93,1100,,0,883,yes,93,1000
2025-05-22T15:08:53.147888,KXBTCD-25MAY2219-T110249.99,DELTA,93,100,,0,884,yes,93,-1000
2025-05-22T15:08:53.208238,KXBTCD-25MAY2219-T110249.99,DELTA,94,1000,,0,885,yes,94,1000
2025-05-22T15:09:03.227720,KXBTCD-25MAY2219-T110249.99,DELTA,93,100,,0,886,yes,94,-1000
2025-05-22T15:09:03.290293,KXBTCD-25MAY2219-T110249.99,DELTA,93,1100,,0,887,yes,93,1000
2025-05-22T15:09:07.155445,KXBTCD-25MAY2219-T110249.99,DELTA,93,100,,0,888,yes,93,-1000
2025-05-22T15:09:07.187028,KXBTCD-25MAY2219-T110249.99,DELTA,94,1000,,0,889,yes,94,1000
2025-05-22T15:09:08.024371,KXBTCD-25MAY2219-T110249.99,DELTA,93,100,,0,890,yes,94,-1000
2025-05-22T15:09:08.047993,KXBTCD-25MAY2219-T110249.99,DELTA,93,1100,,0,891,yes,93,1000
2025-05-22T15:09:08.228151,KXBTCD-25MAY2219-T110249.99,DELTA,93,100,,0,892,yes,93,-1000
2025-05-22T15:09:08.292913,KXBTCD-25MAY2219-T110249.99,DELTA,94,1000,,0,893,yes,94,1000
2025-05-22T15:09:24.068402,KXBTCD-25MAY2219-T110249.99,DELTA,94,1000,,0,894,yes,51,-635
2025-05-22T15:09:24.187818,KXBTCD-25MAY2219-T110249.99,DELTA,94,1000,,0,895,yes,76,-9
2025-05-22T15:09:31.304315,KXBTCD-25MAY2219-T110249.99,DELTA,94,1000,,0,896,yes,51,635
2025-05-22T15:09:36.348900,KXBTCD-25MAY2219-T110249.99,DELTA,94,1000,,0,897,yes,93,-100
2025-05-22T15:09:36.408776,KXBTCD-25MAY2219-T110249.99,DELTA,84,4,,0,898,yes,94,-1000
2025-05-22T15:09:36.447569,KXBTCD-25MAY2219-T110249.99,DELTA,84,4,,0,899,yes,61,1000
2025-05-22T15:09:38.008207,KXBTCD-25MAY2219-T110249.99,DELTA,94,100,,0,900,yes,94,100
2025-05-22T15:09:38.072101,KXBTCD-25MAY2219-T110249.99,DELTA,94,100,,0,901,yes,61,-1000
2025-05-22T15:09:38.127490,KXBTCD-25MAY2219-T110249.99,DELTA,94,100,,0,902,yes,76,9
2025-05-22T15:09:38.128519,KXBTCD-25MAY2219-T110249.99,DELTA,94,1100,,0,903,yes,94,1000
2025-05-22T15:10:09.488341,KXBTCD-25MAY2219-T110249.99,DELTA,94,100,,0,904,yes,94,-1000
2025-05-22T15:10:09.612081,KXBTCD-25MAY2219-T110249.99,DELTA,95,1000,,0,905,yes,95,1000
2025-05-22T15:10:14.528838,KXBTCD-25MAY2219-T110249.99,DELTA,95,1000,,0,906,yes,51,-64
2025-05-22T15:10:14.659591,KXBTCD-25MAY2219-T110249.99,DELTA,95,1000,,0,907,yes,76,-9
2025-05-22T15:10:38.948445,KXBTCD-25MAY2219-T110249.99,DELTA,94,100,,0,908,yes,95,-1000
2025-05-22T15:10:38.987041,KXBTCD-25MAY2219-T110249.99,DELTA,94,1100,,0,909,yes,94,1000
2025-05-22T15:10:39.070696,KXBTCD-25MAY2219-T110249.99,DELTA,94,1100,,0,910,yes,76,9
2025-05-22T15:10:56.723823,KXBTCD-25MAY2219-T110249.99,DELTA,94,100,,0,911,yes,94,-1000
2025-05-22T15:10:56.747488,KXBTCD-25MAY2219-T110249.99,DELTA,95,1000,,0,912,yes,95,1000
2025-05-22T15:11:01.347758,KXBTCD-25MAY2219-T110249.99,DELTA,94,100,,0,913,yes,95,-1000
2025-05-22T15:11:01.407962,KXBTCD-25MAY2219-T110249.99,DELTA,94,1100,,0,914,yes,94,1000
2025-05-22T15:11:07.388877,KXBTCD-25MAY2219-T110249.99,DELTA,94,100,,0,915,yes,94,-1000
2025-05-22T15:11:07.447730,KXBTCD-25MAY2219-T110249.99,DELTA,95,1000,,0,916,yes,95,1000
2025-05-22T15:12:31.068366,KXBTCD-25MAY2219-T110249.99,DELTA,95,1000,,0,917,yes,51,-571
2025-05-22T15:12:31.188612,KXBTCD-25MAY2219-T110249.99,DELTA,95,1000,,0,918,yes,76,-9
2025-05-22T15:12:44.648479,KXBTCD-25MAY2219-T110249.99,DELTA,95,1000,,0,919,yes,51,571
2025-05-22T15:14:44.156745,KXBTCD-25MAY2219-T110249.99,DELTA,95,1000,,0,920,yes,51,-571
2025-05-22T15:14:50.108472,KXBTCD-25MAY2219-T110249.99,DELTA,95,1000,,0,921,yes,51,571
2025-05-22T15:15:34.728019,KXBTCD-25MAY2219-T110249.99,DELTA,94,100,,0,922,yes,95,-1000
2025-05-22T15:15:34.787888,KXBTCD-25MAY2219-T110249.99,DELTA,94,1100,,0,923,yes,94,1000
2025-05-22T15:15:34.847203,KXBTCD-25MAY2219-T110249.99,DELTA,94,1100,,0,924,yes,76,9
2025-05-22T15:15:39.744159,KXBTCD-25MAY2219-T110249.99,DELTA,94,100,,0,925,yes,94,-1000
2025-05-22T15:15:39.787567,KXBTCD-25MAY2219-T110249.99,DELTA,95,1000,,0,926,yes,95,1000
2025-05-22T15:16:50.289982,KXBTCD-25MAY2219-T110249.99,DELTA,95,1000,,0,927,yes,51,-571
2025-05-22T15:16:50.509140,KXBTCD-25MAY2219-T110249.99,DELTA,95,1000,,0,928,yes,76,-9
2025-05-22T15:16:59.221440,KXBTCD-25MAY2219-T110249.99,DELTA,95,1000,,0,929,yes,51,571
2025-05-22T15:17:51.426869,KXBTCD-25MAY2219-T110249.99,DELTA,95,1000,,0,930,yes,60,-200
2025-05-22T15:17:51.427185,KXBTCD-25MAY2219-T110249.99,DELTA,95,1000,,0,931,yes,70,200
2025-05-22T15:17:51.508080,KXBTCD-25MAY2219-T110249.99,DELTA,95,1000,,0,932,yes,61,-2000
2025-05-22T15:17:51.549458,KXBTCD-25MAY2219-T110249.99,DELTA,95,1000,,0,933,yes,71,2000
2025-05-22T15:18:59.134805,KXBTCD-25MAY2219-T110249.99,DELTA,95,1000,,0,934,yes,51,-571
2025-05-22T15:19:06.019702,KXBTCD-25MAY2219-T110249.99,DELTA,95,1000,,0,935,yes,51,571
2025-05-22T15:19:37.448136,KXBTCD-25MAY2219-T110249.99,DELTA,95,1000,,0,936,yes,86,1
2025-05-22T15:20:06.103464,KXBTCD-25MAY2219-T110249.99,DELTA,95,1000,,0,937,yes,51,-63
2025-05-22T15:21:01.908867,KXBTCD-25MAY2219-T110249.99,DELTA,95,1000,,0,938,yes,86,1
2025-05-22T15:21:05.068761,KXBTCD-25MAY2219-T110249.99,DELTA,95,1000,,0,939,yes,51,-508
2025-05-22T15:21:16.669728,KXBTCD-25MAY2219-T110249.99,DELTA,95,1000,,0,940,yes,51,508
2025-05-22T15:22:22.072976,KXBTCD-25MAY2219-T110249.99,DELTA,95,1000,,0,941,yes,86,1
2025-05-22T15:22:37.128248,KXBTCD-25MAY2219-T110249.99,DELTA,95,1000,,0,942,yes,86,-1
2025-05-22T15:23:14.113454,KXBTCD-25MAY2219-T110249.99,DELTA,95,1000,,0,943,yes,2,-2980
2025-05-22T15:23:14.114500,KXBTCD-25MAY2219-T110249.99,DELTA,95,1000,,0,944,yes,4,-3048
2025-05-22T15:23:14.115240,KXBTCD-25MAY2219-T110249.99,DELTA,95,1000,,0,945,yes,1,-45076
2025-05-22T15:23:14.168038,KXBTCD-25MAY2219-T110249.99,DELTA,95,1000,,0,946,yes,5,-20000
2025-05-22T15:23:14.209140,KXBTCD-25MAY2219-T110249.99,DELTA,95,1000,,0,947,yes,2,20000
2025-05-22T15:23:16.053897,KXBTCD-25MAY2219-T110249.99,DELTA,95,1000,,0,948,yes,51,-508
2025-05-22T15:23:25.129037,KXBTCD-25MAY2219-T110249.99,DELTA,95,1000,,0,949,yes,51,508
2025-05-22T15:24:01.115255,KXBTCD-25MAY2219-T110249.99,DELTA,95,1000,,0,950,yes,86,-1
2025-05-22T15:24:28.732110,KXBTCD-25MAY2219-T110249.99,DELTA,95,1000,,0,951,yes,71,-2000
2025-05-22T15:24:58.188594,KXBTCD-25MAY2219-T110249.99,DELTA,95,1000,,0,952,yes,70,-200
2025-05-22T15:24:58.189039,KXBTCD-25MAY2219-T110249.99,DELTA,95,1000,,0,953,yes,60,200
2025-05-22T15:24:58.367870,KXBTCD-25MAY2219-T110249.99,DELTA,95,1000,,0,954,yes,61,2000
2025-05-22T15:25:21.090557,KXBTCD-25MAY2219-T110249.99,DELTA,95,1000,,0,955,yes,86,-1
2025-05-22T15:25:25.082227,KXBTCD-25MAY2219-T110249.99,DELTA,95,1000,,0,956,yes,51,-508
2025-05-22T15:25:35.369665,KXBTCD-25MAY2219-T110249.99,DELTA,95,1000,,0,957,yes,51,508
2025-05-22T15:25:36.369658,KXBTCD-25MAY2219-T110249.99,DELTA,95,1000,,0,958,yes,60,-200
2025-05-22T15:25:36.370327,KXBTCD-25MAY2219-T110249.99,DELTA,95,1000,,0,959,yes,70,200
2025-05-22T15:25:36.508068,KXBTCD-25MAY2219-T110249.99,DELTA,95,1000,,0,960,yes,61,-2000
2025-05-22T15:25:36.548976,KXBTCD-25MAY2219-T110249.99,DELTA,95,1000,,0,961,yes,71,2000
2025-05-22T15:26:28.688065,KXBTCD-25MAY2219-T110249.99,DELTA,95,1000,,0,962,yes,70,-200
2025-05-22T15:26:28.747687,KXBTCD-25MAY2219-T110249.99,DELTA,95,1000,,0,963,yes,71,-2000
2025-05-22T15:26:28.787818,KXBTCD-25MAY2219-T110249.99,DELTA,95,1000,,0,964,yes,52,2000
2025-05-22T15:26:35.630155,KXBTCD-25MAY2219-T110249.99,DELTA,95,1000,,0,965,yes,51,-508
2025-05-22T15:26:35.631338,KXBTCD-25MAY2219-T110249.99,DELTA,95,1000,,0,966,yes,52,498
2025-05-22T15:26:35.748777,KXBTCD-25MAY2219-T110249.99,DELTA,95,1000,,0,967,yes,52,-2000
2025-05-22T15:26:35.788500,KXBTCD-25MAY2219-T110249.99,DELTA,95,1000,,0,968,yes,53,2000
2025-05-22T15:26:43.749590,KXBTCD-25MAY2219-T110249.99,DELTA,95,1000,,0,969,yes,94,-100
2025-05-22T15:26:43.829608,KXBTCD-25MAY2219-T110249.99,DELTA,84,4,,0,970,yes,95,-1000
2025-05-22T15:26:43.868575,KXBTCD-25MAY2219-T110249.99,DELTA,84,4,,0,971,yes,53,1000
2025-05-22T15:26:45.730626,KXBTCD-25MAY2219-T110249.99,DELTA,84,4,,0,972,yes,52,-498
2025-05-22T15:26:45.731772,KXBTCD-25MAY2219-T110249.99,DELTA,84,4,,0,973,yes,51,508
2025-05-22T15:26:45.788213,KXBTCD-25MAY2219-T110249.99,DELTA,84,4,,0,974,yes,53,-2000
2025-05-22T15:26:45.788871,KXBTCD-25MAY2219-T110249.99,DELTA,84,4,,0,975,yes,53,-1000
2025-05-22T15:26:45.829436,KXBTCD-25MAY2219-T110249.99,DELTA,84,4,,0,976,yes,52,2000
2025-05-22T15:26:45.830133,KXBTCD-25MAY2219-T110249.99,DELTA,84,4,,0,977,yes,52,1000
2025-05-22T15:26:55.488207,KXBTCD-25MAY2219-T110249.99,DELTA,84,4,,0,978,yes,51,-508
2025-05-22T15:26:55.488676,KXBTCD-25MAY2219-T110249.99,DELTA,84,4,,0,979,yes,52,498
2025-05-22T15:26:55.549226,KXBTCD-25MAY2219-T110249.99,DELTA,84,4,,0,980,yes,52,-2000
2025-05-22T15:26:55.568766,KXBTCD-25MAY2219-T110249.99,DELTA,84,4,,0,981,yes,52,-1000
2025-05-22T15:26:55.631639,KXBTCD-25MAY2219-T110249.99,DELTA,84,4,,0,982,yes,53,2000
2025-05-22T15:26:55.635837,KXBTCD-25MAY2219-T110249.99,DELTA,84,4,,0,983,yes,53,1000
2025-05-22T15:27:05.025572,KXBTCD-25MAY2219-T110249.99,DELTA,84,4,,0,984,yes,52,-498
2025-05-22T15:27:05.026677,KXBTCD-25MAY2219-T110249.99,DELTA,84,4,,0,985,yes,51,508
2025-05-22T15:27:05.029435,KXBTCD-25MAY2219-T110249.99,DELTA,84,4,,0,986,yes,53,-2000
2025-05-22T15:27:05.048596,KXBTCD-25MAY2219-T110249.99,DELTA,84,4,,0,987,yes,53,-1000
2025-05-22T15:27:05.090064,KXBTCD-25MAY2219-T110249.99,DELTA,84,4,,0,988,yes,52,1000
2025-05-22T15:27:05.090876,KXBTCD-25MAY2219-T110249.99,DELTA,84,4,,0,989,yes,52,2000
2025-05-22T15:27:11.168806,KXBTCD-25MAY2219-T110249.99,DELTA,94,100,,0,990,yes,94,100
2025-05-22T15:27:11.189213,KXBTCD-25MAY2219-T110249.99,DELTA,94,100,,0,991,yes,52,-1000
2025-05-22T15:27:11.228675,KXBTCD-25MAY2219-T110249.99,DELTA,95,1000,,0,992,yes,95,1000
2025-05-22T15:27:11.248808,KXBTCD-25MAY2219-T110249.99,DELTA,95,1000,,0,993,yes,76,9
2025-05-22T15:27:12.589416,KXBTCD-25MAY2219-T110249.99,DELTA,95,1000,,0,994,yes,94,-100
2025-05-22T15:27:12.649021,KXBTCD-25MAY2219-T110249.99,DELTA,84,4,,0,995,yes,95,-1000
2025-05-22T15:27:12.730174,KXBTCD-25MAY2219-T110249.99,DELTA,84,4,,0,996,yes,52,1000
2025-05-22T15:27:12.731125,KXBTCD-25MAY2219-T110249.99,DELTA,84,4,,0,997,yes,76,-9
2025-05-22T15:27:15.061189,KXBTCD-25MAY2219-T110249.99,DELTA,84,4,,0,998,yes,51,-508
2025-05-22T15:27:15.062365,KXBTCD-25MAY2219-T110249.99,DELTA,84,4,,0,999,yes,52,498
2025-05-22T15:27:15.069619,KXBTCD-25MAY2219-T110249.99,DELTA,84,4,,0,1000,yes,52,-2000
2025-05-22T15:27:15.089084,KXBTCD-25MAY2219-T110249.99,DELTA,84,4,,0,1001,yes,52,-1000
2025-05-22T15:27:15.127755,KXBTCD-25MAY2219-T110249.99,DELTA,84,4,,0,1002,yes,53,2000
2025-05-22T15:27:15.128666,KXBTCD-25MAY2219-T110249.99,DELTA,84,4,,0,1003,yes,53,1000
2025-05-22T15:27:20.467777,KXBTCD-25MAY2219-T110249.99,DELTA,94,100,,0,1004,yes,94,100
2025-05-22T15:27:20.528567,KXBTCD-25MAY2219-T110249.99,DELTA,94,100,,0,1005,yes,53,-1000
2025-05-22T15:27:20.548871,KXBTCD-25MAY2219-T110249.99,DELTA,94,100,,0,1006,yes,76,9
2025-05-22T15:27:20.568209,KXBTCD-25MAY2219-T110249.99,DELTA,95,1000,,0,1007,yes,95,1000
2025-05-22T15:27:20.795154,KXBTCD-25MAY2219-T110249.99,DELTA,95,1000,,0,1008,yes,94,-100
2025-05-22T15:27:20.868816,KXBTCD-25MAY2219-T110249.99,DELTA,84,4,,0,1009,yes,95,-1000
2025-05-22T15:27:20.909040,KXBTCD-25MAY2219-T110249.99,DELTA,84,4,,0,1010,yes,53,1000
2025-05-22T15:27:24.809734,KXBTCD-25MAY2219-T110249.99,DELTA,84,4,,0,1011,yes,52,-498
2025-05-22T15:27:24.810415,KXBTCD-25MAY2219-T110249.99,DELTA,84,4,,0,1012,yes,51,508
2025-05-22T15:27:24.871456,KXBTCD-25MAY2219-T110249.99,DELTA,84,4,,0,1013,yes,53,-2000
2025-05-22T15:27:24.890093,KXBTCD-25MAY2219-T110249.99,DELTA,84,4,,0,1014,yes,53,-1000
2025-05-22T15:27:24.931595,KXBTCD-25MAY2219-T110249.99,DELTA,84,4,,0,1015,yes,76,-9
2025-05-22T15:27:24.932482,KXBTCD-25MAY2219-T110249.99,DELTA,84,4,,0,1016,yes,52,2000
2025-05-22T15:27:24.933134,KXBTCD-25MAY2219-T110249.99,DELTA,84,4,,0,1017,yes,52,1000
2025-05-22T15:27:25.890843,KXBTCD-25MAY2219-T110249.99,DELTA,94,100,,0,1018,yes,94,100
2025-05-22T15:27:25.949983,KXBTCD-25MAY2219-T110249.99,DELTA,94,100,,0,1019,yes,52,-1000
2025-05-22T15:27:25.989973,KXBTCD-25MAY2219-T110249.99,DELTA,95,1000,,0,1020,yes,95,1000
2025-05-22T15:27:26.009284,KXBTCD-25MAY2219-T110249.99,DELTA,95,1000,,0,1021,yes,76,9
2025-05-22T15:27:26.591418,KXBTCD-25MAY2219-T110249.99,DELTA,95,1000,,0,1022,yes,94,-100
2025-05-22T15:27:26.649016,KXBTCD-25MAY2219-T110249.99,DELTA,84,4,,0,1023,yes,95,-1000
2025-05-22T15:27:26.709402,KXBTCD-25MAY2219-T110249.99,DELTA,84,4,,0,1024,yes,52,1000
2025-05-22T15:27:26.749189,KXBTCD-25MAY2219-T110249.99,DELTA,84,4,,0,1025,yes,76,-9
2025-05-22T15:27:31.290333,KXBTCD-25MAY2219-T110249.99,DELTA,94,100,,0,1026,yes,94,100
2025-05-22T15:27:31.349039,KXBTCD-25MAY2219-T110249.99,DELTA,94,100,,0,1027,yes,52,-1000
2025-05-22T15:27:31.389082,KXBTCD-25MAY2219-T110249.99,DELTA,95,1000,,0,1028,yes,95,1000
2025-05-22T15:27:31.389975,KXBTCD-25MAY2219-T110249.99,DELTA,95,1000,,0,1029,yes,76,9
2025-05-22T15:27:31.751971,KXBTCD-25MAY2219-T110249.99,DELTA,95,1000,,0,1030,yes,94,-100
2025-05-22T15:27:31.809603,KXBTCD-25MAY2219-T110249.99,DELTA,84,4,,0,1031,yes,95,-1000
2025-05-22T15:27:31.850286,KXBTCD-25MAY2219-T110249.99,DELTA,84,4,,0,1032,yes,52,1000
2025-05-22T15:27:34.290124,KXBTCD-25MAY2219-T110249.99,DELTA,84,4,,0,1033,yes,51,-508
2025-05-22T15:27:34.291165,KXBTCD-25MAY2219-T110249.99,DELTA,84,4,,0,1034,yes,52,498
2025-05-22T15:27:34.348166,KXBTCD-25MAY2219-T110249.99,DELTA,84,4,,0,1035,yes,52,-2000
2025-05-22T15:27:34.349003,KXBTCD-25MAY2219-T110249.99,DELTA,84,4,,0,1036,yes,52,-1000
2025-05-22T15:27:34.387663,KXBTCD-25MAY2219-T110249.99,DELTA,84,4,,0,1037,yes,53,2000
2025-05-22T15:27:34.388502,KXBTCD-25MAY2219-T110249.99,DELTA,84,4,,0,1038,yes,53,1000
2025-05-22T15:27:34.389171,KXBTCD-25MAY2219-T110249.99,DELTA,84,4,,0,1039,yes,76,-9
2025-05-22T15:27:35.131373,KXBTCD-25MAY2219-T110249.99,DELTA,84,4,,0,1040,yes,52,-498
2025-05-22T15:27:35.170389,KXBTCD-25MAY2219-T110249.99,DELTA,84,4,,0,1041,yes,53,-2000
2025-05-22T15:27:35.171281,KXBTCD-25MAY2219-T110249.99,DELTA,84,4,,0,1042,yes,53,-1000
2025-05-22T15:27:35.230348,KXBTCD-25MAY2219-T110249.99,DELTA,84,4,,0,1043,yes,2,2000
2025-05-22T15:27:35.248847,KXBTCD-25MAY2219-T110249.99,DELTA,84,4,,0,1044,yes,2,1000
2025-05-22T15:27:36.113109,KXBTCD-25MAY2219-T110249.99,DELTA,94,100,,0,1045,yes,94,100
2025-05-22T15:27:36.169166,KXBTCD-25MAY2219-T110249.99,DELTA,94,100,,0,1046,yes,2,-1000
2025-05-22T15:27:36.229624,KXBTCD-25MAY2219-T110249.99,DELTA,95,1000,,0,1047,yes,95,1000
2025-05-22T15:27:36.229790,KXBTCD-25MAY2219-T110249.99,DELTA,95,1000,,0,1048,yes,76,9
2025-05-22T15:27:36.570555,KXBTCD-25MAY2219-T110249.99,DELTA,95,1000,,0,1049,yes,70,200
2025-05-22T15:27:36.629334,KXBTCD-25MAY2219-T110249.99,DELTA,95,1000,,0,1050,yes,2,-2000
2025-05-22T15:27:36.688125,KXBTCD-25MAY2219-T110249.99,DELTA,95,1000,,0,1051,yes,71,2000
2025-05-22T15:27:43.370444,KXBTCD-25MAY2219-T110249.99,DELTA,95,1000,,0,1052,yes,51,508
2025-05-22T15:27:43.468874,KXBTCD-25MAY2219-T110249.99,DELTA,95,1000,,0,1053,yes,76,-9
2025-05-22T15:27:55.487883,KXBTCD-25MAY2219-T110249.99,DELTA,95,1000,,0,1054,yes,94,-100
2025-05-22T15:27:55.549274,KXBTCD-25MAY2219-T110249.99,DELTA,84,4,,0,1055,yes,95,-1000
2025-05-22T15:27:55.589516,KXBTCD-25MAY2219-T110249.99,DELTA,84,4,,0,1056,yes,71,1000
2025-05-22T15:27:58.729733,KXBTCD-25MAY2219-T110249.99,DELTA,94,100,,0,1057,yes,94,100
2025-05-22T15:27:58.830488,KXBTCD-25MAY2219-T110249.99,DELTA,94,100,,0,1058,yes,76,9
2025-05-22T15:27:58.831231,KXBTCD-25MAY2219-T110249.99,DELTA,94,100,,0,1059,yes,71,-1000
2025-05-22T15:27:58.908982,KXBTCD-25MAY2219-T110249.99,DELTA,95,1000,,0,1060,yes,95,1000
2025-05-22T15:27:59.929526,KXBTCD-25MAY2219-T110249.99,DELTA,95,1000,,0,1061,yes,94,-100
2025-05-22T15:27:59.989100,KXBTCD-25MAY2219-T110249.99,DELTA,84,4,,0,1062,yes,95,-1000
2025-05-22T15:28:00.034640,KXBTCD-25MAY2219-T110249.99,DELTA,84,4,,0,1063,yes,76,-9
2025-05-22T15:28:00.054004,KXBTCD-25MAY2219-T110249.99,DELTA,84,4,,0,1064,yes,71,1000
2025-05-22T15:28:04.788925,KXBTCD-25MAY2219-T110249.99,DELTA,94,100,,0,1065,yes,94,100
2025-05-22T15:28:04.910320,KXBTCD-25MAY2219-T110249.99,DELTA,94,100,,0,1066,yes,71,-1000
2025-05-22T15:28:04.911476,KXBTCD-25MAY2219-T110249.99,DELTA,94,100,,0,1067,yes,76,9
2025-05-22T15:28:05.237435,KXBTCD-25MAY2219-T110249.99,DELTA,95,1000,,0,1068,yes,95,1000
2025-05-22T15:28:06.509003,KXBTCD-25MAY2219-T110249.99,DELTA,95,1000,,0,1069,yes,94,-100
2025-05-22T15:28:06.588629,KXBTCD-25MAY2219-T110249.99,DELTA,84,4,,0,1070,yes,95,-1000
2025-05-22T15:28:06.608915,KXBTCD-25MAY2219-T110249.99,DELTA,84,4,,0,1071,yes,76,-9
2025-05-22T15:28:06.629118,KXBTCD-25MAY2219-T110249.99,DELTA,84,4,,0,1072,yes,71,1000
2025-05-22T15:28:10.129533,KXBTCD-25MAY2219-T110249.99,DELTA,94,100,,0,1073,yes,94,100
2025-05-22T15:28:10.189528,KXBTCD-25MAY2219-T110249.99,DELTA,94,100,,0,1074,yes,71,-1000
2025-05-22T15:28:10.229212,KXBTCD-25MAY2219-T110249.99,DELTA,95,1000,,0,1075,yes,95,1000
2025-05-22T15:28:10.249115,KXBTCD-25MAY2219-T110249.99,DELTA,95,1000,,0,1076,yes,76,9
2025-05-22T15:28:11.383118,KXBTCD-25MAY2219-T110249.99,DELTA,95,1000,,0,1077,yes,94,-100
2025-05-22T15:28:11.409225,KXBTCD-25MAY2219-T110249.99,DELTA,84,4,,0,1078,yes,95,-1000
2025-05-22T15:28:11.469144,KXBTCD-25MAY2219-T110249.99,DELTA,84,4,,0,1079,yes,71,1000
2025-05-22T15:28:11.470117,KXBTCD-25MAY2219-T110249.99,DELTA,84,4,,0,1080,yes,76,-9
2025-05-22T15:28:16.410001,KXBTCD-25MAY2219-T110249.99,DELTA,94,100,,0,1081,yes,94,100
2025-05-22T15:28:16.471645,KXBTCD-25MAY2219-T110249.99,DELTA,94,100,,0,1082,yes,71,-1000
2025-05-22T15:28:16.509620,KXBTCD-25MAY2219-T110249.99,DELTA,94,100,,0,1083,yes,76,9
2025-05-22T15:28:16.528906,KXBTCD-25MAY2219-T110249.99,DELTA,95,1000,,0,1084,yes,95,1000
2025-05-22T15:28:17.288921,KXBTCD-25MAY2219-T110249.99,DELTA,95,1000,,0,1085,yes,94,-100
2025-05-22T15:28:17.349359,KXBTCD-25MAY2219-T110249.99,DELTA,84,4,,0,1086,yes,95,-1000
2025-05-22T15:28:17.410548,KXBTCD-25MAY2219-T110249.99,DELTA,84,4,,0,1087,yes,76,-9
2025-05-22T15:28:17.411274,KXBTCD-25MAY2219-T110249.99,DELTA,84,4,,0,1088,yes,71,1000
2025-05-22T15:28:22.030604,KXBTCD-25MAY2219-T110249.99,DELTA,94,100,,0,1089,yes,94,100
2025-05-22T15:28:22.090044,KXBTCD-25MAY2219-T110249.99,DELTA,94,100,,0,1090,yes,71,-1000
2025-05-22T15:28:22.149926,KXBTCD-25MAY2219-T110249.99,DELTA,94,100,,0,1091,yes,76,9
2025-05-22T15:28:22.150814,KXBTCD-25MAY2219-T110249.99,DELTA,95,1000,,0,1092,yes,95,1000
