timestamp,market_ticker,type,yes_bid_price_cents,yes_bid_qty,yes_ask_price_cents,yes_ask_qty_on_no_side,sequence_num,delta_side,delta_price_cents,delta_quantity
2025-05-20T14:01:01.579254,KXBTCD-25MAY2018-T106999.99,SNAPSHOT,43,1014,49,9,1,,,
2025-05-20T14:01:02.028006,KXBTCD-25MAY2018-T106999.99,DELTA,43,1014,49,9,2,no,50,-1000
2025-05-20T14:01:02.068970,KXBTCD-25MAY2018-T106999.99,DELTA,43,1014,49,1009,3,no,51,1000
2025-05-20T14:01:02.149192,KXBTCD-25MAY2018-T106999.99,DELTA,43,1014,49,1009,4,yes,8,-4050
2025-05-20T14:01:02.150010,KXBTCD-25MAY2018-T106999.99,DELTA,43,1014,49,1009,5,yes,9,3600
2025-05-20T14:01:02.187942,KXBTCD-25MAY2018-T106999.99,DELTA,43,1014,49,1009,6,no,8,-4050
2025-05-20T14:01:02.188442,KXBTCD-25MAY2018-T106999.99,DELTA,43,1014,49,1009,7,no,10,3240
2025-05-20T14:01:02.208171,KXBTCD-25MAY2018-T106999.99,DELTA,43,1014,49,1009,8,yes,9,-20000
2025-05-20T14:01:02.246678,KXBTCD-25MAY2018-T106999.99,DELTA,43,1014,49,1009,9,yes,10,20000
2025-05-20T14:01:02.246941,KXBTCD-25MAY2018-T106999.99,DELTA,43,1014,49,1009,10,no,9,-20000
2025-05-20T14:01:02.286642,KXBTCD-25MAY2018-T106999.99,DELTA,43,1014,49,1009,11,no,11,20000
2025-05-20T14:01:02.507025,KXBTCD-25MAY2018-T106999.99,DELTA,43,1014,49,9,12,no,51,-1000
2025-05-20T14:01:02.567733,KXBTCD-25MAY2018-T106999.99,DELTA,43,1014,49,9,13,no,50,1000
2025-05-20T14:01:03.266897,KXBTCD-25MAY2018-T106999.99,DELTA,43,1014,49,9,14,yes,9,-3600
2025-05-20T14:01:03.267357,KXBTCD-25MAY2018-T106999.99,DELTA,43,1014,49,9,15,yes,4,8100
2025-05-20T14:01:03.307431,KXBTCD-25MAY2018-T106999.99,DELTA,43,1014,49,9,16,no,10,-3240
2025-05-20T14:01:03.307814,KXBTCD-25MAY2018-T106999.99,DELTA,43,1014,49,9,17,no,12,2700
2025-05-20T14:01:03.327336,KXBTCD-25MAY2018-T106999.99,DELTA,43,1014,49,9,18,yes,10,-20000
2025-05-20T14:01:03.387405,KXBTCD-25MAY2018-T106999.99,DELTA,43,1014,49,9,19,yes,5,20000
2025-05-20T14:01:03.387844,KXBTCD-25MAY2018-T106999.99,DELTA,43,1014,49,9,20,no,11,-20000
2025-05-20T14:01:03.547934,KXBTCD-25MAY2018-T106999.99,DELTA,43,1014,49,9,21,no,50,-1000
2025-05-20T14:01:03.588156,KXBTCD-25MAY2018-T106999.99,DELTA,43,1014,49,9,22,no,48,1000
2025-05-20T14:01:03.728155,KXBTCD-25MAY2018-T106999.99,DELTA,43,1014,49,9,23,no,47,100
2025-05-20T14:01:03.728648,KXBTCD-25MAY2018-T106999.99,DELTA,45,100,49,9,24,yes,45,100
2025-05-20T14:01:03.788632,KXBTCD-25MAY2018-T106999.99,DELTA,45,100,49,9,25,yes,43,-1000
2025-05-20T14:01:03.828938,KXBTCD-25MAY2018-T106999.99,DELTA,45,1100,49,9,26,yes,45,1000
2025-05-20T14:01:04.367597,KXBTCD-25MAY2018-T106999.99,DELTA,45,1100,49,9,27,yes,4,-8100
2025-05-20T14:01:04.367970,KXBTCD-25MAY2018-T106999.99,DELTA,45,1100,49,9,28,yes,6,5400
2025-05-20T14:01:04.427314,KXBTCD-25MAY2018-T106999.99,DELTA,45,1100,49,9,29,no,12,-2700
2025-05-20T14:01:04.427723,KXBTCD-25MAY2018-T106999.99,DELTA,45,1100,49,9,30,no,4,8100
2025-05-20T14:01:04.447610,KXBTCD-25MAY2018-T106999.99,DELTA,45,1100,49,9,31,yes,5,-20000
2025-05-20T14:01:04.486899,KXBTCD-25MAY2018-T106999.99,DELTA,45,1100,49,9,32,no,5,20000
2025-05-20T14:01:04.487320,KXBTCD-25MAY2018-T106999.99,DELTA,45,1100,49,9,33,yes,7,20000
2025-05-20T14:01:05.489005,KXBTCD-25MAY2018-T106999.99,DELTA,45,1100,49,9,34,yes,6,-5400
2025-05-20T14:01:05.490009,KXBTCD-25MAY2018-T106999.99,DELTA,45,1100,49,9,35,yes,8,4050
2025-05-20T14:01:05.528585,KXBTCD-25MAY2018-T106999.99,DELTA,45,1100,49,9,36,no,4,-8100
2025-05-20T14:01:05.529772,KXBTCD-25MAY2018-T106999.99,DELTA,45,1100,49,9,37,no,6,5400
2025-05-20T14:01:05.548628,KXBTCD-25MAY2018-T106999.99,DELTA,45,1100,49,9,38,yes,7,-20000
2025-05-20T14:01:05.587221,KXBTCD-25MAY2018-T106999.99,DELTA,45,1100,49,9,39,no,5,-20000
2025-05-20T14:01:05.608145,KXBTCD-25MAY2018-T106999.99,DELTA,45,1100,49,9,40,yes,9,20000
2025-05-20T14:01:05.647375,KXBTCD-25MAY2018-T106999.99,DELTA,45,1100,49,9,41,no,7,20000
2025-05-20T14:01:06.248352,KXBTCD-25MAY2018-T106999.99,DELTA,45,1000,49,9,42,yes,45,-100
2025-05-20T14:01:06.307656,KXBTCD-25MAY2018-T106999.99,DELTA,43,14,49,9,43,yes,45,-1000
2025-05-20T14:01:06.347331,KXBTCD-25MAY2018-T106999.99,DELTA,43,1014,49,9,44,yes,43,1000
2025-05-20T14:01:07.307327,KXBTCD-25MAY2018-T106999.99,DELTA,46,100,49,9,45,yes,46,100
2025-05-20T14:01:08.048322,KXBTCD-25MAY2018-T106999.99,DELTA,43,1014,49,9,46,yes,46,-100
2025-05-20T14:01:08.049481,KXBTCD-25MAY2018-T106999.99,DELTA,43,1014,49,9,47,no,47,-100
2025-05-20T14:01:09.394908,KXBTCD-25MAY2018-T106999.99,DELTA,43,1000,49,9,48,yes,43,-14
2025-05-20T14:01:09.396081,KXBTCD-25MAY2018-T106999.99,DELTA,44,30,49,9,49,yes,44,30
2025-05-20T14:01:09.397258,KXBTCD-25MAY2018-T106999.99,DELTA,45,14,49,9,50,yes,45,14
2025-05-20T14:01:09.397771,KXBTCD-25MAY2018-T106999.99,DELTA,45,14,49,9,51,yes,42,-30
2025-05-20T14:01:09.398318,KXBTCD-25MAY2018-T106999.99,DELTA,45,14,49,9,52,no,48,-14
2025-05-20T14:01:09.398861,KXBTCD-25MAY2018-T106999.99,DELTA,45,14,49,9,53,no,46,14
2025-05-20T14:01:09.399492,KXBTCD-25MAY2018-T106999.99,DELTA,45,14,49,9,54,no,45,30
2025-05-20T14:01:09.399988,KXBTCD-25MAY2018-T106999.99,DELTA,45,14,49,9,55,no,47,-30
2025-05-20T14:01:09.400485,KXBTCD-25MAY2018-T106999.99,DELTA,45,14,49,9,56,no,48,-1000
2025-05-20T14:01:09.400965,KXBTCD-25MAY2018-T106999.99,DELTA,45,14,49,9,57,no,1,-8000
2025-05-20T14:01:09.401457,KXBTCD-25MAY2018-T106999.99,DELTA,45,14,49,9,58,yes,43,-1000
2025-05-20T14:01:09.428438,KXBTCD-25MAY2018-T106999.99,DELTA,45,14,49,9,59,no,46,1000
2025-05-20T14:01:09.429203,KXBTCD-25MAY2018-T106999.99,DELTA,45,14,49,9,60,yes,20,-200
2025-05-20T14:01:09.429810,KXBTCD-25MAY2018-T106999.99,DELTA,45,14,49,9,61,yes,30,200
2025-05-20T14:01:09.467928,KXBTCD-25MAY2018-T106999.99,DELTA,45,14,49,9,62,no,30,-200
2025-05-20T14:01:09.468556,KXBTCD-25MAY2018-T106999.99,DELTA,45,14,49,9,63,no,20,200
2025-05-20T14:01:09.488154,KXBTCD-25MAY2018-T106999.99,DELTA,45,1014,49,9,64,yes,45,1000
2025-05-20T14:01:09.547608,KXBTCD-25MAY2018-T106999.99,DELTA,45,1014,49,9,65,no,31,-2000
2025-05-20T14:01:09.568154,KXBTCD-25MAY2018-T106999.99,DELTA,45,1014,49,9,66,yes,21,-2000
2025-05-20T14:01:09.587601,KXBTCD-25MAY2018-T106999.99,DELTA,45,1014,49,9,67,no,21,2000
2025-05-20T14:01:09.607602,KXBTCD-25MAY2018-T106999.99,DELTA,45,1014,49,9,68,yes,31,2000
2025-05-20T14:01:10.106311,KXBTCD-25MAY2018-T106999.99,DELTA,45,1014,49,9,69,yes,8,-4050
2025-05-20T14:01:10.107102,KXBTCD-25MAY2018-T106999.99,DELTA,45,1014,49,9,70,yes,9,3600
2025-05-20T14:01:10.168414,KXBTCD-25MAY2018-T106999.99,DELTA,45,1014,49,9,71,no,6,-5400
2025-05-20T14:01:10.168901,KXBTCD-25MAY2018-T106999.99,DELTA,45,1014,49,9,72,no,8,4050
2025-05-20T14:01:10.169242,KXBTCD-25MAY2018-T106999.99,DELTA,45,1014,49,9,73,yes,9,-20000
2025-05-20T14:01:10.228397,KXBTCD-25MAY2018-T106999.99,DELTA,45,1014,49,9,74,yes,10,20000
2025-05-20T14:01:10.247467,KXBTCD-25MAY2018-T106999.99,DELTA,45,1014,49,9,75,no,7,-20000
2025-05-20T14:01:10.288662,KXBTCD-25MAY2018-T106999.99,DELTA,45,1014,49,9,76,no,9,20000
2025-05-20T14:01:10.487497,KXBTCD-25MAY2018-T106999.99,DELTA,48,100,49,9,77,yes,48,100
2025-05-20T14:01:10.507730,KXBTCD-25MAY2018-T106999.99,DELTA,48,100,49,9,78,no,44,100
2025-05-20T14:01:11.169603,KXBTCD-25MAY2018-T106999.99,DELTA,48,100,49,9,79,yes,45,30
2025-05-20T14:01:11.169844,KXBTCD-25MAY2018-T106999.99,DELTA,48,100,49,9,80,yes,44,-30
2025-05-20T14:01:11.170156,KXBTCD-25MAY2018-T106999.99,DELTA,48,100,49,9,81,no,45,-30
2025-05-20T14:01:11.171372,KXBTCD-25MAY2018-T106999.99,DELTA,48,100,49,9,82,no,44,30
2025-05-20T14:01:11.229056,KXBTCD-25MAY2018-T106999.99,DELTA,48,100,49,9,83,yes,45,-1000
2025-05-20T14:01:11.253852,KXBTCD-25MAY2018-T106999.99,DELTA,48,100,49,9,84,no,46,-1000
2025-05-20T14:01:11.309264,KXBTCD-25MAY2018-T106999.99,DELTA,48,1100,49,9,85,yes,48,1000
2025-05-20T14:01:11.327988,KXBTCD-25MAY2018-T106999.99,DELTA,48,1100,49,9,86,no,45,1000
2025-05-20T14:01:11.370826,KXBTCD-25MAY2018-T106999.99,DELTA,48,1100,49,9,87,yes,45,-14
2025-05-20T14:01:11.372457,KXBTCD-25MAY2018-T106999.99,DELTA,48,1100,49,9,88,yes,47,14
2025-05-20T14:01:11.372774,KXBTCD-25MAY2018-T106999.99,DELTA,48,1100,49,9,89,no,44,14
2025-05-20T14:01:11.373314,KXBTCD-25MAY2018-T106999.99,DELTA,48,1100,49,9,90,no,46,-14
2025-05-20T14:01:11.946856,KXBTCD-25MAY2018-T106999.99,DELTA,48,100,49,9,91,yes,48,-1000
2025-05-20T14:01:11.967998,KXBTCD-25MAY2018-T106999.99,DELTA,47,14,49,9,92,yes,48,-100
2025-05-20T14:01:12.007984,KXBTCD-25MAY2018-T106999.99,DELTA,48,1000,49,9,93,yes,48,1000
2025-05-20T14:01:12.069286,KXBTCD-25MAY2018-T106999.99,DELTA,47,14,49,9,94,yes,48,-1000
2025-05-20T14:01:12.106781,KXBTCD-25MAY2018-T106999.99,DELTA,47,14,49,9,95,yes,46,1000
2025-05-20T14:01:12.209063,KXBTCD-25MAY2018-T106999.99,DELTA,47,14,49,9,96,no,46,9
2025-05-20T14:01:12.568301,KXBTCD-25MAY2018-T106999.99,DELTA,47,14,49,9,97,yes,1,8000
2025-05-20T14:01:12.607391,KXBTCD-25MAY2018-T106999.99,DELTA,47,14,49,9,98,yes,9,-3600
2025-05-20T14:01:12.608123,KXBTCD-25MAY2018-T106999.99,DELTA,47,14,49,9,99,yes,4,8100
2025-05-20T14:01:12.667254,KXBTCD-25MAY2018-T106999.99,DELTA,47,14,49,9,100,no,8,-4050
2025-05-20T14:01:12.667604,KXBTCD-25MAY2018-T106999.99,DELTA,47,14,49,9,101,no,10,3240
2025-05-20T14:01:12.688814,KXBTCD-25MAY2018-T106999.99,DELTA,47,14,49,9,102,yes,10,-20000
2025-05-20T14:01:12.786444,KXBTCD-25MAY2018-T106999.99,DELTA,47,14,49,9,103,no,9,-20000
2025-05-20T14:01:12.846943,KXBTCD-25MAY2018-T106999.99,DELTA,47,14,49,9,104,no,11,20000
2025-05-20T14:01:12.906635,KXBTCD-25MAY2018-T106999.99,DELTA,47,14,49,9,105,yes,5,20000
2025-05-20T14:01:13.069845,KXBTCD-25MAY2018-T106999.99,DELTA,47,14,50,100,106,no,51,-9
2025-05-20T14:01:13.070714,KXBTCD-25MAY2018-T106999.99,DELTA,49,91,50,100,107,yes,49,91
2025-05-20T14:01:13.126901,KXBTCD-25MAY2018-T106999.99,DELTA,49,91,50,100,108,yes,46,-1000
2025-05-20T14:01:13.187119,KXBTCD-25MAY2018-T106999.99,DELTA,49,1091,50,100,109,yes,49,1000
2025-05-20T14:01:13.867161,KXBTCD-25MAY2018-T106999.99,DELTA,49,1091,50,100,110,yes,4,-8100
2025-05-20T14:01:13.867715,KXBTCD-25MAY2018-T106999.99,DELTA,49,1091,50,100,111,yes,6,5400
2025-05-20T14:01:13.910105,KXBTCD-25MAY2018-T106999.99,DELTA,49,1091,50,100,112,no,10,-3240
2025-05-20T14:01:13.910889,KXBTCD-25MAY2018-T106999.99,DELTA,49,1091,50,100,113,no,12,2700
2025-05-20T14:01:13.948016,KXBTCD-25MAY2018-T106999.99,DELTA,49,1091,50,100,114,yes,5,-20000
2025-05-20T14:01:13.987549,KXBTCD-25MAY2018-T106999.99,DELTA,49,1091,50,100,115,yes,7,20000
2025-05-20T14:01:13.988534,KXBTCD-25MAY2018-T106999.99,DELTA,49,1091,50,100,116,no,11,-20000
2025-05-20T14:01:14.807444,KXBTCD-25MAY2018-T106999.99,DELTA,49,1091,54,9,117,no,50,-100
2025-05-20T14:01:14.826945,KXBTCD-25MAY2018-T106999.99,DELTA,49,1091,53,100,118,no,47,100
2025-05-20T14:01:14.948237,KXBTCD-25MAY2018-T106999.99,DELTA,49,1091,53,100,119,no,46,-9
2025-05-20T14:01:15.107823,KXBTCD-25MAY2018-T106999.99,DELTA,49,1091,53,100,120,yes,6,-5400
2025-05-20T14:01:15.108403,KXBTCD-25MAY2018-T106999.99,DELTA,49,1091,53,100,121,yes,8,4050
2025-05-20T14:01:15.168157,KXBTCD-25MAY2018-T106999.99,DELTA,49,1091,53,100,122,no,12,-2700
2025-05-20T14:01:15.169213,KXBTCD-25MAY2018-T106999.99,DELTA,49,1091,53,100,123,no,4,8100
2025-05-20T14:01:15.188672,KXBTCD-25MAY2018-T106999.99,DELTA,49,1091,53,100,124,yes,7,-20000
2025-05-20T14:01:15.230945,KXBTCD-25MAY2018-T106999.99,DELTA,49,1091,53,100,125,no,5,20000
2025-05-20T14:01:15.231784,KXBTCD-25MAY2018-T106999.99,DELTA,49,1091,53,100,126,yes,9,20000
2025-05-20T14:01:16.307891,KXBTCD-25MAY2018-T106999.99,DELTA,49,1091,53,100,127,yes,8,-4050
2025-05-20T14:01:16.308870,KXBTCD-25MAY2018-T106999.99,DELTA,49,1091,53,100,128,yes,4,8100
2025-05-20T14:01:16.348342,KXBTCD-25MAY2018-T106999.99,DELTA,49,1091,53,100,129,no,4,-8100
2025-05-20T14:01:16.349586,KXBTCD-25MAY2018-T106999.99,DELTA,49,1091,53,100,130,no,6,5400
2025-05-20T14:01:16.369329,KXBTCD-25MAY2018-T106999.99,DELTA,49,1091,53,100,131,yes,9,-20000
2025-05-20T14:01:16.408175,KXBTCD-25MAY2018-T106999.99,DELTA,49,1091,53,100,132,yes,5,20000
2025-05-20T14:01:16.409017,KXBTCD-25MAY2018-T106999.99,DELTA,49,1091,53,100,133,no,5,-20000
2025-05-20T14:01:16.447169,KXBTCD-25MAY2018-T106999.99,DELTA,49,1091,53,100,134,no,7,20000
2025-05-20T14:01:17.487491,KXBTCD-25MAY2018-T106999.99,DELTA,49,1091,53,100,135,yes,4,-8100
2025-05-20T14:01:17.487758,KXBTCD-25MAY2018-T106999.99,DELTA,49,1091,53,100,136,yes,6,5400
2025-05-20T14:01:17.548854,KXBTCD-25MAY2018-T106999.99,DELTA,49,1091,53,100,137,no,6,-5400
2025-05-20T14:01:17.549646,KXBTCD-25MAY2018-T106999.99,DELTA,49,1091,53,100,138,no,8,4050
2025-05-20T14:01:17.550136,KXBTCD-25MAY2018-T106999.99,DELTA,49,1091,53,100,139,yes,5,-20000
2025-05-20T14:01:17.607365,KXBTCD-25MAY2018-T106999.99,DELTA,49,1091,53,100,140,yes,7,20000
2025-05-20T14:01:17.647253,KXBTCD-25MAY2018-T106999.99,DELTA,49,1091,53,100,141,no,7,-20000
2025-05-20T14:01:17.707041,KXBTCD-25MAY2018-T106999.99,DELTA,49,1091,53,100,142,no,9,20000
2025-05-20T14:01:19.286501,KXBTCD-25MAY2018-T106999.99,DELTA,49,91,53,100,143,yes,49,-1000
2025-05-20T14:01:19.287042,KXBTCD-25MAY2018-T106999.99,DELTA,49,91,53,100,144,yes,1,-8000
2025-05-20T14:01:19.347827,KXBTCD-25MAY2018-T106999.99,DELTA,49,91,53,100,145,no,45,-1000
2025-05-20T14:01:19.386179,KXBTCD-25MAY2018-T106999.99,DELTA,49,91,53,100,146,yes,46,1000
2025-05-20T14:01:19.578386,KXBTCD-25MAY2018-T106999.99,DELTA,49,241,53,100,147,yes,49,150
2025-05-20T14:01:19.579588,KXBTCD-25MAY2018-T106999.99,DELTA,49,241,53,1100,148,no,47,1000
2025-05-20T14:01:19.580393,KXBTCD-25MAY2018-T106999.99,DELTA,49,91,53,1100,149,yes,49,-150
2025-05-20T14:01:19.581137,KXBTCD-25MAY2018-T106999.99,DELTA,49,91,53,1000,150,no,47,-100
2025-05-20T14:01:19.663539,KXBTCD-25MAY2018-T106999.99,DELTA,49,191,53,1000,151,yes,49,100
2025-05-20T14:01:19.664088,KXBTCD-25MAY2018-T106999.99,DELTA,49,191,52,150,152,no,48,150
2025-05-20T14:01:19.759283,KXBTCD-25MAY2018-T106999.99,DELTA,49,191,52,150,153,no,47,-1000
2025-05-20T14:01:19.768268,KXBTCD-25MAY2018-T106999.99,DELTA,49,91,52,150,154,yes,49,-100
2025-05-20T14:01:19.789693,KXBTCD-25MAY2018-T106999.99,DELTA,49,91,56,144,155,no,48,-150
2025-05-20T14:01:19.829333,KXBTCD-25MAY2018-T106999.99,DELTA,49,191,56,144,156,yes,49,100
2025-05-20T14:01:19.830246,KXBTCD-25MAY2018-T106999.99,DELTA,49,191,52,100,157,no,48,100
2025-05-20T14:01:19.847834,KXBTCD-25MAY2018-T106999.99,DELTA,49,191,52,100,158,no,45,1000
2025-05-20T14:01:19.969169,KXBTCD-25MAY2018-T106999.99,DELTA,49,91,52,100,159,yes,49,-100
2025-05-20T14:01:20.008011,KXBTCD-25MAY2018-T106999.99,DELTA,49,91,52,100,160,yes,48,250
2025-05-20T14:01:20.247185,KXBTCD-25MAY2018-T106999.99,DELTA,49,91,55,1000,161,no,48,-100
2025-05-20T14:01:20.287159,KXBTCD-25MAY2018-T106999.99,DELTA,49,91,52,50,162,no,48,50
2025-05-20T14:01:20.368386,KXBTCD-25MAY2018-T106999.99,DELTA,49,91,55,1000,163,no,48,-50
2025-05-20T14:01:20.387748,KXBTCD-25MAY2018-T106999.99,DELTA,49,91,53,250,164,no,47,250
2025-05-20T14:01:20.427476,KXBTCD-25MAY2018-T106999.99,DELTA,49,91,53,250,165,yes,48,-250
2025-05-20T14:01:20.447618,KXBTCD-25MAY2018-T106999.99,DELTA,49,91,53,250,166,no,45,-1000
2025-05-20T14:01:20.467916,KXBTCD-25MAY2018-T106999.99,DELTA,50,50,53,250,167,yes,50,50
2025-05-20T14:01:20.488521,KXBTCD-25MAY2018-T106999.99,DELTA,50,50,53,250,168,yes,46,-1000
2025-05-20T14:01:20.527172,KXBTCD-25MAY2018-T106999.99,DELTA,50,50,53,250,169,no,45,1000
2025-05-20T14:01:20.567726,KXBTCD-25MAY2018-T106999.99,DELTA,50,50,53,250,170,yes,49,-91
2025-05-20T14:01:20.568515,KXBTCD-25MAY2018-T106999.99,DELTA,50,50,53,250,171,yes,46,1000
2025-05-20T14:01:20.569217,KXBTCD-25MAY2018-T106999.99,DELTA,50,50,53,250,172,no,44,-100
2025-05-20T14:01:20.569806,KXBTCD-25MAY2018-T106999.99,DELTA,47,14,53,250,173,yes,50,-50
2025-05-20T14:01:20.608448,KXBTCD-25MAY2018-T106999.99,DELTA,50,150,53,250,174,yes,50,150
2025-05-20T14:01:20.888731,KXBTCD-25MAY2018-T106999.99,DELTA,47,14,53,250,175,yes,50,-150
2025-05-20T14:01:20.959464,KXBTCD-25MAY2018-T106999.99,DELTA,47,14,55,1000,176,no,47,-250
2025-05-20T14:01:21.428718,KXBTCD-25MAY2018-T106999.99,DELTA,50,150,55,1000,177,yes,50,150
2025-05-20T14:01:21.448776,KXBTCD-25MAY2018-T106999.99,DELTA,50,150,53,50,178,no,47,50
2025-05-20T14:01:21.667877,KXBTCD-25MAY2018-T106999.99,DELTA,47,14,53,50,179,yes,50,-150
2025-05-20T14:01:21.688681,KXBTCD-25MAY2018-T106999.99,DELTA,47,14,55,1000,180,no,47,-50
2025-05-20T14:01:21.888508,KXBTCD-25MAY2018-T106999.99,DELTA,47,14,55,1000,181,no,44,100
2025-05-20T14:01:21.908617,KXBTCD-25MAY2018-T106999.99,DELTA,48,100,55,1000,182,yes,48,100
2025-05-20T14:01:22.208805,KXBTCD-25MAY2018-T106999.99,DELTA,48,100,56,144,183,no,45,-1000
2025-05-20T14:01:22.247661,KXBTCD-25MAY2018-T106999.99,DELTA,48,100,56,144,184,yes,6,-5400
2025-05-20T14:01:22.248186,KXBTCD-25MAY2018-T106999.99,DELTA,48,100,56,144,185,yes,8,4050
2025-05-20T14:01:22.248629,KXBTCD-25MAY2018-T106999.99,DELTA,48,100,55,1000,186,no,45,1000
2025-05-20T14:01:22.286930,KXBTCD-25MAY2018-T106999.99,DELTA,48,100,55,1000,187,no,8,-4050
2025-05-20T14:01:22.287131,KXBTCD-25MAY2018-T106999.99,DELTA,48,100,55,1000,188,no,10,3240
2025-05-20T14:01:22.307344,KXBTCD-25MAY2018-T106999.99,DELTA,48,100,55,1000,189,yes,7,-20000
2025-05-20T14:01:22.345779,KXBTCD-25MAY2018-T106999.99,DELTA,48,100,55,1000,190,no,9,-20000
2025-05-20T14:01:22.345938,KXBTCD-25MAY2018-T106999.99,DELTA,48,100,55,1000,191,yes,9,20000
2025-05-20T14:01:22.386879,KXBTCD-25MAY2018-T106999.99,DELTA,48,100,55,1000,192,no,11,20000
2025-05-20T14:01:23.832036,KXBTCD-25MAY2018-T106999.99,DELTA,48,100,55,1000,193,yes,47,-14
2025-05-20T14:01:23.832413,KXBTCD-25MAY2018-T106999.99,DELTA,48,100,55,1000,194,yes,45,14
2025-05-20T14:01:23.832819,KXBTCD-25MAY2018-T106999.99,DELTA,48,100,55,1000,195,no,44,-14
2025-05-20T14:01:23.833009,KXBTCD-25MAY2018-T106999.99,DELTA,48,100,55,1000,196,yes,46,-1000
2025-05-20T14:01:23.833142,KXBTCD-25MAY2018-T106999.99,DELTA,48,100,55,1000,197,no,1,8000
2025-05-20T14:01:23.833256,KXBTCD-25MAY2018-T106999.99,DELTA,48,100,54,14,198,no,46,14
2025-05-20T14:01:23.833361,KXBTCD-25MAY2018-T106999.99,DELTA,48,100,54,14,199,yes,30,-200
2025-05-20T14:01:23.833457,KXBTCD-25MAY2018-T106999.99,DELTA,48,100,54,14,200,yes,20,200
2025-05-20T14:01:23.833553,KXBTCD-25MAY2018-T106999.99,DELTA,48,100,54,14,201,yes,44,30
2025-05-20T14:01:23.833645,KXBTCD-25MAY2018-T106999.99,DELTA,48,100,54,14,202,yes,45,-30
2025-05-20T14:01:23.833735,KXBTCD-25MAY2018-T106999.99,DELTA,48,100,54,14,203,no,45,30
2025-05-20T14:01:23.833828,KXBTCD-25MAY2018-T106999.99,DELTA,48,100,54,14,204,no,44,-30
2025-05-20T14:01:23.869316,KXBTCD-25MAY2018-T106999.99,DELTA,48,100,54,14,205,yes,31,1000
2025-05-20T14:01:23.907598,KXBTCD-25MAY2018-T106999.99,DELTA,48,100,54,14,206,yes,31,-2000
2025-05-20T14:01:23.907917,KXBTCD-25MAY2018-T106999.99,DELTA,48,100,54,14,207,no,45,-1000
2025-05-20T14:01:23.948177,KXBTCD-25MAY2018-T106999.99,DELTA,48,100,54,14,208,yes,21,2000
2025-05-20T14:01:23.967994,KXBTCD-25MAY2018-T106999.99,DELTA,48,100,54,1014,209,no,46,1000
2025-05-20T14:01:23.968320,KXBTCD-25MAY2018-T106999.99,DELTA,48,100,54,1014,210,yes,31,-1000
2025-05-20T14:01:24.027518,KXBTCD-25MAY2018-T106999.99,DELTA,48,100,54,1014,211,yes,44,1000
2025-05-20T14:01:24.342546,KXBTCD-25MAY2018-T106999.99,DELTA,48,100,54,1014,212,no,44,-100
2025-05-20T14:01:24.588544,KXBTCD-25MAY2018-T106999.99,DELTA,45,14,54,1014,213,yes,48,-100
2025-05-20T14:01:24.767078,KXBTCD-25MAY2018-T106999.99,DELTA,45,14,54,1014,214,yes,44,-1000
2025-05-20T14:01:24.967876,KXBTCD-25MAY2018-T106999.99,DELTA,45,14,54,1014,215,yes,8,-4050
2025-05-20T14:01:24.968418,KXBTCD-25MAY2018-T106999.99,DELTA,45,14,54,1014,216,yes,4,8100
2025-05-20T14:01:25.009472,KXBTCD-25MAY2018-T106999.99,DELTA,45,14,54,1014,217,no,10,-3240
2025-05-20T14:01:25.009974,KXBTCD-25MAY2018-T106999.99,DELTA,45,14,54,1014,218,no,12,2700
2025-05-20T14:01:25.047863,KXBTCD-25MAY2018-T106999.99,DELTA,45,14,54,1014,219,yes,9,-20000
2025-05-20T14:01:25.068505,KXBTCD-25MAY2018-T106999.99,DELTA,45,14,54,1014,220,no,1,-8000
2025-05-20T14:01:25.107833,KXBTCD-25MAY2018-T106999.99,DELTA,45,14,54,1014,221,no,11,-20000
2025-05-20T14:01:25.127633,KXBTCD-25MAY2018-T106999.99,DELTA,45,14,54,1014,222,yes,5,20000
2025-05-20T14:01:26.127913,KXBTCD-25MAY2018-T106999.99,DELTA,45,1014,54,1014,223,yes,45,1000
2025-05-20T14:01:26.167537,KXBTCD-25MAY2018-T106999.99,DELTA,45,1014,54,1014,224,yes,4,-8100
2025-05-20T14:01:26.168304,KXBTCD-25MAY2018-T106999.99,DELTA,45,1014,54,1014,225,yes,6,5400
2025-05-20T14:01:26.208926,KXBTCD-25MAY2018-T106999.99,DELTA,45,1014,54,1014,226,yes,5,-20000
2025-05-20T14:01:26.229086,KXBTCD-25MAY2018-T106999.99,DELTA,45,1014,54,1014,227,no,12,-2700
2025-05-20T14:01:26.230132,KXBTCD-25MAY2018-T106999.99,DELTA,45,1014,54,1014,228,no,4,8100
2025-05-20T14:01:26.247991,KXBTCD-25MAY2018-T106999.99,DELTA,45,1014,54,1014,229,yes,7,20000
2025-05-20T14:01:26.288041,KXBTCD-25MAY2018-T106999.99,DELTA,45,1014,54,1014,230,no,5,20000
2025-05-20T14:01:27.210759,KXBTCD-25MAY2018-T106999.99,DELTA,47,100,54,1014,231,yes,47,100
2025-05-20T14:01:27.211307,KXBTCD-25MAY2018-T106999.99,DELTA,47,100,54,1014,232,no,45,100
2025-05-20T14:01:27.367570,KXBTCD-25MAY2018-T106999.99,DELTA,47,100,54,1014,233,yes,6,-5400
2025-05-20T14:01:27.367861,KXBTCD-25MAY2018-T106999.99,DELTA,47,100,54,1014,234,yes,8,4050
2025-05-20T14:01:27.408218,KXBTCD-25MAY2018-T106999.99,DELTA,47,100,54,1014,235,no,1,8000
2025-05-20T14:01:27.427510,KXBTCD-25MAY2018-T106999.99,DELTA,47,100,54,1014,236,no,4,-8100
2025-05-20T14:01:27.428027,KXBTCD-25MAY2018-T106999.99,DELTA,47,100,54,1014,237,no,6,5400
2025-05-20T14:01:27.428285,KXBTCD-25MAY2018-T106999.99,DELTA,47,100,54,1014,238,yes,7,-20000
2025-05-20T14:01:27.488582,KXBTCD-25MAY2018-T106999.99,DELTA,47,100,54,1014,239,yes,9,20000
2025-05-20T14:01:27.507042,KXBTCD-25MAY2018-T106999.99,DELTA,47,100,54,1014,240,no,5,-20000
2025-05-20T14:01:27.547595,KXBTCD-25MAY2018-T106999.99,DELTA,47,100,54,1014,241,no,7,20000
2025-05-20T14:01:27.670428,KXBTCD-25MAY2018-T106999.99,DELTA,47,100,54,1014,242,yes,45,-1000
2025-05-20T14:01:27.748950,KXBTCD-25MAY2018-T106999.99,DELTA,47,100,54,1014,243,yes,44,1000
2025-05-20T14:01:27.987501,KXBTCD-25MAY2018-T106999.99,DELTA,47,100,54,1014,244,no,45,-100
2025-05-20T14:01:28.607226,KXBTCD-25MAY2018-T106999.99,DELTA,47,100,54,1014,245,yes,44,-1000
2025-05-20T14:01:28.707903,KXBTCD-25MAY2018-T106999.99,DELTA,47,100,54,1014,246,yes,21,1000
2025-05-20T14:01:28.787412,KXBTCD-25MAY2018-T106999.99,DELTA,47,100,54,1014,247,yes,23,9
2025-05-20T14:01:28.988575,KXBTCD-25MAY2018-T106999.99,DELTA,47,100,54,1014,248,yes,8,-4050
2025-05-20T14:01:28.989088,KXBTCD-25MAY2018-T106999.99,DELTA,47,100,54,1014,249,yes,10,3240
2025-05-20T14:01:29.108639,KXBTCD-25MAY2018-T106999.99,DELTA,47,100,54,1014,250,yes,9,-20000
2025-05-20T14:01:29.187530,KXBTCD-25MAY2018-T106999.99,DELTA,47,100,54,1014,251,no,6,-5400
2025-05-20T14:01:29.188265,KXBTCD-25MAY2018-T106999.99,DELTA,47,100,54,1014,252,no,8,4050
2025-05-20T14:01:29.189779,KXBTCD-25MAY2018-T106999.99,DELTA,47,100,54,1014,253,yes,11,20000
2025-05-20T14:01:29.307849,KXBTCD-25MAY2018-T106999.99,DELTA,47,100,54,1014,254,no,7,-20000
2025-05-20T14:01:29.408393,KXBTCD-25MAY2018-T106999.99,DELTA,47,100,54,1114,255,no,46,100
2025-05-20T14:01:29.409042,KXBTCD-25MAY2018-T106999.99,DELTA,45,14,54,1114,256,yes,47,-100
2025-05-20T14:01:29.507512,KXBTCD-25MAY2018-T106999.99,DELTA,45,14,54,1114,257,no,9,20000
2025-05-20T14:01:29.587411,KXBTCD-25MAY2018-T106999.99,DELTA,45,14,54,114,258,no,46,-1000
2025-05-20T14:01:29.787609,KXBTCD-25MAY2018-T106999.99,DELTA,45,14,53,1000,259,no,47,1000
2025-05-20T14:01:29.888885,KXBTCD-25MAY2018-T106999.99,DELTA,45,14,53,1000,260,yes,21,-1000
2025-05-20T14:01:30.008117,KXBTCD-25MAY2018-T106999.99,DELTA,45,14,53,1000,261,yes,44,1000
2025-05-20T14:01:30.487740,KXBTCD-25MAY2018-T106999.99,DELTA,45,14,53,1000,262,yes,44,-1000
2025-05-20T14:01:30.888304,KXBTCD-25MAY2018-T106999.99,DELTA,45,14,53,1000,263,yes,21,1000
2025-05-20T14:01:30.989091,KXBTCD-25MAY2018-T106999.99,DELTA,45,14,53,1000,264,yes,10,-3240
2025-05-20T14:01:30.989404,KXBTCD-25MAY2018-T106999.99,DELTA,45,14,53,1000,265,yes,4,8100
2025-05-20T14:01:31.047860,KXBTCD-25MAY2018-T106999.99,DELTA,45,14,53,1000,266,no,8,-4050
2025-05-20T14:01:31.048128,KXBTCD-25MAY2018-T106999.99,DELTA,45,14,53,1000,267,no,10,3240
2025-05-20T14:01:31.067872,KXBTCD-25MAY2018-T106999.99,DELTA,45,14,53,1000,268,yes,11,-20000
2025-05-20T14:01:31.107672,KXBTCD-25MAY2018-T106999.99,DELTA,45,14,53,1000,269,yes,5,20000
2025-05-20T14:01:31.107849,KXBTCD-25MAY2018-T106999.99,DELTA,45,14,53,1000,270,no,9,-20000
2025-05-20T14:01:31.247389,KXBTCD-25MAY2018-T106999.99,DELTA,45,14,53,1000,271,no,11,20000
2025-05-20T14:01:31.268796,KXBTCD-25MAY2018-T106999.99,DELTA,46,100,53,1000,272,yes,46,100
2025-05-20T14:01:32.508747,KXBTCD-25MAY2018-T106999.99,DELTA,46,100,53,1000,273,no,46,-100
2025-05-20T14:01:32.568685,KXBTCD-25MAY2018-T106999.99,DELTA,46,100,54,14,274,no,47,-1000
2025-05-20T14:01:32.630193,KXBTCD-25MAY2018-T106999.99,DELTA,46,100,54,1014,275,no,46,1000
2025-05-20T14:01:32.748078,KXBTCD-25MAY2018-T106999.99,DELTA,46,100,54,1014,276,yes,45,-14
2025-05-20T14:01:32.748325,KXBTCD-25MAY2018-T106999.99,DELTA,46,100,54,1014,277,yes,44,14
2025-05-20T14:01:32.768568,KXBTCD-25MAY2018-T106999.99,DELTA,46,100,54,1014,278,yes,44,-30
2025-05-20T14:01:32.768798,KXBTCD-25MAY2018-T106999.99,DELTA,46,100,54,1014,279,yes,42,30
2025-05-20T14:01:32.769021,KXBTCD-25MAY2018-T106999.99,DELTA,46,100,54,1000,280,no,46,-14
2025-05-20T14:01:32.769318,KXBTCD-25MAY2018-T106999.99,DELTA,46,100,53,14,281,no,47,14
2025-05-20T14:01:32.769484,KXBTCD-25MAY2018-T106999.99,DELTA,46,100,53,44,282,no,47,30
2025-05-20T14:01:32.769723,KXBTCD-25MAY2018-T106999.99,DELTA,46,100,53,44,283,no,45,-30
2025-05-20T14:01:32.888359,KXBTCD-25MAY2018-T106999.99,DELTA,46,100,53,44,284,no,46,-1000
2025-05-20T14:01:32.967693,KXBTCD-25MAY2018-T106999.99,DELTA,46,100,52,1000,285,no,48,1000
2025-05-20T14:01:33.227562,KXBTCD-25MAY2018-T106999.99,DELTA,46,100,52,1000,286,no,47,100
2025-05-20T14:01:33.870549,KXBTCD-25MAY2018-T106999.99,DELTA,46,100,52,1000,287,no,20,-200
2025-05-20T14:01:33.871446,KXBTCD-25MAY2018-T106999.99,DELTA,46,100,52,1000,288,no,30,200
2025-05-20T14:01:33.949651,KXBTCD-25MAY2018-T106999.99,DELTA,46,100,52,1000,289,no,21,-2000
2025-05-20T14:01:33.988410,KXBTCD-25MAY2018-T106999.99,DELTA,46,100,52,1000,290,no,31,2000
2025-05-20T14:01:33.988761,KXBTCD-25MAY2018-T106999.99,DELTA,46,100,52,1000,291,yes,42,-30
2025-05-20T14:01:33.988904,KXBTCD-25MAY2018-T106999.99,DELTA,46,100,52,1000,292,yes,41,30
2025-05-20T14:01:33.989019,KXBTCD-25MAY2018-T106999.99,DELTA,46,100,52,1000,293,yes,42,14
2025-05-20T14:01:33.989130,KXBTCD-25MAY2018-T106999.99,DELTA,46,100,52,1000,294,yes,44,-14
2025-05-20T14:01:33.989241,KXBTCD-25MAY2018-T106999.99,DELTA,46,100,52,1030,295,no,48,30
2025-05-20T14:01:33.989460,KXBTCD-25MAY2018-T106999.99,DELTA,46,100,52,1030,296,no,47,-30
2025-05-20T14:01:34.007721,KXBTCD-25MAY2018-T106999.99,DELTA,46,100,52,1030,297,no,47,-14
2025-05-20T14:01:34.007927,KXBTCD-25MAY2018-T106999.99,DELTA,46,100,51,14,298,no,49,14
2025-05-20T14:01:34.028217,KXBTCD-25MAY2018-T106999.99,DELTA,46,100,51,14,299,no,26,-3000
2025-05-20T14:01:34.068727,KXBTCD-25MAY2018-T106999.99,DELTA,46,100,51,14,300,no,33,3000
2025-05-20T14:01:34.068969,KXBTCD-25MAY2018-T106999.99,DELTA,46,100,51,14,301,no,48,-1000
2025-05-20T14:01:34.088120,KXBTCD-25MAY2018-T106999.99,DELTA,46,100,51,14,302,no,47,-100
2025-05-20T14:01:34.109540,KXBTCD-25MAY2018-T106999.99,DELTA,42,14,51,14,303,yes,46,-100
2025-05-20T14:01:34.109745,KXBTCD-25MAY2018-T106999.99,DELTA,42,14,51,1014,304,no,49,1000
2025-05-20T14:01:35.527956,KXBTCD-25MAY2018-T106999.99,DELTA,44,100,51,1014,305,yes,44,100
2025-05-20T14:01:35.528843,KXBTCD-25MAY2018-T106999.99,DELTA,44,100,51,1014,306,no,48,100
2025-05-20T14:01:37.147649,KXBTCD-25MAY2018-T106999.99,DELTA,44,100,51,1014,307,yes,4,-8100
2025-05-20T14:01:37.147824,KXBTCD-25MAY2018-T106999.99,DELTA,44,100,51,1014,308,yes,6,5400
2025-05-20T14:01:37.186806,KXBTCD-25MAY2018-T106999.99,DELTA,44,100,51,1014,309,no,10,-3240
2025-05-20T14:01:37.186946,KXBTCD-25MAY2018-T106999.99,DELTA,44,100,51,1014,310,no,12,2700
2025-05-20T14:01:37.267680,KXBTCD-25MAY2018-T106999.99,DELTA,44,100,51,1014,311,yes,5,-20000
2025-05-20T14:01:37.307547,KXBTCD-25MAY2018-T106999.99,DELTA,44,100,51,1014,312,no,11,-20000
2025-05-20T14:01:37.346903,KXBTCD-25MAY2018-T106999.99,DELTA,44,100,51,1014,313,yes,7,20000
2025-05-20T14:01:38.127471,KXBTCD-25MAY2018-T106999.99,DELTA,44,100,51,1014,314,yes,21,-1000
2025-05-20T14:01:38.247735,KXBTCD-25MAY2018-T106999.99,DELTA,44,100,51,1014,315,yes,41,1000
2025-05-20T14:01:38.729392,KXBTCD-25MAY2018-T106999.99,DELTA,44,100,51,1014,316,yes,41,-1000
2025-05-20T14:01:38.767286,KXBTCD-25MAY2018-T106999.99,DELTA,44,100,51,1014,317,yes,42,1000
2025-05-20T14:01:38.888033,KXBTCD-25MAY2018-T106999.99,DELTA,44,100,51,1014,318,yes,42,30
2025-05-20T14:01:38.907955,KXBTCD-25MAY2018-T106999.99,DELTA,44,100,51,1014,319,yes,41,-30
2025-05-20T14:01:38.908540,KXBTCD-25MAY2018-T106999.99,DELTA,44,100,51,1014,320,yes,43,14
2025-05-20T14:01:38.908976,KXBTCD-25MAY2018-T106999.99,DELTA,44,100,51,1014,321,no,47,30
2025-05-20T14:01:38.909376,KXBTCD-25MAY2018-T106999.99,DELTA,44,100,51,1014,322,yes,42,-14
2025-05-20T14:01:38.909921,KXBTCD-25MAY2018-T106999.99,DELTA,44,100,51,1014,323,no,48,-30
2025-05-20T14:01:38.910439,KXBTCD-25MAY2018-T106999.99,DELTA,44,100,51,1000,324,no,49,-14
2025-05-20T14:01:38.910740,KXBTCD-25MAY2018-T106999.99,DELTA,44,100,51,1000,325,no,48,14
2025-05-20T14:01:38.947554,KXBTCD-25MAY2018-T106999.99,DELTA,44,100,51,1000,326,yes,42,-1000
2025-05-20T14:01:38.987125,KXBTCD-25MAY2018-T106999.99,DELTA,44,100,51,1000,327,yes,43,1000
2025-05-20T14:01:39.048220,KXBTCD-25MAY2018-T106999.99,DELTA,43,1014,51,1000,328,yes,44,-100
2025-05-20T14:01:39.507431,KXBTCD-25MAY2018-T106999.99,DELTA,43,1014,51,1000,329,no,48,-100
2025-05-20T14:01:39.566747,KXBTCD-25MAY2018-T106999.99,DELTA,43,1014,52,14,330,no,49,-1000
2025-05-20T14:01:39.609682,KXBTCD-25MAY2018-T106999.99,DELTA,43,1014,52,1014,331,no,48,1000
2025-05-20T14:01:40.211241,KXBTCD-25MAY2018-T106999.99,DELTA,43,1014,52,1014,332,no,47,100
2025-05-20T14:01:40.228288,KXBTCD-25MAY2018-T106999.99,DELTA,45,100,52,1014,333,yes,45,100
2025-05-20T14:01:40.273475,KXBTCD-25MAY2018-T106999.99,DELTA,45,100,52,1014,334,yes,6,-5400
2025-05-20T14:01:40.274175,KXBTCD-25MAY2018-T106999.99,DELTA,45,100,52,1014,335,yes,8,4050
2025-05-20T14:01:40.308140,KXBTCD-25MAY2018-T106999.99,DELTA,45,100,52,1014,336,no,12,-2700
2025-05-20T14:01:40.308785,KXBTCD-25MAY2018-T106999.99,DELTA,45,100,52,1014,337,no,4,8100
2025-05-20T14:01:40.327978,KXBTCD-25MAY2018-T106999.99,DELTA,45,100,52,1014,338,yes,23,-9
2025-05-20T14:01:40.387771,KXBTCD-25MAY2018-T106999.99,DELTA,45,100,52,1014,339,yes,7,-20000
2025-05-20T14:01:40.408790,KXBTCD-25MAY2018-T106999.99,DELTA,45,100,52,1014,340,no,5,20000
2025-05-20T14:01:40.478560,KXBTCD-25MAY2018-T106999.99,DELTA,45,100,52,1014,341,yes,9,20000
2025-05-20T14:01:40.507786,KXBTCD-25MAY2018-T106999.99,DELTA,43,1014,52,1014,342,yes,45,-100
2025-05-20T14:01:41.341041,KXBTCD-25MAY2018-T106999.99,DELTA,46,100,52,1014,343,yes,46,100
2025-05-20T14:01:41.467972,KXBTCD-25MAY2018-T106999.99,DELTA,46,100,52,1014,344,yes,8,-4050
2025-05-20T14:01:41.469052,KXBTCD-25MAY2018-T106999.99,DELTA,46,100,52,1014,345,yes,10,3240
2025-05-20T14:01:41.527922,KXBTCD-25MAY2018-T106999.99,DELTA,46,100,52,1014,346,no,4,-8100
2025-05-20T14:01:41.528844,KXBTCD-25MAY2018-T106999.99,DELTA,46,100,52,1014,347,no,6,5400
2025-05-20T14:01:41.529429,KXBTCD-25MAY2018-T106999.99,DELTA,46,100,52,1014,348,yes,9,-20000
2025-05-20T14:01:41.587760,KXBTCD-25MAY2018-T106999.99,DELTA,46,100,52,1014,349,yes,11,20000
2025-05-20T14:01:41.588720,KXBTCD-25MAY2018-T106999.99,DELTA,46,100,52,1014,350,no,5,-20000
2025-05-20T14:01:41.647830,KXBTCD-25MAY2018-T106999.99,DELTA,46,100,52,1014,351,no,7,20000
2025-05-20T14:01:42.647387,KXBTCD-25MAY2018-T106999.99,DELTA,46,100,52,1014,352,yes,10,-3240
2025-05-20T14:01:42.647813,KXBTCD-25MAY2018-T106999.99,DELTA,46,100,52,1014,353,yes,12,2700
2025-05-20T14:01:42.708263,KXBTCD-25MAY2018-T106999.99,DELTA,46,100,52,1014,354,no,6,-5400
2025-05-20T14:01:42.709174,KXBTCD-25MAY2018-T106999.99,DELTA,46,100,52,1014,355,no,8,4050
2025-05-20T14:01:42.727017,KXBTCD-25MAY2018-T106999.99,DELTA,46,100,52,1014,356,yes,11,-20000
2025-05-20T14:01:42.767886,KXBTCD-25MAY2018-T106999.99,DELTA,46,100,52,1014,357,no,7,-20000
2025-05-20T14:01:42.808996,KXBTCD-25MAY2018-T106999.99,DELTA,46,100,52,1014,358,no,9,20000
2025-05-20T14:01:43.808859,KXBTCD-25MAY2018-T106999.99,DELTA,46,100,52,1014,359,yes,12,-2700
2025-05-20T14:01:43.810300,KXBTCD-25MAY2018-T106999.99,DELTA,46,100,52,1014,360,yes,4,8100
2025-05-20T14:01:43.828116,KXBTCD-25MAY2018-T106999.99,DELTA,46,100,52,1014,361,yes,43,-1000
2025-05-20T14:01:43.868770,KXBTCD-25MAY2018-T106999.99,DELTA,46,100,52,1014,362,no,8,-4050
2025-05-20T14:01:43.869093,KXBTCD-25MAY2018-T106999.99,DELTA,46,100,52,1014,363,no,10,3240
2025-05-20T14:01:43.869244,KXBTCD-25MAY2018-T106999.99,DELTA,46,100,52,1014,364,yes,42,1000
2025-05-20T14:01:43.869364,KXBTCD-25MAY2018-T106999.99,DELTA,46,100,52,1014,365,yes,5,20000
2025-05-20T14:01:43.928652,KXBTCD-25MAY2018-T106999.99,DELTA,46,100,52,1014,366,no,9,-20000
2025-05-20T14:01:43.987848,KXBTCD-25MAY2018-T106999.99,DELTA,46,100,52,1014,367,no,11,20000
2025-05-20T14:01:44.526784,KXBTCD-25MAY2018-T106999.99,DELTA,46,100,52,1014,368,yes,42,-1000
2025-05-20T14:01:44.567873,KXBTCD-25MAY2018-T106999.99,DELTA,46,100,52,1014,369,yes,43,1000
2025-05-20T14:01:44.988812,KXBTCD-25MAY2018-T106999.99,DELTA,46,100,52,1014,370,yes,4,-8100
2025-05-20T14:01:44.990146,KXBTCD-25MAY2018-T106999.99,DELTA,46,100,52,1014,371,yes,6,5400
2025-05-20T14:01:45.048248,KXBTCD-25MAY2018-T106999.99,DELTA,46,100,52,1014,372,no,10,-3240
2025-05-20T14:01:45.049529,KXBTCD-25MAY2018-T106999.99,DELTA,46,100,52,1014,373,no,12,2700
2025-05-20T14:01:45.050729,KXBTCD-25MAY2018-T106999.99,DELTA,46,100,52,1014,374,yes,5,-20000
2025-05-20T14:01:45.108802,KXBTCD-25MAY2018-T106999.99,DELTA,46,100,52,1014,375,yes,7,20000
2025-05-20T14:01:45.109904,KXBTCD-25MAY2018-T106999.99,DELTA,46,100,52,1014,376,no,11,-20000
2025-05-20T14:01:45.807008,KXBTCD-25MAY2018-T106999.99,DELTA,46,100,52,1012,377,no,48,-2
2025-05-20T14:01:45.926834,KXBTCD-25MAY2018-T106999.99,DELTA,46,100,52,1012,378,yes,43,-1000
2025-05-20T14:01:45.987509,KXBTCD-25MAY2018-T106999.99,DELTA,46,100,52,1012,379,yes,42,1000
2025-05-20T14:01:46.328085,KXBTCD-25MAY2018-T106999.99,DELTA,46,100,52,1012,380,yes,42,-1000
2025-05-20T14:01:46.366760,KXBTCD-25MAY2018-T106999.99,DELTA,46,100,52,1012,381,yes,43,1000
2025-05-20T14:01:47.428150,KXBTCD-25MAY2018-T106999.99,DELTA,46,100,52,1012,382,yes,43,-1000
2025-05-20T14:01:47.466557,KXBTCD-25MAY2018-T106999.99,DELTA,46,100,52,1012,383,yes,42,1000
2025-05-20T14:01:47.547572,KXBTCD-25MAY2018-T106999.99,DELTA,46,100,52,1012,384,yes,23,9
2025-05-20T14:01:49.908220,KXBTCD-25MAY2018-T106999.99,DELTA,46,100,52,1012,385,yes,6,-5400
2025-05-20T14:01:49.909086,KXBTCD-25MAY2018-T106999.99,DELTA,46,100,52,1012,386,yes,8,4050
2025-05-20T14:01:49.967190,KXBTCD-25MAY2018-T106999.99,DELTA,46,100,52,1012,387,no,12,-2700
2025-05-20T14:01:49.967935,KXBTCD-25MAY2018-T106999.99,DELTA,46,100,52,1012,388,no,4,8100
2025-05-20T14:01:49.968323,KXBTCD-25MAY2018-T106999.99,DELTA,46,100,52,1012,389,yes,7,-20000
2025-05-20T14:01:50.007507,KXBTCD-25MAY2018-T106999.99,DELTA,46,100,52,1012,390,yes,23,-9
2025-05-20T14:01:50.028379,KXBTCD-25MAY2018-T106999.99,DELTA,46,100,52,1012,391,yes,9,20000
2025-05-20T14:01:50.328929,KXBTCD-25MAY2018-T106999.99,DELTA,46,100,52,1012,392,no,5,20000
2025-05-20T14:01:52.327595,KXBTCD-25MAY2018-T106999.99,DELTA,46,100,52,1012,393,yes,8,-4050
2025-05-20T14:01:52.327866,KXBTCD-25MAY2018-T106999.99,DELTA,46,100,52,1012,394,yes,10,3240
2025-05-20T14:01:52.367037,KXBTCD-25MAY2018-T106999.99,DELTA,46,100,52,1012,395,no,4,-8100
2025-05-20T14:01:52.367227,KXBTCD-25MAY2018-T106999.99,DELTA,46,100,52,1012,396,no,6,5400
2025-05-20T14:01:52.387399,KXBTCD-25MAY2018-T106999.99,DELTA,46,100,52,1012,397,yes,9,-20000
2025-05-20T14:01:52.428015,KXBTCD-25MAY2018-T106999.99,DELTA,46,100,52,1012,398,no,5,-20000
2025-05-20T14:01:52.448426,KXBTCD-25MAY2018-T106999.99,DELTA,46,100,52,1012,399,yes,11,20000
2025-05-20T14:01:52.466627,KXBTCD-25MAY2018-T106999.99,DELTA,46,100,52,1012,400,no,7,20000
2025-05-20T14:01:52.568365,KXBTCD-25MAY2018-T106999.99,DELTA,46,100,52,1012,401,yes,42,-1000
2025-05-20T14:01:52.609805,KXBTCD-25MAY2018-T106999.99,DELTA,46,100,52,1012,402,yes,43,1000
2025-05-20T14:01:53.327973,KXBTCD-25MAY2018-T106999.99,DELTA,46,250,52,1012,403,yes,46,150
2025-05-20T14:01:53.348432,KXBTCD-25MAY2018-T106999.99,DELTA,46,250,50,50,404,no,50,50
2025-05-20T14:01:53.408136,KXBTCD-25MAY2018-T106999.99,DELTA,46,250,50,50,405,no,48,-1000
2025-05-20T14:01:53.447938,KXBTCD-25MAY2018-T106999.99,DELTA,46,250,50,50,406,yes,10,-3240
2025-05-20T14:01:53.448073,KXBTCD-25MAY2018-T106999.99,DELTA,46,250,50,50,407,yes,12,2700
2025-05-20T14:01:53.448164,KXBTCD-25MAY2018-T106999.99,DELTA,46,250,49,1000,408,no,51,1000
2025-05-20T14:01:53.488201,KXBTCD-25MAY2018-T106999.99,DELTA,46,250,49,1000,409,no,6,-5400
2025-05-20T14:01:53.488326,KXBTCD-25MAY2018-T106999.99,DELTA,46,250,49,1000,410,no,8,4050
2025-05-20T14:01:53.528332,KXBTCD-25MAY2018-T106999.99,DELTA,46,250,49,1000,411,yes,11,-20000
2025-05-20T14:01:53.567663,KXBTCD-25MAY2018-T106999.99,DELTA,46,250,49,1000,412,no,7,-20000
2025-05-20T14:01:53.607289,KXBTCD-25MAY2018-T106999.99,DELTA,46,250,49,1000,413,no,9,20000
2025-05-20T14:01:53.667450,KXBTCD-25MAY2018-T106999.99,DELTA,46,250,49,1000,414,no,50,-50
2025-05-20T14:01:53.728467,KXBTCD-25MAY2018-T106999.99,DELTA,46,250,52,12,415,no,51,-1000
2025-05-20T14:01:53.747311,KXBTCD-25MAY2018-T106999.99,DELTA,46,250,50,150,416,no,50,150
2025-05-20T14:01:53.767526,KXBTCD-25MAY2018-T106999.99,DELTA,46,250,50,150,417,no,48,1000
2025-05-20T14:01:53.807221,KXBTCD-25MAY2018-T106999.99,DELTA,46,250,50,150,418,no,48,-1000
2025-05-20T14:01:53.846652,KXBTCD-25MAY2018-T106999.99,DELTA,46,250,49,1000,419,no,51,1000
2025-05-20T14:01:53.866976,KXBTCD-25MAY2018-T106999.99,DELTA,46,100,49,1000,420,yes,46,-150
2025-05-20T14:01:53.887689,KXBTCD-25MAY2018-T106999.99,DELTA,46,100,49,1000,421,yes,45,250
2025-05-20T14:01:54.346442,KXBTCD-25MAY2018-T106999.99,DELTA,46,100,49,1000,422,yes,43,-1000
2025-05-20T14:01:54.347594,KXBTCD-25MAY2018-T106999.99,DELTA,46,100,49,1000,423,no,31,-2000
2025-05-20T14:01:54.387889,KXBTCD-25MAY2018-T106999.99,DELTA,46,100,49,1000,424,yes,42,1000
2025-05-20T14:01:54.388247,KXBTCD-25MAY2018-T106999.99,DELTA,46,100,49,1000,425,no,50,2000
2025-05-20T14:01:54.449542,KXBTCD-25MAY2018-T106999.99,DELTA,46,100,49,1000,426,yes,23,9
2025-05-20T14:01:54.588520,KXBTCD-25MAY2018-T106999.99,DELTA,46,100,49,1000,427,yes,12,-2700
2025-05-20T14:01:54.588745,KXBTCD-25MAY2018-T106999.99,DELTA,46,100,49,1000,428,yes,4,8100
2025-05-20T14:01:54.627003,KXBTCD-25MAY2018-T106999.99,DELTA,46,100,49,1000,429,no,8,-4050
2025-05-20T14:01:54.627196,KXBTCD-25MAY2018-T106999.99,DELTA,46,100,49,1000,430,no,10,3240
2025-05-20T14:01:54.646664,KXBTCD-25MAY2018-T106999.99,DELTA,46,100,49,1000,431,yes,5,20000
2025-05-20T14:01:54.686909,KXBTCD-25MAY2018-T106999.99,DELTA,46,100,49,1000,432,no,9,-20000
2025-05-20T14:01:54.746823,KXBTCD-25MAY2018-T106999.99,DELTA,46,100,49,1000,433,no,11,20000
2025-05-20T14:01:55.747358,KXBTCD-25MAY2018-T106999.99,DELTA,46,100,49,1000,434,yes,4,-8100
2025-05-20T14:01:55.747840,KXBTCD-25MAY2018-T106999.99,DELTA,46,100,49,1000,435,yes,6,5400
2025-05-20T14:01:55.786880,KXBTCD-25MAY2018-T106999.99,DELTA,46,100,49,1000,436,no,10,-3240
2025-05-20T14:01:55.787092,KXBTCD-25MAY2018-T106999.99,DELTA,46,100,49,1000,437,no,12,2700
2025-05-20T14:01:55.806354,KXBTCD-25MAY2018-T106999.99,DELTA,46,100,49,1000,438,yes,5,-20000
2025-05-20T14:01:55.847373,KXBTCD-25MAY2018-T106999.99,DELTA,46,100,49,1000,439,no,11,-20000
2025-05-20T14:01:55.867219,KXBTCD-25MAY2018-T106999.99,DELTA,46,100,49,1000,440,yes,7,20000
2025-05-20T14:01:56.907662,KXBTCD-25MAY2018-T106999.99,DELTA,46,100,49,1000,441,yes,6,-5400
2025-05-20T14:01:56.908218,KXBTCD-25MAY2018-T106999.99,DELTA,46,100,49,1000,442,yes,8,4050
2025-05-20T14:01:56.947493,KXBTCD-25MAY2018-T106999.99,DELTA,46,100,49,1000,443,no,12,-2700
2025-05-20T14:01:56.947931,KXBTCD-25MAY2018-T106999.99,DELTA,46,100,49,1000,444,no,4,8100
2025-05-20T14:01:56.987413,KXBTCD-25MAY2018-T106999.99,DELTA,46,100,49,1000,445,yes,7,-20000
2025-05-20T14:01:57.008779,KXBTCD-25MAY2018-T106999.99,DELTA,46,100,49,1000,446,yes,23,-9
2025-05-20T14:01:57.008982,KXBTCD-25MAY2018-T106999.99,DELTA,46,100,49,1000,447,no,5,20000
2025-05-20T14:01:57.027467,KXBTCD-25MAY2018-T106999.99,DELTA,46,100,49,1000,448,yes,9,20000
2025-05-20T14:01:58.467157,KXBTCD-25MAY2018-T106999.99,DELTA,45,250,49,1000,449,yes,46,-100
2025-05-20T14:01:58.467432,KXBTCD-25MAY2018-T106999.99,DELTA,45,250,49,1000,450,no,47,-100
2025-05-20T14:01:59.627138,KXBTCD-25MAY2018-T106999.99,DELTA,45,350,49,1000,451,yes,45,100
2025-05-20T14:01:59.646610,KXBTCD-25MAY2018-T106999.99,DELTA,45,350,49,1000,452,no,47,100
2025-05-20T14:02:00.928335,KXBTCD-25MAY2018-T106999.99,DELTA,45,350,49,1000,453,yes,42,-1000
2025-05-20T14:02:00.987380,KXBTCD-25MAY2018-T106999.99,DELTA,45,350,49,1000,454,yes,21,1000
2025-05-20T14:02:01.148335,KXBTCD-25MAY2018-T106999.99,DELTA,45,350,49,1000,455,yes,21,-1000
2025-05-20T14:02:01.188039,KXBTCD-25MAY2018-T106999.99,DELTA,45,350,49,1000,456,no,50,-2000
2025-05-20T14:02:01.208393,KXBTCD-25MAY2018-T106999.99,DELTA,45,350,49,1000,457,yes,42,1000
2025-05-20T14:02:01.298929,KXBTCD-25MAY2018-T106999.99,DELTA,45,350,49,1000,458,no,31,2000
2025-05-20T14:02:01.609640,KXBTCD-25MAY2018-T106999.99,DELTA,45,350,49,1000,459,yes,8,-4050
2025-05-20T14:02:01.609823,KXBTCD-25MAY2018-T106999.99,DELTA,45,350,49,1000,460,yes,10,3240
2025-05-20T14:02:01.666666,KXBTCD-25MAY2018-T106999.99,DELTA,45,350,49,1000,461,no,4,-8100
2025-05-20T14:02:01.666851,KXBTCD-25MAY2018-T106999.99,DELTA,45,350,49,1000,462,no,6,5400
2025-05-20T14:02:01.687212,KXBTCD-25MAY2018-T106999.99,DELTA,45,350,49,1000,463,yes,9,-20000
2025-05-20T14:02:01.726569,KXBTCD-25MAY2018-T106999.99,DELTA,45,350,49,1000,464,no,5,-20000
2025-05-20T14:02:01.747372,KXBTCD-25MAY2018-T106999.99,DELTA,45,350,49,1000,465,yes,11,20000
2025-05-20T14:02:01.768615,KXBTCD-25MAY2018-T106999.99,DELTA,45,350,49,1000,466,no,7,20000
2025-05-20T14:02:03.948964,KXBTCD-25MAY2018-T106999.99,DELTA,45,350,49,1000,467,yes,10,-3240
2025-05-20T14:02:03.949755,KXBTCD-25MAY2018-T106999.99,DELTA,45,350,49,1000,468,yes,12,2700
2025-05-20T14:02:04.008903,KXBTCD-25MAY2018-T106999.99,DELTA,45,350,49,1000,469,no,6,-5400
2025-05-20T14:02:04.009591,KXBTCD-25MAY2018-T106999.99,DELTA,45,350,49,1000,470,no,8,4050
2025-05-20T14:02:04.010038,KXBTCD-25MAY2018-T106999.99,DELTA,45,350,49,1000,471,yes,11,-20000
2025-05-20T14:02:04.067378,KXBTCD-25MAY2018-T106999.99,DELTA,45,350,49,1000,472,no,7,-20000
2025-05-20T14:02:04.108858,KXBTCD-25MAY2018-T106999.99,DELTA,45,350,49,1000,473,no,9,20000
2025-05-20T14:02:04.428090,KXBTCD-25MAY2018-T106999.99,DELTA,45,350,49,1000,474,no,31,-2000
2025-05-20T14:02:04.487421,KXBTCD-25MAY2018-T106999.99,DELTA,45,350,49,1000,475,no,50,2000
2025-05-20T14:02:04.487709,KXBTCD-25MAY2018-T106999.99,DELTA,45,350,49,1000,476,yes,42,-1000
2025-05-20T14:02:04.546364,KXBTCD-25MAY2018-T106999.99,DELTA,45,350,49,1000,477,yes,21,1000
2025-05-20T14:02:04.587711,KXBTCD-25MAY2018-T106999.99,DELTA,45,350,49,1000,478,no,50,-2000
2025-05-20T14:02:04.667430,KXBTCD-25MAY2018-T106999.99,DELTA,45,350,49,3000,479,no,51,2000
2025-05-20T14:02:04.946894,KXBTCD-25MAY2018-T106999.99,DELTA,45,350,49,3000,480,no,47,-100
2025-05-20T14:02:05.109677,KXBTCD-25MAY2018-T106999.99,DELTA,45,350,49,3000,481,yes,12,-2700
2025-05-20T14:02:05.110216,KXBTCD-25MAY2018-T106999.99,DELTA,45,350,49,3000,482,yes,4,8100
2025-05-20T14:02:05.148007,KXBTCD-25MAY2018-T106999.99,DELTA,45,350,49,3000,483,no,8,-4050
2025-05-20T14:02:05.148711,KXBTCD-25MAY2018-T106999.99,DELTA,45,350,49,3000,484,no,10,3240
2025-05-20T14:02:05.167332,KXBTCD-25MAY2018-T106999.99,DELTA,45,350,49,3000,485,yes,5,20000
2025-05-20T14:02:05.210693,KXBTCD-25MAY2018-T106999.99,DELTA,45,350,49,3000,486,no,9,-20000
2025-05-20T14:02:05.247311,KXBTCD-25MAY2018-T106999.99,DELTA,45,350,49,3000,487,no,11,20000
2025-05-20T14:02:05.367940,KXBTCD-25MAY2018-T106999.99,DELTA,45,350,49,3000,488,yes,21,-1000
2025-05-20T14:02:05.368880,KXBTCD-25MAY2018-T106999.99,DELTA,45,350,49,1000,489,no,51,-2000
2025-05-20T14:02:05.409409,KXBTCD-25MAY2018-T106999.99,DELTA,45,350,49,1000,490,yes,42,1000
2025-05-20T14:02:05.426642,KXBTCD-25MAY2018-T106999.99,DELTA,45,350,49,1000,491,no,50,2000
2025-05-20T14:02:06.018920,KXBTCD-25MAY2018-T106999.99,DELTA,45,350,49,1000,492,no,48,100
2025-05-20T14:02:06.228204,KXBTCD-25MAY2018-T106999.99,DELTA,45,350,49,1000,493,yes,4,-8100
2025-05-20T14:02:06.228520,KXBTCD-25MAY2018-T106999.99,DELTA,45,350,49,1000,494,yes,6,5400
2025-05-20T14:02:06.266863,KXBTCD-25MAY2018-T106999.99,DELTA,45,350,49,1000,495,no,10,-3240
2025-05-20T14:02:06.267152,KXBTCD-25MAY2018-T106999.99,DELTA,45,350,49,1000,496,no,12,2700
2025-05-20T14:02:06.307259,KXBTCD-25MAY2018-T106999.99,DELTA,45,350,49,1000,497,yes,5,-20000
2025-05-20T14:02:06.347657,KXBTCD-25MAY2018-T106999.99,DELTA,45,350,49,1000,498,no,11,-20000
2025-05-20T14:02:06.347880,KXBTCD-25MAY2018-T106999.99,DELTA,45,350,49,1000,499,yes,7,20000
2025-05-20T14:02:06.387005,KXBTCD-25MAY2018-T106999.99,DELTA,45,350,49,1000,500,yes,42,-1000
2025-05-20T14:02:06.430485,KXBTCD-25MAY2018-T106999.99,DELTA,45,350,49,1000,501,yes,21,1000
2025-05-20T14:02:06.607931,KXBTCD-25MAY2018-T106999.99,DELTA,45,350,49,1000,502,no,50,-2000
2025-05-20T14:02:06.667554,KXBTCD-25MAY2018-T106999.99,DELTA,45,350,49,3000,503,no,51,2000
2025-05-20T14:02:06.689315,KXBTCD-25MAY2018-T106999.99,DELTA,45,100,49,3000,504,yes,45,-250
2025-05-20T14:02:06.728574,KXBTCD-25MAY2018-T106999.99,DELTA,45,100,49,3000,505,no,50,-150
2025-05-20T14:02:06.746580,KXBTCD-25MAY2018-T106999.99,DELTA,45,100,49,3000,506,yes,44,150
2025-05-20T14:02:06.767093,KXBTCD-25MAY2018-T106999.99,DELTA,45,100,48,50,507,no,52,50
2025-05-20T14:02:06.787019,KXBTCD-25MAY2018-T106999.99,DELTA,45,100,48,50,508,no,51,-2000
2025-05-20T14:02:06.806769,KXBTCD-25MAY2018-T106999.99,DELTA,45,100,48,50,509,no,51,-1000
2025-05-20T14:02:06.850512,KXBTCD-25MAY2018-T106999.99,DELTA,45,100,47,1000,510,no,53,1000
2025-05-20T14:02:06.851397,KXBTCD-25MAY2018-T106999.99,DELTA,45,100,47,1000,511,no,31,2000
2025-05-20T14:02:07.367283,KXBTCD-25MAY2018-T106999.99,DELTA,45,100,47,1000,512,yes,6,-5400
2025-05-20T14:02:07.367520,KXBTCD-25MAY2018-T106999.99,DELTA,45,100,47,1000,513,yes,8,4050
2025-05-20T14:02:07.427312,KXBTCD-25MAY2018-T106999.99,DELTA,45,100,47,1000,514,no,12,-2700
2025-05-20T14:02:07.427463,KXBTCD-25MAY2018-T106999.99,DELTA,45,100,47,1000,515,no,4,8100
2025-05-20T14:02:07.446863,KXBTCD-25MAY2018-T106999.99,DELTA,45,100,47,1000,516,yes,7,-20000
2025-05-20T14:02:07.487098,KXBTCD-25MAY2018-T106999.99,DELTA,45,100,47,1000,517,no,5,20000
2025-05-20T14:02:07.487357,KXBTCD-25MAY2018-T106999.99,DELTA,45,100,47,1000,518,yes,9,20000
2025-05-20T14:02:08.506669,KXBTCD-25MAY2018-T106999.99,DELTA,45,100,47,1000,519,yes,8,-4050
2025-05-20T14:02:08.506842,KXBTCD-25MAY2018-T106999.99,DELTA,45,100,47,1000,520,yes,10,3240
2025-05-20T14:02:08.567141,KXBTCD-25MAY2018-T106999.99,DELTA,45,100,47,1000,521,no,4,-8100
2025-05-20T14:02:08.567350,KXBTCD-25MAY2018-T106999.99,DELTA,45,100,47,1000,522,no,6,5400
2025-05-20T14:02:08.607558,KXBTCD-25MAY2018-T106999.99,DELTA,45,100,47,1000,523,yes,23,9
2025-05-20T14:02:08.629818,KXBTCD-25MAY2018-T106999.99,DELTA,45,100,47,1000,524,yes,9,-20000
2025-05-20T14:02:08.630244,KXBTCD-25MAY2018-T106999.99,DELTA,45,100,47,1000,525,no,5,-20000
2025-05-20T14:02:08.667011,KXBTCD-25MAY2018-T106999.99,DELTA,45,100,47,1000,526,yes,11,20000
2025-05-20T14:02:08.687474,KXBTCD-25MAY2018-T106999.99,DELTA,45,100,47,1000,527,no,7,20000
2025-05-20T14:02:10.528491,KXBTCD-25MAY2018-T106999.99,DELTA,45,100,47,1000,528,no,52,-50
2025-05-20T14:02:10.528949,KXBTCD-25MAY2018-T106999.99,DELTA,45,100,47,1000,529,no,51,50
2025-05-20T14:02:10.529374,KXBTCD-25MAY2018-T106999.99,DELTA,45,100,49,50,530,no,53,-1000
2025-05-20T14:02:10.529504,KXBTCD-25MAY2018-T106999.99,DELTA,45,92,49,50,531,yes,45,-8
2025-05-20T14:02:10.529948,KXBTCD-25MAY2018-T106999.99,DELTA,45,92,48,1000,532,no,52,1000
2025-05-20T14:02:10.848710,KXBTCD-25MAY2018-T106999.99,DELTA,45,92,48,1000,533,yes,21,-1000
2025-05-20T14:02:10.868340,KXBTCD-25MAY2018-T106999.99,DELTA,45,92,48,1000,534,no,51,-50
2025-05-20T14:02:10.889166,KXBTCD-25MAY2018-T106999.99,DELTA,45,92,48,1000,535,yes,42,1000
2025-05-20T14:02:10.889373,KXBTCD-25MAY2018-T106999.99,DELTA,45,92,48,1000,536,no,50,250
2025-05-20T14:02:11.011613,KXBTCD-25MAY2018-T106999.99,DELTA,45,92,48,1000,537,no,31,-2000
2025-05-20T14:02:11.011838,KXBTCD-25MAY2018-T106999.99,DELTA,45,92,50,250,538,no,52,-1000
2025-05-20T14:02:11.012140,KXBTCD-25MAY2018-T106999.99,DELTA,45,92,50,2250,539,no,50,2000
2025-05-20T14:02:11.012210,KXBTCD-25MAY2018-T106999.99,DELTA,45,92,49,1000,540,no,51,1000
2025-05-20T14:02:11.652723,KXBTCD-25MAY2018-T106999.99,DELTA,44,150,49,1000,541,yes,45,-92
2025-05-20T14:02:11.653332,KXBTCD-25MAY2018-T106999.99,DELTA,44,150,49,1000,542,no,48,-100
2025-05-20T14:02:12.947086,KXBTCD-25MAY2018-T106999.99,DELTA,45,100,49,1000,543,yes,45,100
2025-05-20T14:02:12.947400,KXBTCD-25MAY2018-T106999.99,DELTA,45,100,49,1000,544,no,47,100
2025-05-20T14:02:13.048229,KXBTCD-25MAY2018-T106999.99,DELTA,45,100,49,1000,545,yes,23,-9
2025-05-20T14:02:13.108617,KXBTCD-25MAY2018-T106999.99,DELTA,45,100,49,1000,546,yes,10,-3240
2025-05-20T14:02:13.109296,KXBTCD-25MAY2018-T106999.99,DELTA,45,100,49,1000,547,yes,12,2700
2025-05-20T14:02:13.167791,KXBTCD-25MAY2018-T106999.99,DELTA,45,100,49,1000,548,no,6,-5400
2025-05-20T14:02:13.168141,KXBTCD-25MAY2018-T106999.99,DELTA,45,100,49,1000,549,no,8,4050
2025-05-20T14:02:13.207975,KXBTCD-25MAY2018-T106999.99,DELTA,45,100,49,1000,550,yes,11,-20000
2025-05-20T14:02:13.227952,KXBTCD-25MAY2018-T106999.99,DELTA,45,100,49,1000,551,no,50,-2000
2025-05-20T14:02:13.307104,KXBTCD-25MAY2018-T106999.99,DELTA,45,100,49,1000,552,no,31,2000
2025-05-20T14:02:13.307529,KXBTCD-25MAY2018-T106999.99,DELTA,45,100,49,1000,553,no,7,-20000
2025-05-20T14:02:13.387485,KXBTCD-25MAY2018-T106999.99,DELTA,45,100,49,1000,554,no,9,20000
2025-05-20T14:02:15.667825,KXBTCD-25MAY2018-T106999.99,DELTA,45,100,49,1000,555,yes,12,-2700
2025-05-20T14:02:15.668257,KXBTCD-25MAY2018-T106999.99,DELTA,45,100,49,1000,556,yes,4,8100
2025-05-20T14:02:15.727366,KXBTCD-25MAY2018-T106999.99,DELTA,45,100,49,1000,557,no,8,-4050
2025-05-20T14:02:15.728065,KXBTCD-25MAY2018-T106999.99,DELTA,45,100,49,1000,558,no,10,3240
2025-05-20T14:02:15.746790,KXBTCD-25MAY2018-T106999.99,DELTA,45,100,49,1000,559,yes,5,20000
2025-05-20T14:02:15.787241,KXBTCD-25MAY2018-T106999.99,DELTA,45,100,49,1000,560,no,9,-20000
2025-05-20T14:02:15.847697,KXBTCD-25MAY2018-T106999.99,DELTA,45,100,49,1000,561,no,11,20000
2025-05-20T14:02:16.826898,KXBTCD-25MAY2018-T106999.99,DELTA,45,100,49,1000,562,yes,4,-8100
2025-05-20T14:02:16.827069,KXBTCD-25MAY2018-T106999.99,DELTA,45,100,49,1000,563,yes,6,5400
2025-05-20T14:02:16.867199,KXBTCD-25MAY2018-T106999.99,DELTA,45,100,49,1000,564,no,10,-3240
2025-05-20T14:02:16.867324,KXBTCD-25MAY2018-T106999.99,DELTA,45,100,49,1000,565,no,12,2700
2025-05-20T14:02:16.906911,KXBTCD-25MAY2018-T106999.99,DELTA,45,100,49,1000,566,yes,5,-20000
2025-05-20T14:02:16.927171,KXBTCD-25MAY2018-T106999.99,DELTA,45,100,49,1000,567,no,11,-20000
2025-05-20T14:02:16.946976,KXBTCD-25MAY2018-T106999.99,DELTA,45,100,49,1000,568,yes,7,20000
2025-05-20T14:02:17.947868,KXBTCD-25MAY2018-T106999.99,DELTA,45,100,49,1000,569,yes,6,-5400
2025-05-20T14:02:17.948285,KXBTCD-25MAY2018-T106999.99,DELTA,45,100,49,1000,570,yes,8,4050
2025-05-20T14:02:17.988330,KXBTCD-25MAY2018-T106999.99,DELTA,45,100,49,1000,571,no,12,-2700
2025-05-20T14:02:17.988790,KXBTCD-25MAY2018-T106999.99,DELTA,45,100,49,1000,572,no,4,8100
2025-05-20T14:02:18.007968,KXBTCD-25MAY2018-T106999.99,DELTA,45,100,49,1000,573,yes,7,-20000
2025-05-20T14:02:18.069462,KXBTCD-25MAY2018-T106999.99,DELTA,45,100,49,1000,574,yes,9,20000
2025-05-20T14:02:18.070212,KXBTCD-25MAY2018-T106999.99,DELTA,45,100,49,1000,575,no,5,20000
2025-05-20T14:02:19.128258,KXBTCD-25MAY2018-T106999.99,DELTA,45,100,49,1000,576,yes,8,-4050
2025-05-20T14:02:19.128888,KXBTCD-25MAY2018-T106999.99,DELTA,45,100,49,1000,577,yes,10,3240
2025-05-20T14:02:19.167500,KXBTCD-25MAY2018-T106999.99,DELTA,45,100,49,1000,578,no,4,-8100
2025-05-20T14:02:19.168384,KXBTCD-25MAY2018-T106999.99,DELTA,45,100,49,1000,579,no,6,5400
2025-05-20T14:02:19.207946,KXBTCD-25MAY2018-T106999.99,DELTA,45,100,49,1000,580,yes,9,-20000
2025-05-20T14:02:19.247782,KXBTCD-25MAY2018-T106999.99,DELTA,45,100,49,1000,581,yes,11,20000
2025-05-20T14:02:19.267915,KXBTCD-25MAY2018-T106999.99,DELTA,45,31,49,1000,582,yes,45,-69
2025-05-20T14:02:19.287325,KXBTCD-25MAY2018-T106999.99,DELTA,45,31,49,1000,583,no,5,-20000
2025-05-20T14:02:19.329155,KXBTCD-25MAY2018-T106999.99,DELTA,45,31,49,1000,584,no,7,20000
2025-05-20T14:02:20.269261,KXBTCD-25MAY2018-T106999.99,DELTA,45,31,49,1000,585,yes,10,-3240
2025-05-20T14:02:20.269976,KXBTCD-25MAY2018-T106999.99,DELTA,45,31,49,1000,586,yes,12,2700
2025-05-20T14:02:20.329709,KXBTCD-25MAY2018-T106999.99,DELTA,45,31,49,1000,587,no,6,-5400
2025-05-20T14:02:20.330817,KXBTCD-25MAY2018-T106999.99,DELTA,45,31,49,1000,588,no,8,4050
2025-05-20T14:02:20.331462,KXBTCD-25MAY2018-T106999.99,DELTA,45,31,49,1000,589,yes,11,-20000
2025-05-20T14:02:20.387298,KXBTCD-25MAY2018-T106999.99,DELTA,45,31,49,1000,590,no,7,-20000
2025-05-20T14:02:20.427219,KXBTCD-25MAY2018-T106999.99,DELTA,45,31,49,1000,591,no,9,20000
2025-05-20T14:02:20.467710,KXBTCD-25MAY2018-T106999.99,DELTA,45,31,49,1000,592,no,31,-2000
2025-05-20T14:02:20.527916,KXBTCD-25MAY2018-T106999.99,DELTA,45,31,49,1000,593,no,50,2000
2025-05-20T14:02:20.547934,KXBTCD-25MAY2018-T106999.99,DELTA,45,31,49,1000,594,no,47,-100
2025-05-20T14:02:20.567273,KXBTCD-25MAY2018-T106999.99,DELTA,44,150,49,1000,595,yes,45,-31
2025-05-20T14:02:21.167357,KXBTCD-25MAY2018-T106999.99,DELTA,44,150,49,1000,596,no,50,-2000
2025-05-20T14:02:21.208479,KXBTCD-25MAY2018-T106999.99,DELTA,44,150,49,1000,597,no,31,2000
2025-05-20T14:02:22.448028,KXBTCD-25MAY2018-T106999.99,DELTA,44,150,49,1000,598,yes,43,100
2025-05-20T14:02:22.467482,KXBTCD-25MAY2018-T106999.99,DELTA,44,150,49,1000,599,no,49,100
2025-05-20T14:02:22.987539,KXBTCD-25MAY2018-T106999.99,DELTA,44,150,49,1000,600,no,31,-2000
2025-05-20T14:02:23.027930,KXBTCD-25MAY2018-T106999.99,DELTA,44,150,49,1000,601,no,50,2000
2025-05-20T14:02:25.168628,KXBTCD-25MAY2018-T106999.99,DELTA,44,150,49,1000,602,no,50,-2000
2025-05-20T14:02:25.310852,KXBTCD-25MAY2018-T106999.99,DELTA,44,150,49,1000,603,no,31,2000
2025-05-20T14:02:26.628291,KXBTCD-25MAY2018-T106999.99,DELTA,44,150,49,1000,604,yes,12,-2700
2025-05-20T14:02:26.629115,KXBTCD-25MAY2018-T106999.99,DELTA,44,150,49,1000,605,yes,4,8100
2025-05-20T14:02:26.669388,KXBTCD-25MAY2018-T106999.99,DELTA,44,150,49,1000,606,no,31,-2000
2025-05-20T14:02:26.689024,KXBTCD-25MAY2018-T106999.99,DELTA,44,150,49,1000,607,no,8,-4050
2025-05-20T14:02:26.689612,KXBTCD-25MAY2018-T106999.99,DELTA,44,150,49,1000,608,no,10,3240
2025-05-20T14:02:26.690374,KXBTCD-25MAY2018-T106999.99,DELTA,44,150,49,1000,609,yes,5,20000
2025-05-20T14:02:26.727728,KXBTCD-25MAY2018-T106999.99,DELTA,44,150,49,1000,610,no,50,2000
2025-05-20T14:02:26.808400,KXBTCD-25MAY2018-T106999.99,DELTA,44,150,49,1000,611,no,9,-20000
2025-05-20T14:02:26.886961,KXBTCD-25MAY2018-T106999.99,DELTA,44,150,49,1000,612,no,11,20000
2025-05-20T14:02:28.208331,KXBTCD-25MAY2018-T106999.99,DELTA,44,150,49,1000,613,yes,42,-1000
2025-05-20T14:02:28.247068,KXBTCD-25MAY2018-T106999.99,DELTA,44,150,49,1000,614,yes,21,1000
2025-05-20T14:02:28.328530,KXBTCD-25MAY2018-T106999.99,DELTA,44,150,49,1000,615,no,50,-250
2025-05-20T14:02:28.329017,KXBTCD-25MAY2018-T106999.99,DELTA,44,150,49,1000,616,yes,23,9
2025-05-20T14:02:28.387687,KXBTCD-25MAY2018-T106999.99,DELTA,44,150,49,1250,617,no,51,250
2025-05-20T14:02:28.388620,KXBTCD-25MAY2018-T106999.99,DELTA,44,150,49,1250,618,no,50,-2000
2025-05-20T14:02:28.407599,KXBTCD-25MAY2018-T106999.99,DELTA,44,150,49,250,619,no,51,-1000
2025-05-20T14:02:28.447170,KXBTCD-25MAY2018-T106999.99,DELTA,44,150,49,250,620,no,31,2000
2025-05-20T14:02:28.447444,KXBTCD-25MAY2018-T106999.99,DELTA,44,150,48,1000,621,no,52,1000
2025-05-20T14:02:29.308719,KXBTCD-25MAY2018-T106999.99,DELTA,44,150,48,1000,622,no,31,-2000
2025-05-20T14:02:29.347277,KXBTCD-25MAY2018-T106999.99,DELTA,44,150,48,1000,623,no,51,2000
2025-05-20T14:02:29.377040,KXBTCD-25MAY2018-T106999.99,DELTA,44,150,48,1000,624,no,49,-100
2025-05-20T14:02:29.468234,KXBTCD-25MAY2018-T106999.99,DELTA,44,150,48,1000,625,no,51,-2000
2025-05-20T14:02:29.506261,KXBTCD-25MAY2018-T106999.99,DELTA,44,150,48,1000,626,no,31,2000
2025-05-20T14:02:29.788355,KXBTCD-25MAY2018-T106999.99,DELTA,44,150,48,1000,627,yes,4,-8100
2025-05-20T14:02:29.789545,KXBTCD-25MAY2018-T106999.99,DELTA,44,150,48,1000,628,yes,6,5400
2025-05-20T14:02:29.848597,KXBTCD-25MAY2018-T106999.99,DELTA,44,150,48,1000,629,no,10,-3240
2025-05-20T14:02:29.849382,KXBTCD-25MAY2018-T106999.99,DELTA,44,150,48,1000,630,no,12,2700
2025-05-20T14:02:29.850025,KXBTCD-25MAY2018-T106999.99,DELTA,44,150,48,1000,631,yes,5,-20000
2025-05-20T14:02:29.889934,KXBTCD-25MAY2018-T106999.99,DELTA,44,150,48,1000,632,yes,21,-1000
2025-05-20T14:02:29.890609,KXBTCD-25MAY2018-T106999.99,DELTA,44,150,48,1000,633,yes,7,20000
2025-05-20T14:02:29.913726,KXBTCD-25MAY2018-T106999.99,DELTA,44,150,48,1000,634,yes,21,-2000
2025-05-20T14:02:29.914775,KXBTCD-25MAY2018-T106999.99,DELTA,44,150,48,1000,635,yes,7,-20000
2025-05-20T14:02:29.915369,KXBTCD-25MAY2018-T106999.99,DELTA,44,150,48,1000,636,no,31,-2000
2025-05-20T14:02:29.916330,KXBTCD-25MAY2018-T106999.99,DELTA,44,150,49,250,637,no,52,-1000
2025-05-20T14:02:29.916835,KXBTCD-25MAY2018-T106999.99,DELTA,44,150,49,250,638,no,11,-20000
2025-05-20T14:02:29.927636,KXBTCD-25MAY2018-T106999.99,DELTA,43,114,49,250,639,yes,44,-150
2025-05-20T14:02:29.988854,KXBTCD-25MAY2018-T106999.99,DELTA,45,14,49,250,640,yes,45,14
2025-05-20T14:02:29.989548,KXBTCD-25MAY2018-T106999.99,DELTA,45,14,49,250,641,yes,43,-14
2025-05-20T14:02:29.990337,KXBTCD-25MAY2018-T106999.99,DELTA,45,14,52,12,642,no,51,-250
2025-05-20T14:02:29.991447,KXBTCD-25MAY2018-T106999.99,DELTA,45,14,52,12,643,no,46,14
2025-05-20T14:02:29.991965,KXBTCD-25MAY2018-T106999.99,DELTA,45,14,53,30,644,no,48,-12
2025-05-20T14:02:30.049285,KXBTCD-25MAY2018-T106999.99,DELTA,45,14,53,30,645,no,33,-3000
2025-05-20T14:02:30.068788,KXBTCD-25MAY2018-T106999.99,DELTA,45,14,53,30,646,no,1,-8000
2025-05-20T14:02:30.188721,KXBTCD-25MAY2018-T106999.99,DELTA,45,14,51,100,647,no,49,100
2025-05-20T14:02:30.190113,KXBTCD-25MAY2018-T106999.99,DELTA,45,14,51,100,648,no,25,3000
2025-05-20T14:02:30.289100,KXBTCD-25MAY2018-T106999.99,DELTA,45,14,51,100,649,yes,43,-100
2025-05-20T14:02:30.290954,KXBTCD-25MAY2018-T106999.99,DELTA,48,200,51,100,650,yes,48,200
2025-05-20T14:02:30.291886,KXBTCD-25MAY2018-T106999.99,DELTA,48,200,51,100,651,no,47,250
2025-05-20T14:02:30.509582,KXBTCD-25MAY2018-T106999.99,DELTA,48,200,51,100,652,yes,43,9
2025-05-20T14:02:30.510801,KXBTCD-25MAY2018-T106999.99,DELTA,48,200,51,100,653,no,48,1000
2025-05-20T14:02:30.590515,KXBTCD-25MAY2018-T106999.99,DELTA,48,200,51,100,654,no,37,9
2025-05-20T14:02:30.591397,KXBTCD-25MAY2018-T106999.99,DELTA,48,200,51,100,655,yes,23,-9
2025-05-20T14:02:30.592175,KXBTCD-25MAY2018-T106999.99,DELTA,48,200,52,1000,656,no,49,-100
2025-05-20T14:02:30.690050,KXBTCD-25MAY2018-T106999.99,DELTA,48,200,52,1000,657,yes,43,1000
2025-05-20T14:02:31.108727,KXBTCD-25MAY2018-T106999.99,DELTA,48,200,52,1000,658,no,1,8000
2025-05-20T14:02:31.108895,KXBTCD-25MAY2018-T106999.99,DELTA,45,14,52,1000,659,yes,48,-200
2025-05-20T14:02:31.190361,KXBTCD-25MAY2018-T106999.99,DELTA,45,14,52,1000,660,no,47,-250
2025-05-20T14:02:31.190619,KXBTCD-25MAY2018-T106999.99,DELTA,45,14,52,1000,661,yes,6,-5400
2025-05-20T14:02:31.190771,KXBTCD-25MAY2018-T106999.99,DELTA,45,14,52,1000,662,yes,4,8100
2025-05-20T14:02:31.310460,KXBTCD-25MAY2018-T106999.99,DELTA,45,14,52,1000,663,no,12,-2700
2025-05-20T14:02:31.311466,KXBTCD-25MAY2018-T106999.99,DELTA,45,14,52,1000,664,no,4,8100
2025-05-20T14:02:31.311957,KXBTCD-25MAY2018-T106999.99,DELTA,45,14,52,1000,665,yes,44,100
2025-05-20T14:02:31.608094,KXBTCD-25MAY2018-T106999.99,DELTA,45,14,52,1000,666,yes,43,-1000
2025-05-20T14:02:31.609861,KXBTCD-25MAY2018-T106999.99,DELTA,45,14,52,1000,667,no,31,2000
2025-05-20T14:02:31.688123,KXBTCD-25MAY2018-T106999.99,DELTA,45,14,52,1000,668,yes,5,20000
2025-05-20T14:02:31.709685,KXBTCD-25MAY2018-T106999.99,DELTA,46,250,52,1000,669,yes,46,250
2025-05-20T14:02:31.711734,KXBTCD-25MAY2018-T106999.99,DELTA,46,250,52,1000,670,yes,44,1000
2025-05-20T14:02:31.808502,KXBTCD-25MAY2018-T106999.99,DELTA,46,250,51,200,671,no,49,200
2025-05-20T14:02:31.909147,KXBTCD-25MAY2018-T106999.99,DELTA,46,250,51,200,672,no,5,20000
2025-05-20T14:02:32.012584,KXBTCD-25MAY2018-T106999.99,DELTA,46,250,51,200,673,no,48,100
2025-05-20T14:02:32.088885,KXBTCD-25MAY2018-T106999.99,DELTA,46,250,51,200,674,no,48,-1000
2025-05-20T14:02:32.288943,KXBTCD-25MAY2018-T106999.99,DELTA,46,250,50,1000,675,no,50,1000
2025-05-20T14:02:32.510905,KXBTCD-25MAY2018-T106999.99,DELTA,46,250,50,1000,676,no,37,-9
2025-05-20T14:02:32.511277,KXBTCD-25MAY2018-T106999.99,DELTA,46,250,50,1000,677,yes,43,-9
2025-05-20T14:02:33.091960,KXBTCD-25MAY2018-T106999.99,DELTA,46,250,50,1000,678,yes,4,-8100
2025-05-20T14:02:33.093110,KXBTCD-25MAY2018-T106999.99,DELTA,46,250,50,1000,679,yes,6,5400
2025-05-20T14:02:33.130667,KXBTCD-25MAY2018-T106999.99,DELTA,46,250,50,1000,680,no,4,-8100
2025-05-20T14:02:33.131556,KXBTCD-25MAY2018-T106999.99,DELTA,46,250,50,1000,681,no,6,5400
2025-05-20T14:02:33.208417,KXBTCD-25MAY2018-T106999.99,DELTA,46,250,50,1000,682,yes,5,-20000
2025-05-20T14:02:33.228917,KXBTCD-25MAY2018-T106999.99,DELTA,46,250,50,1000,683,no,5,-20000
2025-05-20T14:02:33.247771,KXBTCD-25MAY2018-T106999.99,DELTA,46,250,50,1000,684,yes,7,20000
2025-05-20T14:02:33.286908,KXBTCD-25MAY2018-T106999.99,DELTA,46,250,50,1000,685,no,7,20000
2025-05-20T14:02:34.208337,KXBTCD-25MAY2018-T106999.99,DELTA,46,250,50,1000,686,yes,6,-5400
2025-05-20T14:02:34.209120,KXBTCD-25MAY2018-T106999.99,DELTA,46,250,50,1000,687,yes,8,4050
2025-05-20T14:02:34.280211,KXBTCD-25MAY2018-T106999.99,DELTA,46,250,50,1000,688,no,6,-5400
2025-05-20T14:02:34.281372,KXBTCD-25MAY2018-T106999.99,DELTA,46,250,50,1000,689,no,8,4050
2025-05-20T14:02:34.288308,KXBTCD-25MAY2018-T106999.99,DELTA,46,250,50,1000,690,yes,7,-20000
2025-05-20T14:02:34.327871,KXBTCD-25MAY2018-T106999.99,DELTA,46,250,50,1000,691,no,7,-20000
2025-05-20T14:02:34.348372,KXBTCD-25MAY2018-T106999.99,DELTA,46,250,50,1000,692,yes,9,20000
2025-05-20T14:02:34.388378,KXBTCD-25MAY2018-T106999.99,DELTA,46,250,50,1000,693,no,9,20000
2025-05-20T14:02:35.347237,KXBTCD-25MAY2018-T106999.99,DELTA,46,250,50,1000,694,yes,8,-4050
2025-05-20T14:02:35.347930,KXBTCD-25MAY2018-T106999.99,DELTA,46,250,50,1000,695,yes,10,3240
2025-05-20T14:02:35.387699,KXBTCD-25MAY2018-T106999.99,DELTA,46,250,50,1000,696,no,8,-4050
2025-05-20T14:02:35.388550,KXBTCD-25MAY2018-T106999.99,DELTA,46,250,50,1000,697,no,10,3240
2025-05-20T14:02:35.408944,KXBTCD-25MAY2018-T106999.99,DELTA,46,250,50,1000,698,yes,9,-20000
2025-05-20T14:02:35.448943,KXBTCD-25MAY2018-T106999.99,DELTA,46,250,50,1000,699,no,9,-20000
2025-05-20T14:02:35.468304,KXBTCD-25MAY2018-T106999.99,DELTA,46,250,50,1000,700,yes,11,20000
2025-05-20T14:02:35.508324,KXBTCD-25MAY2018-T106999.99,DELTA,46,250,50,1000,701,no,11,20000
2025-05-20T14:02:36.268889,KXBTCD-25MAY2018-T106999.99,DELTA,46,250,50,1000,702,no,49,-200
2025-05-20T14:02:36.307188,KXBTCD-25MAY2018-T106999.99,DELTA,46,250,50,1000,703,no,48,250
2025-05-20T14:02:36.367070,KXBTCD-25MAY2018-T106999.99,DELTA,46,250,52,350,704,no,50,-1000
2025-05-20T14:02:36.447631,KXBTCD-25MAY2018-T106999.99,DELTA,46,250,51,1000,705,no,49,1000
2025-05-20T14:02:36.468253,KXBTCD-25MAY2018-T106999.99,DELTA,45,14,51,1000,706,yes,46,-250
2025-05-20T14:02:36.486841,KXBTCD-25MAY2018-T106999.99,DELTA,45,14,51,1000,707,no,37,9
2025-05-20T14:02:36.508884,KXBTCD-25MAY2018-T106999.99,DELTA,48,50,51,1000,708,yes,48,50
2025-05-20T14:02:36.667916,KXBTCD-25MAY2018-T106999.99,DELTA,48,50,51,1000,709,yes,44,30
2025-05-20T14:02:36.688641,KXBTCD-25MAY2018-T106999.99,DELTA,48,50,51,1000,710,yes,42,-30
2025-05-20T14:02:36.689749,KXBTCD-25MAY2018-T106999.99,DELTA,48,50,51,1000,711,no,45,30
2025-05-20T14:02:36.690542,KXBTCD-25MAY2018-T106999.99,DELTA,48,50,51,1000,712,no,47,-30
2025-05-20T14:02:36.787812,KXBTCD-25MAY2018-T106999.99,DELTA,48,50,51,1000,713,yes,44,-1000
2025-05-20T14:02:36.827222,KXBTCD-25MAY2018-T106999.99,DELTA,48,50,51,1000,714,yes,45,1000
2025-05-20T14:02:37.208757,KXBTCD-25MAY2018-T106999.99,DELTA,48,50,52,350,715,no,49,-1000
2025-05-20T14:02:37.227733,KXBTCD-25MAY2018-T106999.99,DELTA,48,50,52,350,716,no,1,-8000
2025-05-20T14:02:37.228697,KXBTCD-25MAY2018-T106999.99,DELTA,48,50,52,350,717,yes,44,-100
2025-05-20T14:02:37.287372,KXBTCD-25MAY2018-T106999.99,DELTA,48,50,52,1350,718,no,48,1000
2025-05-20T14:02:37.967731,KXBTCD-25MAY2018-T106999.99,DELTA,48,50,52,1350,719,yes,45,100
2025-05-20T14:02:37.986835,KXBTCD-25MAY2018-T106999.99,DELTA,48,50,52,350,720,no,48,-1000
2025-05-20T14:02:37.987412,KXBTCD-25MAY2018-T106999.99,DELTA,48,50,52,350,721,no,1,8000
2025-05-20T14:02:38.027695,KXBTCD-25MAY2018-T106999.99,DELTA,48,50,51,1000,722,no,49,1000
2025-05-20T14:02:40.247437,KXBTCD-25MAY2018-T106999.99,DELTA,48,50,51,1000,723,yes,45,-1000
2025-05-20T14:02:40.267446,KXBTCD-25MAY2018-T106999.99,DELTA,48,50,52,350,724,no,49,-1000
2025-05-20T14:02:40.267609,KXBTCD-25MAY2018-T106999.99,DELTA,48,50,52,350,725,no,1,-8000
2025-05-20T14:02:40.328215,KXBTCD-25MAY2018-T106999.99,DELTA,45,114,52,350,726,yes,48,-50
2025-05-20T14:02:40.328361,KXBTCD-25MAY2018-T106999.99,DELTA,45,114,52,100,727,no,48,-250
2025-05-20T14:02:40.328447,KXBTCD-25MAY2018-T106999.99,DELTA,45,100,52,100,728,yes,45,-14
2025-05-20T14:02:40.328524,KXBTCD-25MAY2018-T106999.99,DELTA,47,14,52,100,729,yes,47,14
2025-05-20T14:02:40.348829,KXBTCD-25MAY2018-T106999.99,DELTA,47,14,52,100,730,no,46,-14
2025-05-20T14:02:40.348976,KXBTCD-25MAY2018-T106999.99,DELTA,47,14,52,100,731,no,44,14
2025-05-20T14:02:40.349068,KXBTCD-25MAY2018-T106999.99,DELTA,47,14,52,100,732,yes,46,1000
2025-05-20T14:02:40.349148,KXBTCD-25MAY2018-T106999.99,DELTA,47,14,52,1100,733,no,48,1000
2025-05-20T14:02:40.367664,KXBTCD-25MAY2018-T106999.99,DELTA,47,14,52,1100,734,no,37,-9
2025-05-20T14:02:40.367782,KXBTCD-25MAY2018-T106999.99,DELTA,47,14,52,1100,735,yes,23,9
2025-05-20T14:02:40.427822,KXBTCD-25MAY2018-T106999.99,DELTA,48,250,52,1100,736,yes,48,250
2025-05-20T14:02:40.428036,KXBTCD-25MAY2018-T106999.99,DELTA,48,250,52,1100,737,no,47,200
2025-05-20T14:02:40.926994,KXBTCD-25MAY2018-T106999.99,DELTA,48,250,52,1000,738,no,48,-100
2025-05-20T14:02:41.187814,KXBTCD-25MAY2018-T106999.99,DELTA,48,250,52,1000,739,yes,45,-100
2025-05-20T14:02:41.247625,KXBTCD-25MAY2018-T106999.99,DELTA,48,250,52,1000,740,yes,46,-1000
2025-05-20T14:02:41.287507,KXBTCD-25MAY2018-T106999.99,DELTA,48,250,52,1000,741,yes,45,1000
2025-05-20T14:02:41.687960,KXBTCD-25MAY2018-T106999.99,DELTA,48,250,52,1000,742,yes,10,-3240
2025-05-20T14:02:41.688642,KXBTCD-25MAY2018-T106999.99,DELTA,48,250,52,1000,743,yes,12,2700
2025-05-20T14:02:41.747765,KXBTCD-25MAY2018-T106999.99,DELTA,48,250,52,1000,744,no,10,-3240
2025-05-20T14:02:41.748540,KXBTCD-25MAY2018-T106999.99,DELTA,48,250,52,1000,745,no,12,2700
2025-05-20T14:02:41.748940,KXBTCD-25MAY2018-T106999.99,DELTA,48,250,52,1000,746,no,46,100
2025-05-20T14:02:41.749230,KXBTCD-25MAY2018-T106999.99,DELTA,48,250,52,1000,747,yes,11,-20000
2025-05-20T14:02:41.826770,KXBTCD-25MAY2018-T106999.99,DELTA,48,250,52,1000,748,no,11,-20000
2025-05-20T14:02:42.189366,KXBTCD-25MAY2018-T106999.99,DELTA,48,250,53,200,749,no,48,-1000
2025-05-20T14:02:42.228174,KXBTCD-25MAY2018-T106999.99,DELTA,48,250,53,200,750,yes,20,-200
2025-05-20T14:02:42.228955,KXBTCD-25MAY2018-T106999.99,DELTA,48,250,53,200,751,yes,30,200
2025-05-20T14:02:42.247345,KXBTCD-25MAY2018-T106999.99,DELTA,48,250,53,1200,752,no,47,1000
2025-05-20T14:02:42.271021,KXBTCD-25MAY2018-T106999.99,DELTA,48,250,53,1200,753,no,30,-200
2025-05-20T14:02:42.271708,KXBTCD-25MAY2018-T106999.99,DELTA,48,250,53,1200,754,no,20,200
2025-05-20T14:02:42.347197,KXBTCD-25MAY2018-T106999.99,DELTA,48,250,53,1200,755,no,31,-2000
2025-05-20T14:02:42.367119,KXBTCD-25MAY2018-T106999.99,DELTA,48,250,53,1200,756,yes,23,-9
2025-05-20T14:02:42.407404,KXBTCD-25MAY2018-T106999.99,DELTA,48,250,53,1200,757,no,21,2000
2025-05-20T14:02:42.567479,KXBTCD-25MAY2018-T106999.99,DELTA,48,250,53,1200,758,yes,46,100
2025-05-20T14:02:42.608316,KXBTCD-25MAY2018-T106999.99,DELTA,48,250,53,1200,759,yes,31,2000
2025-05-20T14:02:42.669234,KXBTCD-25MAY2018-T106999.99,DELTA,48,250,53,1200,760,yes,45,-1000
2025-05-20T14:02:42.709105,KXBTCD-25MAY2018-T106999.99,DELTA,48,250,53,1200,761,yes,47,1000
2025-05-20T14:02:44.908626,KXBTCD-25MAY2018-T106999.99,DELTA,48,250,53,1200,762,yes,12,-2700
2025-05-20T14:02:44.909657,KXBTCD-25MAY2018-T106999.99,DELTA,48,250,53,1200,763,yes,4,8100
2025-05-20T14:02:44.969153,KXBTCD-25MAY2018-T106999.99,DELTA,48,250,53,1200,764,no,12,-2700
2025-05-20T14:02:44.969716,KXBTCD-25MAY2018-T106999.99,DELTA,48,250,53,1200,765,no,4,8100
2025-05-20T14:02:44.987185,KXBTCD-25MAY2018-T106999.99,DELTA,48,250,53,1200,766,yes,5,20000
2025-05-20T14:02:45.089944,KXBTCD-25MAY2018-T106999.99,DELTA,48,250,53,1200,767,no,5,20000
2025-05-20T14:02:46.087430,KXBTCD-25MAY2018-T106999.99,DELTA,48,250,53,1200,768,yes,4,-8100
2025-05-20T14:02:46.087567,KXBTCD-25MAY2018-T106999.99,DELTA,48,250,53,1200,769,yes,6,5400
2025-05-20T14:02:46.128794,KXBTCD-25MAY2018-T106999.99,DELTA,48,250,53,1200,770,no,4,-8100
2025-05-20T14:02:46.128980,KXBTCD-25MAY2018-T106999.99,DELTA,48,250,53,1200,771,no,6,5400
2025-05-20T14:02:46.167517,KXBTCD-25MAY2018-T106999.99,DELTA,48,250,53,1200,772,yes,5,-20000
2025-05-20T14:02:46.187445,KXBTCD-25MAY2018-T106999.99,DELTA,48,250,53,1200,773,no,5,-20000
2025-05-20T14:02:46.206755,KXBTCD-25MAY2018-T106999.99,DELTA,48,250,53,1200,774,yes,7,20000
2025-05-20T14:02:46.227845,KXBTCD-25MAY2018-T106999.99,DELTA,48,250,53,1200,775,no,7,20000
2025-05-20T14:02:47.249069,KXBTCD-25MAY2018-T106999.99,DELTA,48,250,53,1200,776,yes,6,-5400
2025-05-20T14:02:47.249565,KXBTCD-25MAY2018-T106999.99,DELTA,48,250,53,1200,777,yes,8,4050
2025-05-20T14:02:47.307334,KXBTCD-25MAY2018-T106999.99,DELTA,48,250,53,1200,778,no,6,-5400
2025-05-20T14:02:47.307584,KXBTCD-25MAY2018-T106999.99,DELTA,48,250,53,1200,779,no,8,4050
2025-05-20T14:02:47.307868,KXBTCD-25MAY2018-T106999.99,DELTA,48,250,53,1200,780,yes,7,-20000
2025-05-20T14:02:47.348096,KXBTCD-25MAY2018-T106999.99,DELTA,48,250,53,1200,781,yes,9,20000
2025-05-20T14:02:47.366704,KXBTCD-25MAY2018-T106999.99,DELTA,48,250,53,1200,782,no,7,-20000
2025-05-20T14:02:47.426654,KXBTCD-25MAY2018-T106999.99,DELTA,48,250,53,1200,783,no,9,20000
2025-05-20T14:02:47.427134,KXBTCD-25MAY2018-T106999.99,DELTA,48,250,53,1000,784,no,47,-200
2025-05-20T14:02:47.487932,KXBTCD-25MAY2018-T106999.99,DELTA,48,250,53,1000,785,yes,47,-1000
2025-05-20T14:02:47.489018,KXBTCD-25MAY2018-T106999.99,DELTA,48,250,54,100,786,no,47,-1000
2025-05-20T14:02:47.489565,KXBTCD-25MAY2018-T106999.99,DELTA,48,250,54,300,787,no,46,200
2025-05-20T14:02:47.548109,KXBTCD-25MAY2018-T106999.99,DELTA,48,1250,54,300,788,yes,48,1000
2025-05-20T14:02:47.548860,KXBTCD-25MAY2018-T106999.99,DELTA,48,1250,54,1300,789,no,46,1000
2025-05-20T14:02:47.586959,KXBTCD-25MAY2018-T106999.99,DELTA,48,1000,54,1300,790,yes,48,-250
2025-05-20T14:02:47.609361,KXBTCD-25MAY2018-T106999.99,DELTA,50,50,54,1300,791,yes,50,50
2025-05-20T14:02:47.647772,KXBTCD-25MAY2018-T106999.99,DELTA,50,50,54,1300,792,yes,48,-1000
2025-05-20T14:02:47.648409,KXBTCD-25MAY2018-T106999.99,DELTA,50,50,54,1300,793,yes,1,8000
2025-05-20T14:02:47.648891,KXBTCD-25MAY2018-T106999.99,DELTA,50,50,54,300,794,no,46,-1000
2025-05-20T14:02:47.668098,KXBTCD-25MAY2018-T106999.99,DELTA,47,14,54,300,795,yes,50,-50
2025-05-20T14:02:47.687454,KXBTCD-25MAY2018-T106999.99,DELTA,47,14,54,300,796,no,45,1000
2025-05-20T14:02:47.688068,KXBTCD-25MAY2018-T106999.99,DELTA,47,1014,54,300,797,yes,47,1000
2025-05-20T14:02:47.727862,KXBTCD-25MAY2018-T106999.99,DELTA,50,50,54,300,798,yes,50,50
2025-05-20T14:02:47.868588,KXBTCD-25MAY2018-T106999.99,DELTA,47,1014,54,300,799,yes,50,-50
2025-05-20T14:02:47.869366,KXBTCD-25MAY2018-T106999.99,DELTA,47,1014,54,100,800,no,46,-200
2025-05-20T14:02:47.906455,KXBTCD-25MAY2018-T106999.99,DELTA,50,150,54,100,801,yes,50,150
2025-05-20T14:02:47.927359,KXBTCD-25MAY2018-T106999.99,DELTA,50,150,54,100,802,no,45,250
2025-05-20T14:02:48.009641,KXBTCD-25MAY2018-T106999.99,DELTA,50,150,54,100,803,yes,1,-8000
2025-05-20T14:02:48.010663,KXBTCD-25MAY2018-T106999.99,DELTA,50,150,54,100,804,no,45,-1000
2025-05-20T14:02:48.069667,KXBTCD-25MAY2018-T106999.99,DELTA,50,150,54,1100,805,no,46,1000
2025-05-20T14:02:48.369383,KXBTCD-25MAY2018-T106999.99,DELTA,50,150,54,100,806,no,46,-1000
2025-05-20T14:02:48.371197,KXBTCD-25MAY2018-T106999.99,DELTA,50,150,54,100,807,yes,1,8000
2025-05-20T14:02:48.387515,KXBTCD-25MAY2018-T106999.99,DELTA,50,150,54,100,808,yes,46,30
2025-05-20T14:02:48.407408,KXBTCD-25MAY2018-T106999.99,DELTA,50,150,54,100,809,yes,44,-30
2025-05-20T14:02:48.408210,KXBTCD-25MAY2018-T106999.99,DELTA,50,150,54,100,810,no,43,30
2025-05-20T14:02:48.408657,KXBTCD-25MAY2018-T106999.99,DELTA,50,150,54,100,811,no,45,-30
2025-05-20T14:02:48.427038,KXBTCD-25MAY2018-T106999.99,DELTA,50,150,54,100,812,no,45,1000
2025-05-20T14:02:48.447992,KXBTCD-25MAY2018-T106999.99,DELTA,50,150,54,100,813,yes,8,-4050
2025-05-20T14:02:48.448185,KXBTCD-25MAY2018-T106999.99,DELTA,50,150,54,100,814,yes,10,3240
2025-05-20T14:02:48.507539,KXBTCD-25MAY2018-T106999.99,DELTA,50,150,54,100,815,no,8,-4050
2025-05-20T14:02:48.507682,KXBTCD-25MAY2018-T106999.99,DELTA,50,150,54,100,816,no,10,3240
2025-05-20T14:02:48.507770,KXBTCD-25MAY2018-T106999.99,DELTA,50,150,54,100,817,yes,9,-20000
2025-05-20T14:02:48.567587,KXBTCD-25MAY2018-T106999.99,DELTA,50,150,54,100,818,yes,11,20000
2025-05-20T14:02:48.567774,KXBTCD-25MAY2018-T106999.99,DELTA,50,150,54,100,819,no,9,-20000
2025-05-20T14:02:48.608245,KXBTCD-25MAY2018-T106999.99,DELTA,50,150,54,100,820,no,11,20000
2025-05-20T14:02:48.690810,KXBTCD-25MAY2018-T106999.99,DELTA,50,150,54,100,821,yes,1,-8000
2025-05-20T14:02:48.709142,KXBTCD-25MAY2018-T106999.99,DELTA,50,150,54,100,822,no,45,-1000
2025-05-20T14:02:48.728179,KXBTCD-25MAY2018-T106999.99,DELTA,50,150,54,1100,823,no,46,1000
2025-05-20T14:02:49.627006,KXBTCD-25MAY2018-T106999.99,DELTA,50,150,54,1100,824,yes,10,-3240
2025-05-20T14:02:49.627240,KXBTCD-25MAY2018-T106999.99,DELTA,50,150,54,1100,825,yes,12,2700
2025-05-20T14:02:49.667998,KXBTCD-25MAY2018-T106999.99,DELTA,50,150,54,1100,826,no,10,-3240
2025-05-20T14:02:49.668384,KXBTCD-25MAY2018-T106999.99,DELTA,50,150,54,1100,827,no,12,2700
2025-05-20T14:02:49.707867,KXBTCD-25MAY2018-T106999.99,DELTA,50,150,54,1100,828,yes,11,-20000
2025-05-20T14:02:49.748426,KXBTCD-25MAY2018-T106999.99,DELTA,50,150,54,1100,829,no,11,-20000
2025-05-20T14:02:50.010431,KXBTCD-25MAY2018-T106999.99,DELTA,47,1014,54,1100,830,yes,50,-150
2025-05-20T14:02:50.048575,KXBTCD-25MAY2018-T106999.99,DELTA,49,250,54,1100,831,yes,49,250
2025-05-20T14:02:50.463715,KXBTCD-25MAY2018-T106999.99,DELTA,49,250,54,1100,832,yes,47,-1000
2025-05-20T14:02:50.465104,KXBTCD-25MAY2018-T106999.99,DELTA,49,250,54,100,833,no,46,-1000
2025-05-20T14:02:50.465776,KXBTCD-25MAY2018-T106999.99,DELTA,49,250,54,100,834,yes,1,8000
2025-05-20T14:02:50.466899,KXBTCD-25MAY2018-T106999.99,DELTA,49,250,54,100,835,no,45,1000
2025-05-20T14:02:50.488471,KXBTCD-25MAY2018-T106999.99,DELTA,49,1250,54,100,836,yes,49,1000
2025-05-20T14:02:50.770269,KXBTCD-25MAY2018-T106999.99,DELTA,49,250,54,100,837,yes,49,-1000
2025-05-20T14:02:50.771574,KXBTCD-25MAY2018-T106999.99,DELTA,49,250,54,100,838,yes,1,-8000
2025-05-20T14:02:50.772596,KXBTCD-25MAY2018-T106999.99,DELTA,49,250,54,100,839,no,45,-1000
2025-05-20T14:02:50.773318,KXBTCD-25MAY2018-T106999.99,DELTA,49,250,54,100,840,yes,47,1000
2025-05-20T14:02:50.787091,KXBTCD-25MAY2018-T106999.99,DELTA,49,250,54,1100,841,no,46,1000
2025-05-20T14:02:51.168500,KXBTCD-25MAY2018-T106999.99,DELTA,49,250,54,1100,842,yes,48,14
2025-05-20T14:02:51.168947,KXBTCD-25MAY2018-T106999.99,DELTA,49,250,54,1100,843,yes,47,-14
2025-05-20T14:02:51.169138,KXBTCD-25MAY2018-T106999.99,DELTA,49,250,54,1100,844,no,43,14
2025-05-20T14:02:51.189363,KXBTCD-25MAY2018-T106999.99,DELTA,49,250,54,1100,845,no,44,-14
2025-05-20T14:02:51.489947,KXBTCD-25MAY2018-T106999.99,DELTA,49,250,54,1100,846,yes,1,8000
2025-05-20T14:02:51.491225,KXBTCD-25MAY2018-T106999.99,DELTA,49,250,54,1100,847,yes,47,-1000
2025-05-20T14:02:51.491994,KXBTCD-25MAY2018-T106999.99,DELTA,49,250,54,100,848,no,46,-1000
2025-05-20T14:02:51.608848,KXBTCD-25MAY2018-T106999.99,DELTA,49,1250,54,100,849,yes,49,1000
2025-05-20T14:02:51.609658,KXBTCD-25MAY2018-T106999.99,DELTA,49,1250,54,100,850,no,45,1000
2025-05-20T14:02:52.101745,KXBTCD-25MAY2018-T106999.99,DELTA,49,1250,54,100,851,yes,46,-100
2025-05-20T14:02:52.716174,KXBTCD-25MAY2018-T106999.99,DELTA,49,1250,54,100,852,yes,47,30
2025-05-20T14:02:52.717278,KXBTCD-25MAY2018-T106999.99,DELTA,49,1250,54,100,853,yes,46,-30
2025-05-20T14:02:52.718102,KXBTCD-25MAY2018-T106999.99,DELTA,49,1250,54,100,854,no,42,30
2025-05-20T14:02:52.718547,KXBTCD-25MAY2018-T106999.99,DELTA,49,1250,54,100,855,no,43,-30
2025-05-20T14:02:52.727901,KXBTCD-25MAY2018-T106999.99,DELTA,49,1000,54,100,856,yes,49,-250
2025-05-20T14:02:52.728611,KXBTCD-25MAY2018-T106999.99,DELTA,48,14,54,100,857,yes,49,-1000
2025-05-20T14:02:52.749377,KXBTCD-25MAY2018-T106999.99,DELTA,48,14,54,100,858,no,45,-1000
2025-05-20T14:02:52.766896,KXBTCD-25MAY2018-T106999.99,DELTA,51,50,54,100,859,yes,51,50
2025-05-20T14:02:52.828595,KXBTCD-25MAY2018-T106999.99,DELTA,48,14,54,100,860,yes,51,-50
2025-05-20T14:02:52.829128,KXBTCD-25MAY2018-T106999.99,DELTA,48,1014,54,100,861,yes,48,1000
2025-05-20T14:02:52.829480,KXBTCD-25MAY2018-T106999.99,DELTA,48,1014,54,100,862,no,43,1000
2025-05-20T14:02:52.908289,KXBTCD-25MAY2018-T106999.99,DELTA,51,150,54,100,863,yes,51,150
2025-05-20T14:02:52.987656,KXBTCD-25MAY2018-T106999.99,DELTA,51,150,54,100,864,yes,47,100
2025-05-20T14:02:54.148467,KXBTCD-25MAY2018-T106999.99,DELTA,51,150,55,250,865,no,46,-100
2025-05-20T14:02:54.929123,KXBTCD-25MAY2018-T106999.99,DELTA,51,150,55,350,866,no,45,100
2025-05-20T14:02:55.480200,KXBTCD-25MAY2018-T106999.99,DELTA,48,1014,55,350,867,yes,51,-150
2025-05-20T14:02:55.480673,KXBTCD-25MAY2018-T106999.99,DELTA,51,50,55,350,868,yes,51,50
2025-05-20T14:02:55.527961,KXBTCD-25MAY2018-T106999.99,DELTA,48,1014,55,350,869,yes,51,-50
2025-05-20T14:02:55.546705,KXBTCD-25MAY2018-T106999.99,DELTA,51,150,55,350,870,yes,51,150
2025-05-20T14:02:55.727749,KXBTCD-25MAY2018-T106999.99,DELTA,51,150,55,100,871,no,45,-250
2025-05-20T14:02:55.768163,KXBTCD-25MAY2018-T106999.99,DELTA,51,150,55,100,872,no,44,200
2025-05-20T14:02:55.848809,KXBTCD-25MAY2018-T106999.99,DELTA,51,150,55,100,873,no,43,-1000
2025-05-20T14:02:55.887414,KXBTCD-25MAY2018-T106999.99,DELTA,51,150,55,100,874,yes,12,-2700
2025-05-20T14:02:55.888046,KXBTCD-25MAY2018-T106999.99,DELTA,51,150,55,100,875,yes,4,8100
2025-05-20T14:02:55.930352,KXBTCD-25MAY2018-T106999.99,DELTA,51,150,55,100,876,no,44,1000
2025-05-20T14:02:55.931506,KXBTCD-25MAY2018-T106999.99,DELTA,51,150,55,100,877,no,12,-2700
2025-05-20T14:02:55.932275,KXBTCD-25MAY2018-T106999.99,DELTA,51,150,55,100,878,no,4,8100
2025-05-20T14:02:55.988245,KXBTCD-25MAY2018-T106999.99,DELTA,51,150,55,100,879,yes,5,20000
2025-05-20T14:02:56.028564,KXBTCD-25MAY2018-T106999.99,DELTA,51,150,55,100,880,no,44,-1000
2025-05-20T14:02:56.046911,KXBTCD-25MAY2018-T106999.99,DELTA,51,150,55,100,881,no,5,20000
2025-05-20T14:02:56.087113,KXBTCD-25MAY2018-T106999.99,DELTA,51,150,55,100,882,yes,48,-1000
2025-05-20T14:02:56.087389,KXBTCD-25MAY2018-T106999.99,DELTA,51,150,55,100,883,no,43,1000
2025-05-20T14:02:56.148229,KXBTCD-25MAY2018-T106999.99,DELTA,51,1150,55,100,884,yes,51,1000
2025-05-20T14:02:56.609033,KXBTCD-25MAY2018-T106999.99,DELTA,51,150,55,100,885,yes,51,-1000
2025-05-20T14:02:56.610173,KXBTCD-25MAY2018-T106999.99,DELTA,51,150,55,100,886,no,43,-1000
2025-05-20T14:02:56.629542,KXBTCD-25MAY2018-T106999.99,DELTA,51,150,55,100,887,yes,48,1000
2025-05-20T14:02:56.648419,KXBTCD-25MAY2018-T106999.99,DELTA,51,150,55,100,888,no,44,1000
2025-05-20T14:02:58.409167,KXBTCD-25MAY2018-T106999.99,DELTA,48,1014,55,100,889,yes,51,-150
2025-05-20T14:02:58.410385,KXBTCD-25MAY2018-T106999.99,DELTA,48,1000,55,100,890,yes,48,-14
2025-05-20T14:02:58.411112,KXBTCD-25MAY2018-T106999.99,DELTA,48,410,55,100,891,yes,48,-590
2025-05-20T14:02:58.447367,KXBTCD-25MAY2018-T106999.99,DELTA,51,250,55,100,892,yes,51,250
2025-05-20T14:02:58.467183,KXBTCD-25MAY2018-T106999.99,DELTA,51,250,55,100,893,yes,46,14
2025-05-20T14:02:58.467387,KXBTCD-25MAY2018-T106999.99,DELTA,51,250,55,100,894,no,43,-14
2025-05-20T14:02:58.487550,KXBTCD-25MAY2018-T106999.99,DELTA,51,250,55,114,895,no,45,14
2025-05-20T14:02:58.967856,KXBTCD-25MAY2018-T106999.99,DELTA,51,250,55,114,896,yes,4,-8100
2025-05-20T14:02:58.968563,KXBTCD-25MAY2018-T106999.99,DELTA,51,250,55,114,897,yes,6,5400
2025-05-20T14:02:59.028848,KXBTCD-25MAY2018-T106999.99,DELTA,51,250,55,114,898,no,4,-8100
2025-05-20T14:02:59.029398,KXBTCD-25MAY2018-T106999.99,DELTA,51,250,55,114,899,no,6,5400
2025-05-20T14:02:59.029764,KXBTCD-25MAY2018-T106999.99,DELTA,51,250,55,114,900,yes,5,-20000
2025-05-20T14:02:59.067718,KXBTCD-25MAY2018-T106999.99,DELTA,51,250,55,114,901,yes,7,20000
2025-05-20T14:02:59.087426,KXBTCD-25MAY2018-T106999.99,DELTA,51,250,55,114,902,no,5,-20000
2025-05-20T14:02:59.127798,KXBTCD-25MAY2018-T106999.99,DELTA,51,250,55,114,903,no,7,20000
2025-05-20T14:03:00.050676,KXBTCD-25MAY2018-T106999.99,DELTA,51,250,55,114,904,yes,6,-5400
2025-05-20T14:03:00.051617,KXBTCD-25MAY2018-T106999.99,DELTA,51,250,55,114,905,yes,8,4050
2025-05-20T14:03:00.107935,KXBTCD-25MAY2018-T106999.99,DELTA,51,250,55,114,906,no,6,-5400
2025-05-20T14:03:00.108759,KXBTCD-25MAY2018-T106999.99,DELTA,51,250,55,114,907,no,8,4050
2025-05-20T14:03:00.109384,KXBTCD-25MAY2018-T106999.99,DELTA,51,250,55,114,908,yes,7,-20000
2025-05-20T14:03:00.148265,KXBTCD-25MAY2018-T106999.99,DELTA,51,250,55,114,909,yes,9,20000
2025-05-20T14:03:00.188208,KXBTCD-25MAY2018-T106999.99,DELTA,51,250,55,114,910,no,7,-20000
2025-05-20T14:03:00.227684,KXBTCD-25MAY2018-T106999.99,DELTA,51,250,55,114,911,no,9,20000
2025-05-20T14:03:01.147262,KXBTCD-25MAY2018-T106999.99,DELTA,51,250,55,114,912,yes,8,-4050
2025-05-20T14:03:01.147584,KXBTCD-25MAY2018-T106999.99,DELTA,51,250,55,114,913,yes,10,3240
2025-05-20T14:03:01.166336,KXBTCD-25MAY2018-T106999.99,DELTA,51,250,55,114,914,yes,47,-100
2025-05-20T14:03:01.208585,KXBTCD-25MAY2018-T106999.99,DELTA,51,250,55,114,915,no,8,-4050
2025-05-20T14:03:01.208910,KXBTCD-25MAY2018-T106999.99,DELTA,51,250,55,114,916,no,10,3240
2025-05-20T14:03:01.209079,KXBTCD-25MAY2018-T106999.99,DELTA,51,250,55,114,917,yes,9,-20000
2025-05-20T14:03:01.268150,KXBTCD-25MAY2018-T106999.99,DELTA,51,250,55,114,918,yes,11,20000
2025-05-20T14:03:01.268977,KXBTCD-25MAY2018-T106999.99,DELTA,51,250,55,114,919,no,9,-20000
2025-05-20T14:03:01.307868,KXBTCD-25MAY2018-T106999.99,DELTA,51,250,55,114,920,no,11,20000
2025-05-20T14:03:02.007979,KXBTCD-25MAY2018-T106999.99,DELTA,51,250,55,114,921,yes,48,100
2025-05-20T14:03:02.068751,KXBTCD-25MAY2018-T106999.99,DELTA,51,250,55,114,922,yes,48,-410
2025-05-20T14:03:02.148337,KXBTCD-25MAY2018-T106999.99,DELTA,51,250,55,114,923,yes,49,1000
2025-05-20T14:03:02.267520,KXBTCD-25MAY2018-T106999.99,DELTA,51,250,55,114,924,yes,10,-3240
2025-05-20T14:03:02.268618,KXBTCD-25MAY2018-T106999.99,DELTA,51,250,55,114,925,yes,12,2700
2025-05-20T14:03:02.307835,KXBTCD-25MAY2018-T106999.99,DELTA,51,250,55,114,926,no,10,-3240
2025-05-20T14:03:02.308193,KXBTCD-25MAY2018-T106999.99,DELTA,51,250,55,114,927,no,12,2700
2025-05-20T14:03:02.347489,KXBTCD-25MAY2018-T106999.99,DELTA,51,250,55,114,928,yes,11,-20000
2025-05-20T14:03:02.387568,KXBTCD-25MAY2018-T106999.99,DELTA,51,250,55,114,929,no,11,-20000
2025-05-20T14:03:03.368352,KXBTCD-25MAY2018-T106999.99,DELTA,51,250,55,114,930,yes,12,-2700
2025-05-20T14:03:03.369351,KXBTCD-25MAY2018-T106999.99,DELTA,51,250,55,114,931,yes,4,8100
2025-05-20T14:03:03.370114,KXBTCD-25MAY2018-T106999.99,DELTA,51,250,55,113,932,no,45,-1
2025-05-20T14:03:03.408231,KXBTCD-25MAY2018-T106999.99,DELTA,51,250,55,113,933,no,12,-2700
2025-05-20T14:03:03.409144,KXBTCD-25MAY2018-T106999.99,DELTA,51,250,55,113,934,no,4,8100
2025-05-20T14:03:03.428791,KXBTCD-25MAY2018-T106999.99,DELTA,51,250,55,113,935,yes,5,20000
2025-05-20T14:03:03.486993,KXBTCD-25MAY2018-T106999.99,DELTA,51,250,55,113,936,no,5,20000
2025-05-20T14:03:09.653393,KXBTCD-25MAY2018-T106999.99,DELTA,51,250,55,113,937,yes,4,-8100
2025-05-20T14:03:09.653629,KXBTCD-25MAY2018-T106999.99,DELTA,51,250,55,113,938,yes,6,5400
2025-05-20T14:03:09.686368,KXBTCD-25MAY2018-T106999.99,DELTA,51,250,55,113,939,no,4,-8100
2025-05-20T14:03:09.686570,KXBTCD-25MAY2018-T106999.99,DELTA,51,250,55,113,940,no,6,5400
2025-05-20T14:03:09.752859,KXBTCD-25MAY2018-T106999.99,DELTA,51,250,55,113,941,yes,5,-20000
2025-05-20T14:03:09.772448,KXBTCD-25MAY2018-T106999.99,DELTA,51,250,55,113,942,no,5,-20000
2025-05-20T14:03:09.807733,KXBTCD-25MAY2018-T106999.99,DELTA,51,250,55,113,943,yes,7,20000
2025-05-20T14:03:09.808088,KXBTCD-25MAY2018-T106999.99,DELTA,51,250,55,113,944,no,7,20000
2025-05-20T14:03:10.248922,KXBTCD-25MAY2018-T106999.99,DELTA,51,250,55,113,945,no,44,-1000
2025-05-20T14:03:10.307673,KXBTCD-25MAY2018-T106999.99,DELTA,51,250,55,1113,946,no,45,1000
2025-05-20T14:03:11.064294,KXBTCD-25MAY2018-T106999.99,DELTA,51,250,55,1113,947,yes,6,-5400
2025-05-20T14:03:11.064553,KXBTCD-25MAY2018-T106999.99,DELTA,51,250,55,1113,948,no,6,-5400
2025-05-20T14:03:11.210903,KXBTCD-25MAY2018-T106999.99,DELTA,51,250,55,1113,949,yes,7,-20000
2025-05-20T14:03:11.211378,KXBTCD-25MAY2018-T106999.99,DELTA,51,250,55,1113,950,no,7,-20000
2025-05-20T14:03:12.847601,KXBTCD-25MAY2018-T106999.99,DELTA,51,250,55,1113,951,yes,4,8100
2025-05-20T14:03:12.888279,KXBTCD-25MAY2018-T106999.99,DELTA,51,250,55,1113,952,no,4,8100
2025-05-20T14:03:12.908054,KXBTCD-25MAY2018-T106999.99,DELTA,51,250,55,1113,953,yes,5,20000
2025-05-20T14:03:12.947389,KXBTCD-25MAY2018-T106999.99,DELTA,51,250,55,1113,954,no,5,20000
2025-05-20T14:03:13.748362,KXBTCD-25MAY2018-T106999.99,DELTA,51,250,55,1113,955,yes,49,-1000
2025-05-20T14:03:13.748505,KXBTCD-25MAY2018-T106999.99,DELTA,51,250,55,1113,956,yes,1,-8000
2025-05-20T14:03:13.770172,KXBTCD-25MAY2018-T106999.99,DELTA,51,250,55,1113,957,no,21,-2000
2025-05-20T14:03:13.770289,KXBTCD-25MAY2018-T106999.99,DELTA,51,250,55,113,958,no,45,-1000
2025-05-20T14:03:13.787987,KXBTCD-25MAY2018-T106999.99,DELTA,48,100,55,113,959,yes,51,-250
2025-05-20T14:03:13.788159,KXBTCD-25MAY2018-T106999.99,DELTA,48,100,55,113,960,no,44,-200
2025-05-20T14:03:13.847855,KXBTCD-25MAY2018-T106999.99,DELTA,48,100,55,113,961,no,21,2000
2025-05-20T14:03:13.848009,KXBTCD-25MAY2018-T106999.99,DELTA,48,1100,55,113,962,yes,48,1000
2025-05-20T14:03:13.848119,KXBTCD-25MAY2018-T106999.99,DELTA,48,1100,54,1000,963,no,46,1000
2025-05-20T14:03:13.867669,KXBTCD-25MAY2018-T106999.99,DELTA,50,100,54,1000,964,yes,50,100
2025-05-20T14:03:13.867961,KXBTCD-25MAY2018-T106999.99,DELTA,50,100,54,1100,965,no,46,100
2025-05-20T14:03:13.928498,KXBTCD-25MAY2018-T106999.99,DELTA,50,100,54,1000,966,no,46,-100
2025-05-20T14:03:13.947499,KXBTCD-25MAY2018-T106999.99,DELTA,50,100,54,1000,967,no,45,250
2025-05-20T14:03:13.987338,KXBTCD-25MAY2018-T106999.99,DELTA,50,100,54,1000,968,yes,4,-8100
2025-05-20T14:03:13.987879,KXBTCD-25MAY2018-T106999.99,DELTA,50,100,54,1000,969,yes,6,5400
2025-05-20T14:03:14.047815,KXBTCD-25MAY2018-T106999.99,DELTA,50,100,54,1000,970,no,4,-8100
2025-05-20T14:03:14.048580,KXBTCD-25MAY2018-T106999.99,DELTA,50,100,54,1000,971,no,6,5400
2025-05-20T14:03:14.087190,KXBTCD-25MAY2018-T106999.99,DELTA,50,100,54,1000,972,yes,5,-20000
2025-05-20T14:03:14.108625,KXBTCD-25MAY2018-T106999.99,DELTA,50,100,54,1000,973,no,5,-20000
2025-05-20T14:03:14.126438,KXBTCD-25MAY2018-T106999.99,DELTA,50,100,54,1000,974,yes,7,20000
2025-05-20T14:03:14.186759,KXBTCD-25MAY2018-T106999.99,DELTA,50,100,54,1000,975,no,7,20000
2025-05-20T14:03:15.088685,KXBTCD-25MAY2018-T106999.99,DELTA,50,100,54,1000,976,yes,6,-5400
2025-05-20T14:03:15.089414,KXBTCD-25MAY2018-T106999.99,DELTA,50,100,54,1000,977,yes,8,4050
2025-05-20T14:03:15.128747,KXBTCD-25MAY2018-T106999.99,DELTA,50,100,54,1000,978,no,6,-5400
2025-05-20T14:03:15.129822,KXBTCD-25MAY2018-T106999.99,DELTA,50,100,54,1000,979,no,8,4050
2025-05-20T14:03:15.147605,KXBTCD-25MAY2018-T106999.99,DELTA,50,100,54,1000,980,yes,7,-20000
2025-05-20T14:03:15.189378,KXBTCD-25MAY2018-T106999.99,DELTA,50,100,54,1000,981,no,7,-20000
2025-05-20T14:03:15.247471,KXBTCD-25MAY2018-T106999.99,DELTA,50,100,54,1000,982,no,9,20000
2025-05-20T14:03:15.359493,KXBTCD-25MAY2018-T106999.99,DELTA,50,100,54,1000,983,yes,9,20000
2025-05-20T14:03:16.168815,KXBTCD-25MAY2018-T106999.99,DELTA,50,100,54,1000,984,yes,8,-4050
2025-05-20T14:03:16.169077,KXBTCD-25MAY2018-T106999.99,DELTA,50,100,54,1000,985,yes,10,3240
2025-05-20T14:03:16.227612,KXBTCD-25MAY2018-T106999.99,DELTA,50,100,54,1000,986,no,8,-4050
2025-05-20T14:03:16.227846,KXBTCD-25MAY2018-T106999.99,DELTA,50,100,54,1000,987,no,10,3240
2025-05-20T14:03:16.227974,KXBTCD-25MAY2018-T106999.99,DELTA,50,100,54,1000,988,yes,9,-20000
2025-05-20T14:03:16.267929,KXBTCD-25MAY2018-T106999.99,DELTA,50,100,54,1000,989,yes,11,20000
2025-05-20T14:03:16.288034,KXBTCD-25MAY2018-T106999.99,DELTA,50,100,54,1000,990,no,9,-20000
2025-05-20T14:03:16.327219,KXBTCD-25MAY2018-T106999.99,DELTA,50,100,54,1000,991,no,11,20000
2025-05-20T14:03:16.628220,KXBTCD-25MAY2018-T106999.99,DELTA,50,100,54,1000,992,yes,48,-1000
2025-05-20T14:03:16.629214,KXBTCD-25MAY2018-T106999.99,DELTA,48,100,54,1000,993,yes,50,-100
2025-05-20T14:03:16.667873,KXBTCD-25MAY2018-T106999.99,DELTA,50,250,54,1000,994,yes,50,250
2025-05-20T14:03:16.668654,KXBTCD-25MAY2018-T106999.99,DELTA,50,250,54,1000,995,yes,49,1000
2025-05-20T14:03:16.768180,KXBTCD-25MAY2018-T106999.99,DELTA,50,250,54,1000,996,no,45,-250
2025-05-20T14:03:16.769300,KXBTCD-25MAY2018-T106999.99,DELTA,50,250,55,113,997,no,46,-1000
2025-05-20T14:03:16.769858,KXBTCD-25MAY2018-T106999.99,DELTA,50,250,55,113,998,yes,1,8000
2025-05-20T14:03:16.807264,KXBTCD-25MAY2018-T106999.99,DELTA,50,250,55,113,999,no,44,200
2025-05-20T14:03:16.828730,KXBTCD-25MAY2018-T106999.99,DELTA,50,250,55,1113,1000,no,45,1000
2025-05-20T14:03:16.907938,KXBTCD-25MAY2018-T106999.99,DELTA,50,250,55,1113,1001,yes,49,-1000
2025-05-20T14:03:16.908208,KXBTCD-25MAY2018-T106999.99,DELTA,50,250,55,113,1002,no,45,-1000
2025-05-20T14:03:16.989824,KXBTCD-25MAY2018-T106999.99,DELTA,50,250,55,113,1003,no,44,1000
2025-05-20T14:03:16.990771,KXBTCD-25MAY2018-T106999.99,DELTA,50,1250,55,113,1004,yes,50,1000
2025-05-20T14:03:17.129891,KXBTCD-25MAY2018-T106999.99,DELTA,50,1250,55,113,1005,yes,47,-30
2025-05-20T14:03:17.146499,KXBTCD-25MAY2018-T106999.99,DELTA,50,1250,55,113,1006,yes,49,30
2025-05-20T14:03:17.146689,KXBTCD-25MAY2018-T106999.99,DELTA,50,1250,55,113,1007,no,42,-30
2025-05-20T14:03:17.146758,KXBTCD-25MAY2018-T106999.99,DELTA,50,1250,55,113,1008,no,40,30
2025-05-20T14:03:17.187091,KXBTCD-25MAY2018-T106999.99,DELTA,50,1250,55,113,1009,yes,47,14
2025-05-20T14:03:17.206848,KXBTCD-25MAY2018-T106999.99,DELTA,50,1250,55,113,1010,yes,46,-14
2025-05-20T14:03:17.207214,KXBTCD-25MAY2018-T106999.99,DELTA,50,1250,55,113,1011,no,43,14
2025-05-20T14:03:17.207299,KXBTCD-25MAY2018-T106999.99,DELTA,50,250,55,113,1012,yes,50,-1000
2025-05-20T14:03:17.207908,KXBTCD-25MAY2018-T106999.99,DELTA,50,250,55,113,1013,no,44,-1000
2025-05-20T14:03:17.207980,KXBTCD-25MAY2018-T106999.99,DELTA,50,250,55,99,1014,no,45,-14
2025-05-20T14:03:17.208036,KXBTCD-25MAY2018-T106999.99,DELTA,49,30,55,99,1015,yes,50,-250
2025-05-20T14:03:17.228040,KXBTCD-25MAY2018-T106999.99,DELTA,49,30,55,99,1016,no,44,-200
2025-05-20T14:03:17.267193,KXBTCD-25MAY2018-T106999.99,DELTA,49,30,55,99,1017,yes,10,-3240
2025-05-20T14:03:17.267313,KXBTCD-25MAY2018-T106999.99,DELTA,49,30,55,99,1018,yes,12,2700
2025-05-20T14:03:17.267383,KXBTCD-25MAY2018-T106999.99,DELTA,51,1000,55,99,1019,yes,51,1000
2025-05-20T14:03:17.267451,KXBTCD-25MAY2018-T106999.99,DELTA,51,1000,55,99,1020,no,41,1000
2025-05-20T14:03:17.287047,KXBTCD-25MAY2018-T106999.99,DELTA,52,250,55,99,1021,yes,52,250
2025-05-20T14:03:17.307532,KXBTCD-25MAY2018-T106999.99,DELTA,52,250,55,99,1022,no,43,200
2025-05-20T14:03:17.326785,KXBTCD-25MAY2018-T106999.99,DELTA,52,250,55,99,1023,no,10,-3240
2025-05-20T14:03:17.326920,KXBTCD-25MAY2018-T106999.99,DELTA,52,250,55,99,1024,no,12,2700
2025-05-20T14:03:17.367204,KXBTCD-25MAY2018-T106999.99,DELTA,52,250,55,99,1025,yes,11,-20000
2025-05-20T14:03:17.386449,KXBTCD-25MAY2018-T106999.99,DELTA,52,250,55,99,1026,yes,51,-1000
2025-05-20T14:03:17.386541,KXBTCD-25MAY2018-T106999.99,DELTA,52,250,55,99,1027,no,41,-1000
2025-05-20T14:03:17.386598,KXBTCD-25MAY2018-T106999.99,DELTA,52,250,55,99,1028,no,11,-20000
2025-05-20T14:03:17.446400,KXBTCD-25MAY2018-T106999.99,DELTA,52,250,55,99,1029,yes,50,1000
2025-05-20T14:03:17.446664,KXBTCD-25MAY2018-T106999.99,DELTA,52,250,55,99,1030,no,43,1000
2025-05-20T14:03:18.112626,KXBTCD-25MAY2018-T106999.99,DELTA,52,250,57,1214,1031,no,45,-99
2025-05-20T14:03:18.113006,KXBTCD-25MAY2018-T106999.99,DELTA,52,250,57,1214,1032,yes,48,-100
2025-05-20T14:03:19.409715,KXBTCD-25MAY2018-T106999.99,DELTA,52,250,57,1214,1033,yes,49,100
2025-05-20T14:03:19.428660,KXBTCD-25MAY2018-T106999.99,DELTA,52,250,57,1314,1034,no,43,100
2025-05-20T14:03:19.667313,KXBTCD-25MAY2018-T106999.99,DELTA,52,250,57,1214,1035,no,43,-100
2025-05-20T14:03:20.568442,KXBTCD-25MAY2018-T106999.99,DELTA,52,250,56,100,1036,no,44,100
2025-05-20T14:03:23.207125,KXBTCD-25MAY2018-T106999.99,DELTA,52,250,56,100,1037,yes,50,-1000
2025-05-20T14:03:23.410341,KXBTCD-25MAY2018-T106999.99,DELTA,52,250,56,100,1038,yes,22,-3000
2025-05-20T14:03:23.410943,KXBTCD-25MAY2018-T106999.99,DELTA,52,250,56,100,1039,yes,32,9
2025-05-20T14:03:23.488238,KXBTCD-25MAY2018-T106999.99,DELTA,52,250,56,100,1040,no,43,-200
2025-05-20T14:03:23.488398,KXBTCD-25MAY2018-T106999.99,DELTA,52,1250,56,100,1041,yes,52,1000
2025-05-20T14:03:23.489055,KXBTCD-25MAY2018-T106999.99,DELTA,52,1250,56,100,1042,yes,29,3000
2025-05-20T14:03:23.689012,KXBTCD-25MAY2018-T106999.99,DELTA,52,1250,56,100,1043,no,43,-1000
2025-05-20T14:03:23.707325,KXBTCD-25MAY2018-T106999.99,DELTA,52,1250,56,100,1044,yes,51,30
2025-05-20T14:03:23.790653,KXBTCD-25MAY2018-T106999.99,DELTA,52,1250,56,100,1045,yes,49,-30
2025-05-20T14:03:23.791313,KXBTCD-25MAY2018-T106999.99,DELTA,52,250,56,100,1046,yes,52,-1000
2025-05-20T14:03:23.791784,KXBTCD-25MAY2018-T106999.99,DELTA,52,250,56,100,1047,no,38,30
2025-05-20T14:03:23.809334,KXBTCD-25MAY2018-T106999.99,DELTA,52,250,56,100,1048,no,41,1000
2025-05-20T14:03:23.810410,KXBTCD-25MAY2018-T106999.99,DELTA,52,250,56,100,1049,no,40,-30
2025-05-20T14:03:23.810954,KXBTCD-25MAY2018-T106999.99,DELTA,52,250,56,100,1050,no,42,200
2025-05-20T14:03:23.909126,KXBTCD-25MAY2018-T106999.99,DELTA,52,250,56,100,1051,yes,51,1000
2025-05-20T14:03:23.988433,KXBTCD-25MAY2018-T106999.99,DELTA,52,250,56,100,1052,no,41,-1000
2025-05-20T14:03:24.189464,KXBTCD-25MAY2018-T106999.99,DELTA,52,250,56,100,1053,no,43,1000
2025-05-20T14:03:24.190118,KXBTCD-25MAY2018-T106999.99,DELTA,52,250,56,100,1054,yes,49,-100
2025-05-20T14:03:24.287133,KXBTCD-25MAY2018-T106999.99,DELTA,52,250,56,100,1055,yes,51,-1000
2025-05-20T14:03:24.288700,KXBTCD-25MAY2018-T106999.99,DELTA,52,250,57,1014,1056,no,44,-100
2025-05-20T14:03:24.306944,KXBTCD-25MAY2018-T106999.99,DELTA,52,250,57,14,1057,no,43,-1000
2025-05-20T14:03:24.387616,KXBTCD-25MAY2018-T106999.99,DELTA,52,1250,57,14,1058,yes,52,1000
2025-05-20T14:03:24.508753,KXBTCD-25MAY2018-T106999.99,DELTA,52,1250,57,14,1059,no,42,1000
2025-05-20T14:03:25.791636,KXBTCD-25MAY2018-T106999.99,DELTA,52,1250,57,14,1060,yes,49,100
2025-05-20T14:03:25.792626,KXBTCD-25MAY2018-T106999.99,DELTA,52,1250,57,14,1061,no,42,100
2025-05-20T14:03:25.868437,KXBTCD-25MAY2018-T106999.99,DELTA,52,1250,57,14,1062,yes,32,-9
2025-05-20T14:03:26.030167,KXBTCD-25MAY2018-T106999.99,DELTA,52,1250,57,14,1063,yes,49,-100
2025-05-20T14:03:26.447488,KXBTCD-25MAY2018-T106999.99,DELTA,52,1250,57,14,1064,no,42,-100
2025-05-20T14:03:27.227247,KXBTCD-25MAY2018-T106999.99,DELTA,52,1250,57,14,1065,yes,49,100
2025-05-20T14:03:27.530347,KXBTCD-25MAY2018-T106999.99,DELTA,52,1250,57,14,1066,yes,49,-100
2025-05-20T14:03:27.827705,KXBTCD-25MAY2018-T106999.99,DELTA,52,1250,57,14,1067,no,42,100
2025-05-20T14:03:28.067855,KXBTCD-25MAY2018-T106999.99,DELTA,52,1250,57,14,1068,yes,12,-2700
2025-05-20T14:03:28.068501,KXBTCD-25MAY2018-T106999.99,DELTA,52,1250,57,14,1069,yes,4,8100
2025-05-20T14:03:28.127645,KXBTCD-25MAY2018-T106999.99,DELTA,52,1250,57,14,1070,no,12,-2700
2025-05-20T14:03:28.128215,KXBTCD-25MAY2018-T106999.99,DELTA,52,1250,57,14,1071,no,4,8100
2025-05-20T14:03:28.148368,KXBTCD-25MAY2018-T106999.99,DELTA,52,1250,57,14,1072,yes,5,20000
2025-05-20T14:03:28.187008,KXBTCD-25MAY2018-T106999.99,DELTA,52,1250,57,14,1073,no,5,20000
2025-05-20T14:03:28.367036,KXBTCD-25MAY2018-T106999.99,DELTA,52,1250,57,14,1074,yes,50,100
2025-05-20T14:03:29.089087,KXBTCD-25MAY2018-T106999.99,DELTA,52,1250,57,14,1075,yes,49,14
2025-05-20T14:03:29.090158,KXBTCD-25MAY2018-T106999.99,DELTA,52,1250,57,14,1076,yes,47,-14
2025-05-20T14:03:29.090652,KXBTCD-25MAY2018-T106999.99,DELTA,52,1250,58,1300,1077,no,43,-14
2025-05-20T14:03:29.091055,KXBTCD-25MAY2018-T106999.99,DELTA,52,1250,58,1300,1078,no,41,14
2025-05-20T14:03:29.288709,KXBTCD-25MAY2018-T106999.99,DELTA,52,1250,58,1300,1079,yes,4,-8100
2025-05-20T14:03:29.288952,KXBTCD-25MAY2018-T106999.99,DELTA,52,1250,58,1300,1080,yes,6,5400
2025-05-20T14:03:29.328750,KXBTCD-25MAY2018-T106999.99,DELTA,52,1250,58,1300,1081,no,4,-8100
2025-05-20T14:03:29.328956,KXBTCD-25MAY2018-T106999.99,DELTA,52,1250,58,1300,1082,no,6,5400
2025-05-20T14:03:29.347366,KXBTCD-25MAY2018-T106999.99,DELTA,52,1250,58,1300,1083,yes,5,-20000
2025-05-20T14:03:29.388218,KXBTCD-25MAY2018-T106999.99,DELTA,52,1250,58,1300,1084,no,5,-20000
2025-05-20T14:03:29.409618,KXBTCD-25MAY2018-T106999.99,DELTA,52,1250,58,1300,1085,yes,7,20000
2025-05-20T14:03:29.427804,KXBTCD-25MAY2018-T106999.99,DELTA,52,1250,58,1300,1086,no,7,20000
2025-05-20T14:03:30.446959,KXBTCD-25MAY2018-T106999.99,DELTA,52,1250,58,1300,1087,yes,6,-5400
2025-05-20T14:03:30.447809,KXBTCD-25MAY2018-T106999.99,DELTA,52,1250,58,1300,1088,yes,8,4050
