timestamp,market_ticker,type,yes_bid_price_cents,yes_bid_qty,yes_ask_price_cents,yes_ask_qty_on_no_side,sequence_num,delta_side,delta_price_cents,delta_quantity
2025-05-20T13:03:00.935978,KXBTCD-25MAY2017-T106999.99,SNAPSHOT,25,1000,31,1000,1,,,
2025-05-20T13:03:00.946166,KXBTCD-25MAY2017-T106999.99,DELTA,25,1000,31,1000,2,yes,17,-2000
2025-05-20T13:03:00.946810,KXBTCD-25MAY2017-T106999.99,DELTA,25,1000,31,1000,3,yes,17,-1250
2025-05-20T13:03:01.006787,KXBTCD-25MAY2017-T106999.99,DELTA,25,1000,31,1000,4,yes,19,1250
2025-05-20T13:03:01.007047,KXBTCD-25MAY2017-T106999.99,DELTA,25,1000,31,1000,5,yes,19,2000
2025-05-20T13:03:01.046203,KXBTCD-25MAY2017-T106999.99,DELTA,24,30,31,1000,6,yes,25,-1000
2025-05-20T13:03:01.046467,KXBTCD-25MAY2017-T106999.99,DELTA,24,30,31,1000,7,no,41,-2000
2025-05-20T13:03:01.160230,KXBTCD-25MAY2017-T106999.99,DELTA,24,1030,31,1000,8,yes,24,1000
2025-05-20T13:03:01.160984,KXBTCD-25MAY2017-T106999.99,DELTA,24,1030,31,1000,9,no,68,2000
2025-05-20T13:03:01.165188,KXBTCD-25MAY2017-T106999.99,DELTA,24,1030,31,1000,10,no,68,-150
2025-05-20T13:03:01.226745,KXBTCD-25MAY2017-T106999.99,DELTA,24,1030,31,1000,11,no,68,100
2025-05-20T13:03:01.227469,KXBTCD-25MAY2017-T106999.99,DELTA,24,1030,31,1000,12,no,67,50
2025-05-20T13:03:01.227834,KXBTCD-25MAY2017-T106999.99,DELTA,24,1030,31,1000,13,no,68,-2000
2025-05-20T13:03:01.306220,KXBTCD-25MAY2017-T106999.99,DELTA,24,1030,32,100,14,no,69,-1000
2025-05-20T13:03:01.346992,KXBTCD-25MAY2017-T106999.99,DELTA,24,1030,31,1000,15,no,69,1000
2025-05-20T13:03:01.347649,KXBTCD-25MAY2017-T106999.99,DELTA,24,1030,31,1000,16,no,41,2000
2025-05-20T13:03:01.365597,KXBTCD-25MAY2017-T106999.99,DELTA,24,30,31,1000,17,yes,24,-1000
2025-05-20T13:03:01.846595,KXBTCD-25MAY2017-T106999.99,DELTA,25,1000,31,1000,18,yes,25,1000
2025-05-20T13:03:01.928289,KXBTCD-25MAY2017-T106999.99,DELTA,25,1000,31,1000,19,no,68,-100
2025-05-20T13:03:01.966744,KXBTCD-25MAY2017-T106999.99,DELTA,24,30,31,1000,20,yes,25,-1000
2025-05-20T13:03:01.986113,KXBTCD-25MAY2017-T106999.99,DELTA,24,30,33,50,21,no,69,-1000
2025-05-20T13:03:02.026196,KXBTCD-25MAY2017-T106999.99,DELTA,24,1030,33,50,22,yes,24,1000
2025-05-20T13:03:02.026966,KXBTCD-25MAY2017-T106999.99,DELTA,24,1030,32,1000,23,no,68,1000
2025-05-20T13:03:02.215862,KXBTCD-25MAY2017-T106999.99,DELTA,24,1030,32,1000,24,yes,18,-9
2025-05-20T13:03:02.247890,KXBTCD-25MAY2017-T106999.99,DELTA,24,1030,32,1000,25,no,67,-50
2025-05-20T13:03:02.269262,KXBTCD-25MAY2017-T106999.99,DELTA,24,1030,32,1000,26,no,67,200
2025-05-20T13:03:02.311436,KXBTCD-25MAY2017-T106999.99,DELTA,24,1030,33,200,27,no,68,-1000
2025-05-20T13:03:02.346676,KXBTCD-25MAY2017-T106999.99,DELTA,24,1030,33,200,28,no,41,-2000
2025-05-20T13:03:02.348759,KXBTCD-25MAY2017-T106999.99,DELTA,24,1030,32,1000,29,no,68,1000
2025-05-20T13:03:02.388595,KXBTCD-25MAY2017-T106999.99,DELTA,24,1030,32,3000,30,no,68,2000
2025-05-20T13:03:02.733698,KXBTCD-25MAY2017-T106999.99,DELTA,24,1030,32,3000,31,no,66,100
2025-05-20T13:03:03.146559,KXBTCD-25MAY2017-T106999.99,DELTA,24,1030,32,3000,32,no,66,-100
2025-05-20T13:03:04.119459,KXBTCD-25MAY2017-T106999.99,DELTA,24,1030,32,3000,33,no,67,100
2025-05-20T13:03:04.186153,KXBTCD-25MAY2017-T106999.99,DELTA,24,1030,32,3000,34,no,67,1250
2025-05-20T13:03:05.963745,KXBTCD-25MAY2017-T106999.99,DELTA,24,30,32,3000,35,yes,24,-1000
2025-05-20T13:03:05.964840,KXBTCD-25MAY2017-T106999.99,DELTA,24,30,32,1000,36,no,68,-2000
2025-05-20T13:03:05.965498,KXBTCD-25MAY2017-T106999.99,DELTA,24,30,32,1000,37,no,67,-1250
2025-05-20T13:03:05.966015,KXBTCD-25MAY2017-T106999.99,DELTA,24,30,32,1000,38,no,67,2000
2025-05-20T13:03:05.966489,KXBTCD-25MAY2017-T106999.99,DELTA,25,1000,32,1000,39,yes,25,1000
2025-05-20T13:03:05.969210,KXBTCD-25MAY2017-T106999.99,DELTA,25,1000,32,1000,40,no,67,-200
2025-05-20T13:03:05.986802,KXBTCD-25MAY2017-T106999.99,DELTA,25,1000,32,1000,41,no,66,250
2025-05-20T13:03:06.027342,KXBTCD-25MAY2017-T106999.99,DELTA,25,1000,32,1000,42,no,67,-2000
2025-05-20T13:03:06.048533,KXBTCD-25MAY2017-T106999.99,DELTA,25,1000,32,1000,43,no,66,1250
2025-05-20T13:03:06.066073,KXBTCD-25MAY2017-T106999.99,DELTA,25,1000,32,1000,44,no,67,2000
2025-05-20T13:03:06.167609,KXBTCD-25MAY2017-T106999.99,DELTA,25,1000,32,1000,45,yes,18,-500
2025-05-20T13:03:06.186050,KXBTCD-25MAY2017-T106999.99,DELTA,25,1000,32,1000,46,yes,20,500
2025-05-20T13:03:06.226402,KXBTCD-25MAY2017-T106999.99,DELTA,25,1000,32,1000,47,yes,19,-2000
2025-05-20T13:03:06.227098,KXBTCD-25MAY2017-T106999.99,DELTA,25,1000,32,1000,48,yes,19,-1250
2025-05-20T13:03:06.267090,KXBTCD-25MAY2017-T106999.99,DELTA,25,1000,32,1000,49,yes,9,132
2025-05-20T13:03:06.287853,KXBTCD-25MAY2017-T106999.99,DELTA,25,1000,32,1000,50,yes,21,1250
2025-05-20T13:03:06.288436,KXBTCD-25MAY2017-T106999.99,DELTA,25,1000,32,1000,51,yes,21,2000
2025-05-20T13:03:07.566571,KXBTCD-25MAY2017-T106999.99,DELTA,25,1000,32,1000,52,yes,20,-500
2025-05-20T13:03:07.567068,KXBTCD-25MAY2017-T106999.99,DELTA,24,30,32,1000,53,yes,25,-1000
2025-05-20T13:03:07.585886,KXBTCD-25MAY2017-T106999.99,DELTA,24,30,32,1000,54,no,66,-1250
2025-05-20T13:03:07.586486,KXBTCD-25MAY2017-T106999.99,DELTA,24,30,32,1000,55,yes,19,500
2025-05-20T13:03:07.625624,KXBTCD-25MAY2017-T106999.99,DELTA,24,30,32,1000,56,no,67,1250
2025-05-20T13:03:07.626233,KXBTCD-25MAY2017-T106999.99,DELTA,24,1030,32,1000,57,yes,24,1000
2025-05-20T13:03:07.626551,KXBTCD-25MAY2017-T106999.99,DELTA,24,1030,32,1000,58,yes,21,-2000
2025-05-20T13:03:07.647075,KXBTCD-25MAY2017-T106999.99,DELTA,24,1030,32,1000,59,yes,21,-1250
2025-05-20T13:03:07.707979,KXBTCD-25MAY2017-T106999.99,DELTA,24,1030,32,1000,60,yes,20,1250
2025-05-20T13:03:07.708818,KXBTCD-25MAY2017-T106999.99,DELTA,24,1030,32,1000,61,yes,20,2000
2025-05-20T13:03:07.976378,KXBTCD-25MAY2017-T106999.99,DELTA,24,30,32,1000,62,yes,24,-1000
2025-05-20T13:03:07.977338,KXBTCD-25MAY2017-T106999.99,DELTA,24,30,32,1000,63,yes,19,-500
2025-05-20T13:03:07.978064,KXBTCD-25MAY2017-T106999.99,DELTA,24,30,32,1000,64,no,66,-250
2025-05-20T13:03:07.978685,KXBTCD-25MAY2017-T106999.99,DELTA,24,30,32,1000,65,yes,20,1000
2025-05-20T13:03:07.987487,KXBTCD-25MAY2017-T106999.99,DELTA,24,30,32,1000,66,yes,18,500
2025-05-20T13:03:07.988172,KXBTCD-25MAY2017-T106999.99,DELTA,24,30,32,1000,67,yes,20,-2000
2025-05-20T13:03:07.988748,KXBTCD-25MAY2017-T106999.99,DELTA,24,30,32,1000,68,yes,20,-1250
2025-05-20T13:03:07.989460,KXBTCD-25MAY2017-T106999.99,DELTA,24,30,32,1050,69,no,68,50
2025-05-20T13:03:08.006438,KXBTCD-25MAY2017-T106999.99,DELTA,24,30,32,1050,70,no,67,-2000
2025-05-20T13:03:08.006962,KXBTCD-25MAY2017-T106999.99,DELTA,24,30,32,1050,71,no,67,-1250
2025-05-20T13:03:08.025874,KXBTCD-25MAY2017-T106999.99,DELTA,24,30,32,1000,72,no,68,-50
2025-05-20T13:03:08.046571,KXBTCD-25MAY2017-T106999.99,DELTA,24,30,32,1000,73,yes,2,2000
2025-05-20T13:03:08.047711,KXBTCD-25MAY2017-T106999.99,DELTA,24,30,32,1000,74,yes,20,-1000
2025-05-20T13:03:08.065910,KXBTCD-25MAY2017-T106999.99,DELTA,24,30,32,1000,75,yes,1,-32400
2025-05-20T13:03:08.066523,KXBTCD-25MAY2017-T106999.99,DELTA,24,30,32,1000,76,no,15,-2160
2025-05-20T13:03:08.067061,KXBTCD-25MAY2017-T106999.99,DELTA,24,30,32,1000,77,yes,19,1250
2025-05-20T13:03:08.067548,KXBTCD-25MAY2017-T106999.99,DELTA,24,30,32,1200,78,no,68,200
2025-05-20T13:03:08.067972,KXBTCD-25MAY2017-T106999.99,DELTA,24,30,32,1200,79,no,41,2000
2025-05-20T13:03:08.068429,KXBTCD-25MAY2017-T106999.99,DELTA,24,30,32,200,80,no,68,-1000
2025-05-20T13:03:08.086655,KXBTCD-25MAY2017-T106999.99,DELTA,24,30,32,200,81,yes,19,1000
2025-05-20T13:03:08.126016,KXBTCD-25MAY2017-T106999.99,DELTA,24,30,32,1200,82,no,68,1000
2025-05-20T13:03:08.145954,KXBTCD-25MAY2017-T106999.99,DELTA,24,30,32,1200,83,yes,2,-20000
2025-05-20T13:03:08.186420,KXBTCD-25MAY2017-T106999.99,DELTA,24,30,32,1200,84,no,41,-2000
2025-05-20T13:03:08.206860,KXBTCD-25MAY2017-T106999.99,DELTA,24,30,32,200,85,no,68,-1000
2025-05-20T13:03:08.207465,KXBTCD-25MAY2017-T106999.99,DELTA,24,30,32,200,86,no,46,9
2025-05-20T13:03:08.207882,KXBTCD-25MAY2017-T106999.99,DELTA,24,30,32,200,87,yes,20,9
2025-05-20T13:03:08.250890,KXBTCD-25MAY2017-T106999.99,DELTA,24,30,32,200,88,no,67,-100
2025-05-20T13:03:08.252356,KXBTCD-25MAY2017-T106999.99,DELTA,24,30,31,1000,89,no,69,1000
2025-05-20T13:03:08.252870,KXBTCD-25MAY2017-T106999.99,DELTA,24,30,31,1000,90,no,68,2000
2025-05-20T13:03:08.311388,KXBTCD-25MAY2017-T106999.99,DELTA,24,30,31,1000,91,yes,2,-2000
2025-05-20T13:03:08.334971,KXBTCD-25MAY2017-T106999.99,DELTA,24,30,31,1000,92,yes,19,-1000
2025-05-20T13:03:08.367865,KXBTCD-25MAY2017-T106999.99,DELTA,24,1030,31,1000,93,yes,24,1000
2025-05-20T13:03:08.368817,KXBTCD-25MAY2017-T106999.99,DELTA,24,1030,31,1000,94,yes,19,2000
2025-05-20T13:03:08.554997,KXBTCD-25MAY2017-T106999.99,DELTA,24,1030,31,1000,95,yes,18,-500
2025-05-20T13:03:08.556019,KXBTCD-25MAY2017-T106999.99,DELTA,24,1030,31,1000,96,no,68,-200
2025-05-20T13:03:08.579533,KXBTCD-25MAY2017-T106999.99,DELTA,24,1030,31,1000,97,yes,20,500
2025-05-20T13:03:08.597034,KXBTCD-25MAY2017-T106999.99,DELTA,24,1030,31,1000,98,no,66,250
2025-05-20T13:03:08.617588,KXBTCD-25MAY2017-T106999.99,DELTA,24,1030,31,1000,99,yes,19,-2000
2025-05-20T13:03:08.639944,KXBTCD-25MAY2017-T106999.99,DELTA,24,1030,31,1000,100,yes,19,-1250
2025-05-20T13:03:08.640677,KXBTCD-25MAY2017-T106999.99,DELTA,24,1030,31,1000,101,no,68,-2000
2025-05-20T13:03:08.663658,KXBTCD-25MAY2017-T106999.99,DELTA,24,1030,31,1000,102,no,67,1250
2025-05-20T13:03:08.664311,KXBTCD-25MAY2017-T106999.99,DELTA,24,1030,31,1000,103,yes,20,-500
2025-05-20T13:03:08.664760,KXBTCD-25MAY2017-T106999.99,DELTA,24,1030,33,1250,104,no,69,-1000
2025-05-20T13:03:08.677194,KXBTCD-25MAY2017-T106999.99,DELTA,24,1030,33,1250,105,yes,19,500
2025-05-20T13:03:08.712274,KXBTCD-25MAY2017-T106999.99,DELTA,24,1030,33,2250,106,no,67,1000
2025-05-20T13:03:08.712538,KXBTCD-25MAY2017-T106999.99,DELTA,24,30,33,2250,107,yes,24,-1000
2025-05-20T13:03:08.712668,KXBTCD-25MAY2017-T106999.99,DELTA,24,30,33,4250,108,no,67,2000
2025-05-20T13:03:08.732698,KXBTCD-25MAY2017-T106999.99,DELTA,24,30,33,3000,109,no,67,-1250
2025-05-20T13:03:08.732861,KXBTCD-25MAY2017-T106999.99,DELTA,24,30,33,3000,110,yes,20,2000
2025-05-20T13:03:08.732938,KXBTCD-25MAY2017-T106999.99,DELTA,24,30,33,3000,111,yes,20,1250
2025-05-20T13:03:08.813868,KXBTCD-25MAY2017-T106999.99,DELTA,24,30,33,3000,112,no,66,1250
2025-05-20T13:03:08.814071,KXBTCD-25MAY2017-T106999.99,DELTA,25,1000,33,3000,113,yes,25,1000
2025-05-20T13:03:10.074442,KXBTCD-25MAY2017-T106999.99,DELTA,25,1000,33,3100,114,no,67,100
2025-05-20T13:03:10.075242,KXBTCD-25MAY2017-T106999.99,DELTA,25,1000,33,1100,115,no,67,-2000
2025-05-20T13:03:10.075706,KXBTCD-25MAY2017-T106999.99,DELTA,25,1000,33,1100,116,no,66,-1250
2025-05-20T13:03:10.076063,KXBTCD-25MAY2017-T106999.99,DELTA,25,1000,33,100,117,no,67,-1000
2025-05-20T13:03:10.076394,KXBTCD-25MAY2017-T106999.99,DELTA,25,1000,33,100,118,no,66,2000
2025-05-20T13:03:10.076754,KXBTCD-25MAY2017-T106999.99,DELTA,25,1000,32,1000,119,no,68,1000
2025-05-20T13:03:10.271960,KXBTCD-25MAY2017-T106999.99,DELTA,25,1000,32,1000,120,no,66,1250
2025-05-20T13:03:10.272219,KXBTCD-25MAY2017-T106999.99,DELTA,25,1000,32,1000,121,no,66,-2000
2025-05-20T13:03:10.324242,KXBTCD-25MAY2017-T106999.99,DELTA,25,1000,32,1000,122,no,67,2000
2025-05-20T13:03:10.382981,KXBTCD-25MAY2017-T106999.99,DELTA,25,1000,32,1000,123,no,46,-9
2025-05-20T13:03:10.383534,KXBTCD-25MAY2017-T106999.99,DELTA,25,1000,32,1000,124,yes,20,-9
2025-05-20T13:03:10.597930,KXBTCD-25MAY2017-T106999.99,DELTA,25,1000,32,1000,125,no,67,-2000
2025-05-20T13:03:10.598163,KXBTCD-25MAY2017-T106999.99,DELTA,25,1000,32,1000,126,no,66,-1250
2025-05-20T13:03:10.627042,KXBTCD-25MAY2017-T106999.99,DELTA,25,1000,32,1000,127,no,66,2000
2025-05-20T13:03:11.124343,KXBTCD-25MAY2017-T106999.99,DELTA,25,1000,32,1000,128,no,66,1250
2025-05-20T13:03:11.124678,KXBTCD-25MAY2017-T106999.99,DELTA,25,1000,32,1000,129,no,66,-2000
2025-05-20T13:03:11.168293,KXBTCD-25MAY2017-T106999.99,DELTA,25,1000,32,1000,130,no,67,2000
2025-05-20T13:03:11.826399,KXBTCD-25MAY2017-T106999.99,DELTA,24,30,32,1000,131,yes,25,-1000
2025-05-20T13:03:11.826997,KXBTCD-25MAY2017-T106999.99,DELTA,24,30,32,1000,132,yes,19,-500
2025-05-20T13:03:11.846196,KXBTCD-25MAY2017-T106999.99,DELTA,24,30,32,1000,133,no,66,-250
2025-05-20T13:03:11.846865,KXBTCD-25MAY2017-T106999.99,DELTA,24,30,32,1000,134,no,66,-1250
2025-05-20T13:03:11.867065,KXBTCD-25MAY2017-T106999.99,DELTA,24,30,32,1000,135,yes,18,500
2025-05-20T13:03:11.886773,KXBTCD-25MAY2017-T106999.99,DELTA,24,30,32,1150,136,no,68,150
2025-05-20T13:03:11.887345,KXBTCD-25MAY2017-T106999.99,DELTA,24,30,32,1150,137,no,67,1250
2025-05-20T13:03:11.887737,KXBTCD-25MAY2017-T106999.99,DELTA,24,30,32,1150,138,yes,20,-2000
2025-05-20T13:03:11.888104,KXBTCD-25MAY2017-T106999.99,DELTA,24,1030,32,1150,139,yes,24,1000
2025-05-20T13:03:11.906255,KXBTCD-25MAY2017-T106999.99,DELTA,24,1030,32,1150,140,yes,20,-1250
2025-05-20T13:03:11.946304,KXBTCD-25MAY2017-T106999.99,DELTA,24,1030,32,1150,141,no,67,-2000
2025-05-20T13:03:11.946971,KXBTCD-25MAY2017-T106999.99,DELTA,24,1030,32,1150,142,no,67,-1250
2025-05-20T13:03:11.947393,KXBTCD-25MAY2017-T106999.99,DELTA,24,1030,32,1150,143,yes,19,2000
2025-05-20T13:03:11.947737,KXBTCD-25MAY2017-T106999.99,DELTA,24,1030,32,1150,144,yes,19,1250
2025-05-20T13:03:11.987187,KXBTCD-25MAY2017-T106999.99,DELTA,24,1030,32,3150,145,no,68,2000
2025-05-20T13:03:12.005652,KXBTCD-25MAY2017-T106999.99,DELTA,24,30,32,3150,146,yes,24,-1000
2025-05-20T13:03:12.026359,KXBTCD-25MAY2017-T106999.99,DELTA,24,30,32,1150,147,no,68,-2000
2025-05-20T13:03:12.026861,KXBTCD-25MAY2017-T106999.99,DELTA,24,30,32,1150,148,yes,1,32400
2025-05-20T13:03:12.049611,KXBTCD-25MAY2017-T106999.99,DELTA,24,30,32,150,149,no,68,-1000
2025-05-20T13:03:12.050296,KXBTCD-25MAY2017-T106999.99,DELTA,24,30,32,150,150,yes,19,1000
2025-05-20T13:03:12.173277,KXBTCD-25MAY2017-T106999.99,DELTA,24,30,32,150,151,no,15,2160
2025-05-20T13:03:12.173659,KXBTCD-25MAY2017-T106999.99,DELTA,24,30,32,150,152,yes,18,-500
2025-05-20T13:03:12.173937,KXBTCD-25MAY2017-T106999.99,DELTA,24,30,32,150,153,no,14,-8000
2025-05-20T13:03:12.174130,KXBTCD-25MAY2017-T106999.99,DELTA,24,30,32,150,154,no,67,-100
2025-05-20T13:03:12.174342,KXBTCD-25MAY2017-T106999.99,DELTA,24,30,31,1000,155,no,69,1000
2025-05-20T13:03:12.174535,KXBTCD-25MAY2017-T106999.99,DELTA,24,30,31,1000,156,yes,2,20000
2025-05-20T13:03:12.174706,KXBTCD-25MAY2017-T106999.99,DELTA,24,30,31,3000,157,no,69,2000
2025-05-20T13:03:12.174874,KXBTCD-25MAY2017-T106999.99,DELTA,24,30,31,3000,158,yes,16,500
2025-05-20T13:03:12.186180,KXBTCD-25MAY2017-T106999.99,DELTA,24,30,31,3000,159,yes,19,-2000
2025-05-20T13:03:12.186585,KXBTCD-25MAY2017-T106999.99,DELTA,24,30,31,3000,160,no,15,8000
2025-05-20T13:03:12.205847,KXBTCD-25MAY2017-T106999.99,DELTA,24,30,31,3000,161,yes,19,-1000
2025-05-20T13:03:12.206327,KXBTCD-25MAY2017-T106999.99,DELTA,24,30,31,3000,162,no,68,-150
2025-05-20T13:03:12.206568,KXBTCD-25MAY2017-T106999.99,DELTA,24,30,31,3000,163,yes,19,-1250
2025-05-20T13:03:12.265663,KXBTCD-25MAY2017-T106999.99,DELTA,24,30,30,100,164,no,70,100
2025-05-20T13:03:12.286861,KXBTCD-25MAY2017-T106999.99,DELTA,24,30,30,100,165,yes,17,2000
2025-05-20T13:03:12.287341,KXBTCD-25MAY2017-T106999.99,DELTA,24,30,30,100,166,yes,17,1000
2025-05-20T13:03:12.287619,KXBTCD-25MAY2017-T106999.99,DELTA,24,30,30,100,167,yes,17,1250
2025-05-20T13:03:12.287853,KXBTCD-25MAY2017-T106999.99,DELTA,24,30,30,100,168,no,69,-2000
2025-05-20T13:03:12.310084,KXBTCD-25MAY2017-T106999.99,DELTA,24,30,30,100,169,no,69,-1000
2025-05-20T13:03:12.345792,KXBTCD-25MAY2017-T106999.99,DELTA,24,30,30,100,170,no,41,2000
2025-05-20T13:03:12.346601,KXBTCD-25MAY2017-T106999.99,DELTA,24,30,29,1000,171,no,71,1000
2025-05-20T13:03:12.385606,KXBTCD-25MAY2017-T106999.99,DELTA,24,30,29,1000,172,yes,17,9
2025-05-20T13:03:12.927471,KXBTCD-25MAY2017-T106999.99,DELTA,24,30,29,1000,173,no,15,-2160
2025-05-20T13:03:12.928304,KXBTCD-25MAY2017-T106999.99,DELTA,24,30,29,1000,174,no,16,2025
2025-05-20T13:03:13.222518,KXBTCD-25MAY2017-T106999.99,DELTA,24,30,29,1000,175,no,69,100
2025-05-20T13:03:14.485601,KXBTCD-25MAY2017-T106999.99,DELTA,24,30,29,1000,176,no,69,-100
2025-05-20T13:03:14.606490,KXBTCD-25MAY2017-T106999.99,DELTA,24,30,29,1000,177,yes,17,-9
2025-05-20T13:03:14.607769,KXBTCD-25MAY2017-T106999.99,DELTA,24,30,29,1000,178,yes,18,9
2025-05-20T13:03:14.646580,KXBTCD-25MAY2017-T106999.99,DELTA,24,30,29,1000,179,no,70,-100
2025-05-20T13:03:14.686497,KXBTCD-25MAY2017-T106999.99,DELTA,24,30,29,1000,180,no,69,200
2025-05-20T13:03:14.794338,KXBTCD-25MAY2017-T106999.99,DELTA,24,30,31,200,181,no,71,-1000
2025-05-20T13:03:14.795198,KXBTCD-25MAY2017-T106999.99,DELTA,24,30,30,1000,182,no,70,1000
2025-05-20T13:03:14.795555,KXBTCD-25MAY2017-T106999.99,DELTA,24,30,30,1000,183,no,41,-2000
2025-05-20T13:03:14.795884,KXBTCD-25MAY2017-T106999.99,DELTA,24,30,30,1000,184,no,69,2000
2025-05-20T13:03:14.968732,KXBTCD-25MAY2017-T106999.99,DELTA,24,30,30,1000,185,no,69,-200
2025-05-20T13:03:14.985527,KXBTCD-25MAY2017-T106999.99,DELTA,24,30,30,1000,186,no,68,300
2025-05-20T13:03:15.067631,KXBTCD-25MAY2017-T106999.99,DELTA,24,30,30,1000,187,no,69,-2000
2025-05-20T13:03:15.068710,KXBTCD-25MAY2017-T106999.99,DELTA,24,30,32,300,188,no,70,-1000
2025-05-20T13:03:15.069254,KXBTCD-25MAY2017-T106999.99,DELTA,24,30,32,1550,189,no,68,1250
2025-05-20T13:03:15.085542,KXBTCD-25MAY2017-T106999.99,DELTA,24,30,32,1550,190,yes,17,-1000
2025-05-20T13:03:15.106396,KXBTCD-25MAY2017-T106999.99,DELTA,24,30,32,3550,191,no,68,2000
2025-05-20T13:03:15.107020,KXBTCD-25MAY2017-T106999.99,DELTA,24,30,32,2300,192,no,68,-1250
2025-05-20T13:03:15.107530,KXBTCD-25MAY2017-T106999.99,DELTA,24,30,31,1000,193,no,69,1000
2025-05-20T13:03:15.145494,KXBTCD-25MAY2017-T106999.99,DELTA,24,1030,31,1000,194,yes,24,1000
2025-05-20T13:03:15.145820,KXBTCD-25MAY2017-T106999.99,DELTA,24,1030,31,1000,195,no,68,1250
2025-05-20T13:03:15.187036,KXBTCD-25MAY2017-T106999.99,DELTA,24,1030,31,1000,196,no,68,-1250
2025-05-20T13:03:15.328639,KXBTCD-25MAY2017-T106999.99,DELTA,24,1030,31,1100,197,no,69,100
2025-05-20T13:03:15.406602,KXBTCD-25MAY2017-T106999.99,DELTA,24,1030,31,100,198,no,69,-1000
2025-05-20T13:03:15.446113,KXBTCD-25MAY2017-T106999.99,DELTA,24,1030,30,1000,199,no,70,1000
2025-05-20T13:03:15.851847,KXBTCD-25MAY2017-T106999.99,DELTA,24,1030,30,1000,200,no,68,1250
2025-05-20T13:03:16.086029,KXBTCD-25MAY2017-T106999.99,DELTA,24,1030,30,1000,201,no,68,-300
2025-05-20T13:03:16.106201,KXBTCD-25MAY2017-T106999.99,DELTA,24,1030,30,1050,202,no,70,50
2025-05-20T13:03:16.146772,KXBTCD-25MAY2017-T106999.99,DELTA,24,1030,30,1050,203,no,68,-2000
2025-05-20T13:03:16.165778,KXBTCD-25MAY2017-T106999.99,DELTA,24,1030,30,1050,204,no,68,-1250
2025-05-20T13:03:16.205084,KXBTCD-25MAY2017-T106999.99,DELTA,24,1030,30,1050,205,no,41,2000
2025-05-20T13:03:16.205976,KXBTCD-25MAY2017-T106999.99,DELTA,24,1030,30,50,206,no,70,-1000
2025-05-20T13:03:16.250200,KXBTCD-25MAY2017-T106999.99,DELTA,24,1030,29,1000,207,no,71,1000
2025-05-20T13:03:16.446122,KXBTCD-25MAY2017-T106999.99,DELTA,24,1030,29,1000,208,no,69,-100
2025-05-20T13:03:16.587042,KXBTCD-25MAY2017-T106999.99,DELTA,24,30,29,1000,209,yes,24,-1000
2025-05-20T13:03:16.646541,KXBTCD-25MAY2017-T106999.99,DELTA,24,30,29,1000,210,yes,17,1000
2025-05-20T13:03:17.486329,KXBTCD-25MAY2017-T106999.99,DELTA,24,30,29,1000,211,no,70,-50
2025-05-20T13:03:17.507391,KXBTCD-25MAY2017-T106999.99,DELTA,24,30,29,1000,212,no,69,150
2025-05-20T13:03:17.546607,KXBTCD-25MAY2017-T106999.99,DELTA,24,30,31,150,213,no,71,-1000
2025-05-20T13:03:17.547007,KXBTCD-25MAY2017-T106999.99,DELTA,24,30,30,100,214,no,70,100
2025-05-20T13:03:17.587186,KXBTCD-25MAY2017-T106999.99,DELTA,24,30,30,100,215,yes,17,-1000
2025-05-20T13:03:17.587651,KXBTCD-25MAY2017-T106999.99,DELTA,24,30,30,1100,216,no,70,1000
2025-05-20T13:03:17.607546,KXBTCD-25MAY2017-T106999.99,DELTA,24,30,30,1100,217,no,41,-2000
2025-05-20T13:03:17.646268,KXBTCD-25MAY2017-T106999.99,DELTA,24,30,30,100,218,no,70,-1000
2025-05-20T13:03:17.647141,KXBTCD-25MAY2017-T106999.99,DELTA,24,1030,30,100,219,yes,24,1000
2025-05-20T13:03:17.647454,KXBTCD-25MAY2017-T106999.99,DELTA,24,1030,30,100,220,no,41,2000
2025-05-20T13:03:17.710179,KXBTCD-25MAY2017-T106999.99,DELTA,24,1030,29,1000,221,no,71,1000
2025-05-20T13:03:17.710745,KXBTCD-25MAY2017-T106999.99,DELTA,24,30,29,1000,222,yes,24,-1000
2025-05-20T13:03:17.727690,KXBTCD-25MAY2017-T106999.99,DELTA,24,30,29,1000,223,no,41,-2000
2025-05-20T13:03:17.786700,KXBTCD-25MAY2017-T106999.99,DELTA,24,30,29,1000,224,yes,17,1000
2025-05-20T13:03:17.787319,KXBTCD-25MAY2017-T106999.99,DELTA,24,30,29,1000,225,no,69,2000
2025-05-20T13:03:18.486843,KXBTCD-25MAY2017-T106999.99,DELTA,24,30,29,1000,226,no,70,-100
2025-05-20T13:03:18.546517,KXBTCD-25MAY2017-T106999.99,DELTA,24,30,31,2150,227,no,71,-1000
2025-05-20T13:03:18.666581,KXBTCD-25MAY2017-T106999.99,DELTA,24,30,30,1000,228,no,70,1000
2025-05-20T13:03:19.513380,KXBTCD-25MAY2017-T106999.99,DELTA,24,30,30,1100,229,no,70,100
2025-05-20T13:03:19.565922,KXBTCD-25MAY2017-T106999.99,DELTA,24,30,30,100,230,no,70,-1000
2025-05-20T13:03:19.606642,KXBTCD-25MAY2017-T106999.99,DELTA,24,30,29,1000,231,no,71,1000
2025-05-20T13:03:20.578675,KXBTCD-25MAY2017-T106999.99,DELTA,24,30,29,1000,232,yes,16,-500
2025-05-20T13:03:20.578908,KXBTCD-25MAY2017-T106999.99,DELTA,24,30,29,1000,233,no,69,-150
2025-05-20T13:03:20.641978,KXBTCD-25MAY2017-T106999.99,DELTA,24,30,29,1000,234,yes,17,-2000
2025-05-20T13:03:20.642165,KXBTCD-25MAY2017-T106999.99,DELTA,24,30,29,1000,235,yes,17,-1000
2025-05-20T13:03:20.654483,KXBTCD-25MAY2017-T106999.99,DELTA,24,30,29,1000,236,yes,17,-1250
2025-05-20T13:03:20.698397,KXBTCD-25MAY2017-T106999.99,DELTA,24,30,29,1000,237,no,69,-2000
2025-05-20T13:03:20.716230,KXBTCD-25MAY2017-T106999.99,DELTA,24,30,29,1000,238,yes,13,500
2025-05-20T13:03:20.716581,KXBTCD-25MAY2017-T106999.99,DELTA,24,30,28,300,239,no,72,300
2025-05-20T13:03:20.753310,KXBTCD-25MAY2017-T106999.99,DELTA,24,30,28,300,240,yes,10,1000
2025-05-20T13:03:20.753579,KXBTCD-25MAY2017-T106999.99,DELTA,24,30,28,300,241,no,41,2000
2025-05-20T13:03:20.753719,KXBTCD-25MAY2017-T106999.99,DELTA,24,30,28,300,242,yes,2,2000
2025-05-20T13:03:20.769967,KXBTCD-25MAY2017-T106999.99,DELTA,24,30,28,300,243,yes,14,1250
2025-05-20T13:03:20.809356,KXBTCD-25MAY2017-T106999.99,DELTA,24,30,28,300,244,yes,18,-9
2025-05-20T13:03:20.809815,KXBTCD-25MAY2017-T106999.99,DELTA,24,30,28,300,245,yes,10,9
2025-05-20T13:03:20.810155,KXBTCD-25MAY2017-T106999.99,DELTA,24,30,28,300,246,no,71,-1000
2025-05-20T13:03:20.848069,KXBTCD-25MAY2017-T106999.99,DELTA,24,30,28,300,247,yes,2,-2000
2025-05-20T13:03:20.866075,KXBTCD-25MAY2017-T106999.99,DELTA,24,30,28,1300,248,no,72,1000
2025-05-20T13:03:20.905963,KXBTCD-25MAY2017-T106999.99,DELTA,24,30,28,1300,249,yes,10,-1000
2025-05-20T13:03:20.951727,KXBTCD-25MAY2017-T106999.99,DELTA,24,30,28,1300,250,yes,14,2000
2025-05-20T13:03:20.969076,KXBTCD-25MAY2017-T106999.99,DELTA,24,30,28,1300,251,yes,14,1000
2025-05-20T13:03:21.612007,KXBTCD-25MAY2017-T106999.99,DELTA,24,30,28,1300,252,yes,1,-32400
2025-05-20T13:03:21.613468,KXBTCD-25MAY2017-T106999.99,DELTA,24,30,28,1300,253,yes,2,16200
2025-05-20T13:03:21.614618,KXBTCD-25MAY2017-T106999.99,DELTA,24,30,28,300,254,no,72,-1000
2025-05-20T13:03:21.615477,KXBTCD-25MAY2017-T106999.99,DELTA,24,30,28,300,255,yes,19,14
2025-05-20T13:03:21.616186,KXBTCD-25MAY2017-T106999.99,DELTA,24,30,28,300,256,yes,21,-14
2025-05-20T13:03:21.616743,KXBTCD-25MAY2017-T106999.99,DELTA,24,30,28,300,257,no,66,-14
2025-05-20T13:03:21.617247,KXBTCD-25MAY2017-T106999.99,DELTA,24,30,28,300,258,no,68,14
2025-05-20T13:03:21.617963,KXBTCD-25MAY2017-T106999.99,DELTA,24,30,28,300,259,no,15,-8000
2025-05-20T13:03:21.626544,KXBTCD-25MAY2017-T106999.99,DELTA,24,30,27,1000,260,no,73,1000
2025-05-20T13:03:21.649319,KXBTCD-25MAY2017-T106999.99,DELTA,24,30,27,1000,261,yes,2,-20000
2025-05-20T13:03:21.649770,KXBTCD-25MAY2017-T106999.99,DELTA,24,30,27,1000,262,no,16,8000
2025-05-20T13:03:21.707123,KXBTCD-25MAY2017-T106999.99,DELTA,24,30,27,1000,263,yes,3,20000
2025-05-20T13:03:22.326160,KXBTCD-25MAY2017-T106999.99,DELTA,24,30,27,1000,264,no,70,-100
2025-05-20T13:03:22.406113,KXBTCD-25MAY2017-T106999.99,DELTA,24,30,27,1000,265,yes,2,-16200
2025-05-20T13:03:22.406537,KXBTCD-25MAY2017-T106999.99,DELTA,24,30,27,1000,266,yes,1,32400
2025-05-20T13:03:22.464602,KXBTCD-25MAY2017-T106999.99,DELTA,24,30,27,1000,267,no,16,-2025
2025-05-20T13:03:22.464859,KXBTCD-25MAY2017-T106999.99,DELTA,24,30,27,1000,268,no,17,1905
2025-05-20T13:03:22.465109,KXBTCD-25MAY2017-T106999.99,DELTA,24,30,27,1000,269,yes,3,-20000
2025-05-20T13:03:22.525042,KXBTCD-25MAY2017-T106999.99,DELTA,24,30,27,1000,270,yes,2,20000
2025-05-20T13:03:22.658366,KXBTCD-25MAY2017-T106999.99,DELTA,24,30,27,1000,271,yes,22,30
2025-05-20T13:03:22.658654,KXBTCD-25MAY2017-T106999.99,DELTA,24,30,27,1000,272,no,66,30
2025-05-20T13:03:22.658944,KXBTCD-25MAY2017-T106999.99,DELTA,22,30,27,1000,273,yes,24,-30
2025-05-20T13:03:22.659082,KXBTCD-25MAY2017-T106999.99,DELTA,22,30,27,1000,274,no,64,-30
2025-05-20T13:03:22.686530,KXBTCD-25MAY2017-T106999.99,DELTA,22,30,27,1000,275,yes,14,-1000
2025-05-20T13:03:22.749065,KXBTCD-25MAY2017-T106999.99,DELTA,22,30,27,1000,276,yes,14,1000
2025-05-20T13:03:22.867565,KXBTCD-25MAY2017-T106999.99,DELTA,22,30,27,1000,277,yes,15,9
2025-05-20T13:03:22.868477,KXBTCD-25MAY2017-T106999.99,DELTA,22,30,27,1000,278,yes,10,-9
2025-05-20T13:03:22.968852,KXBTCD-25MAY2017-T106999.99,DELTA,22,30,27,1000,279,no,16,-8000
2025-05-20T13:03:23.006961,KXBTCD-25MAY2017-T106999.99,DELTA,22,30,27,1000,280,no,18,8000
2025-05-20T13:03:23.026584,KXBTCD-25MAY2017-T106999.99,DELTA,22,30,27,1000,281,yes,13,-500
2025-05-20T13:03:23.045801,KXBTCD-25MAY2017-T106999.99,DELTA,22,30,27,1000,282,no,72,-300
2025-05-20T13:03:23.066597,KXBTCD-25MAY2017-T106999.99,DELTA,22,30,27,1000,283,yes,12,500
2025-05-20T13:03:23.086637,KXBTCD-25MAY2017-T106999.99,DELTA,22,30,26,50,284,no,74,50
2025-05-20T13:03:23.087286,KXBTCD-25MAY2017-T106999.99,DELTA,22,30,26,50,285,yes,14,-2000
2025-05-20T13:03:23.198011,KXBTCD-25MAY2017-T106999.99,DELTA,22,30,26,50,286,yes,14,-1000
2025-05-20T13:03:23.198864,KXBTCD-25MAY2017-T106999.99,DELTA,22,30,26,50,287,no,73,-1000
2025-05-20T13:03:23.199405,KXBTCD-25MAY2017-T106999.99,DELTA,22,30,26,50,288,yes,14,-1250
2025-05-20T13:03:23.199698,KXBTCD-25MAY2017-T106999.99,DELTA,22,30,32,14,289,no,74,-50
2025-05-20T13:03:23.199934,KXBTCD-25MAY2017-T106999.99,DELTA,22,30,32,14,290,no,67,1000
2025-05-20T13:03:23.200162,KXBTCD-25MAY2017-T106999.99,DELTA,22,30,32,14,291,yes,13,2000
2025-05-20T13:03:23.200369,KXBTCD-25MAY2017-T106999.99,DELTA,22,30,32,14,292,yes,13,1000
2025-05-20T13:03:23.200566,KXBTCD-25MAY2017-T106999.99,DELTA,22,30,32,14,293,yes,13,1250
2025-05-20T13:03:23.200760,KXBTCD-25MAY2017-T106999.99,DELTA,22,30,32,14,294,yes,12,-500
2025-05-20T13:03:23.200955,KXBTCD-25MAY2017-T106999.99,DELTA,22,30,29,100,295,no,71,100
2025-05-20T13:03:23.317888,KXBTCD-25MAY2017-T106999.99,DELTA,22,30,29,100,296,yes,13,-2000
2025-05-20T13:03:23.318178,KXBTCD-25MAY2017-T106999.99,DELTA,22,30,29,100,297,yes,11,500
2025-05-20T13:03:23.318323,KXBTCD-25MAY2017-T106999.99,DELTA,22,30,29,100,298,yes,13,-1000
2025-05-20T13:03:23.318417,KXBTCD-25MAY2017-T106999.99,DELTA,22,30,25,50,299,no,75,50
2025-05-20T13:03:23.334060,KXBTCD-25MAY2017-T106999.99,DELTA,22,30,25,50,300,yes,13,-1250
2025-05-20T13:03:23.334241,KXBTCD-25MAY2017-T106999.99,DELTA,22,30,25,50,301,no,71,-100
2025-05-20T13:03:23.334320,KXBTCD-25MAY2017-T106999.99,DELTA,22,30,25,50,302,no,67,-1000
2025-05-20T13:03:23.397978,KXBTCD-25MAY2017-T106999.99,DELTA,22,30,25,50,303,yes,12,1000
2025-05-20T13:03:23.398186,KXBTCD-25MAY2017-T106999.99,DELTA,22,30,25,50,304,no,72,1000
2025-05-20T13:03:23.398296,KXBTCD-25MAY2017-T106999.99,DELTA,22,30,25,50,305,yes,12,1250
2025-05-20T13:03:23.398392,KXBTCD-25MAY2017-T106999.99,DELTA,22,30,25,50,306,yes,12,2000
2025-05-20T13:03:23.433068,KXBTCD-25MAY2017-T106999.99,DELTA,22,30,25,50,307,yes,1,-32400
2025-05-20T13:03:23.451269,KXBTCD-25MAY2017-T106999.99,DELTA,22,30,25,50,308,no,72,-1000
2025-05-20T13:03:23.486289,KXBTCD-25MAY2017-T106999.99,DELTA,22,30,25,50,309,no,17,-1905
2025-05-20T13:03:23.487016,KXBTCD-25MAY2017-T106999.99,DELTA,22,30,25,50,310,no,19,1705
2025-05-20T13:03:23.487499,KXBTCD-25MAY2017-T106999.99,DELTA,22,30,25,50,311,yes,2,-20000
2025-05-20T13:03:23.487924,KXBTCD-25MAY2017-T106999.99,DELTA,22,30,25,50,312,no,67,1000
2025-05-20T13:03:23.707995,KXBTCD-25MAY2017-T106999.99,DELTA,22,30,25,50,313,no,45,-3000
2025-05-20T13:03:23.708907,KXBTCD-25MAY2017-T106999.99,DELTA,22,30,25,50,314,no,67,-1000
2025-05-20T13:03:23.709530,KXBTCD-25MAY2017-T106999.99,DELTA,22,30,32,14,315,no,75,-50
2025-05-20T13:03:23.710052,KXBTCD-25MAY2017-T106999.99,DELTA,22,30,32,14,316,yes,19,-14
2025-05-20T13:03:23.710521,KXBTCD-25MAY2017-T106999.99,DELTA,22,30,32,14,317,yes,18,14
2025-05-20T13:03:23.710781,KXBTCD-25MAY2017-T106999.99,DELTA,22,30,34,30,318,no,68,-14
2025-05-20T13:03:23.711047,KXBTCD-25MAY2017-T106999.99,DELTA,22,30,30,14,319,no,70,14
2025-05-20T13:03:23.711283,KXBTCD-25MAY2017-T106999.99,DELTA,22,30,25,1000,320,no,75,1000
2025-05-20T13:03:23.711503,KXBTCD-25MAY2017-T106999.99,DELTA,22,30,25,1000,321,no,58,3000
2025-05-20T13:03:23.768325,KXBTCD-25MAY2017-T106999.99,DELTA,22,30,30,14,322,no,75,-1000
2025-05-20T13:03:23.769537,KXBTCD-25MAY2017-T106999.99,DELTA,22,30,25,150,323,no,75,150
2025-05-20T13:03:23.816298,KXBTCD-25MAY2017-T106999.99,DELTA,22,30,25,150,324,no,67,1000
2025-05-20T13:03:23.874703,KXBTCD-25MAY2017-T106999.99,DELTA,22,30,25,150,325,no,67,-1000
2025-05-20T13:03:23.918865,KXBTCD-25MAY2017-T106999.99,DELTA,22,30,25,1150,326,no,75,1000
2025-05-20T13:03:24.075405,KXBTCD-25MAY2017-T106999.99,DELTA,22,30,25,1000,327,no,75,-150
2025-05-20T13:03:24.094285,KXBTCD-25MAY2017-T106999.99,DELTA,22,30,25,1000,328,no,74,350
2025-05-20T13:03:24.140734,KXBTCD-25MAY2017-T106999.99,DELTA,22,30,26,350,329,no,75,-1000
2025-05-20T13:03:24.233144,KXBTCD-25MAY2017-T106999.99,DELTA,22,30,25,1000,330,no,75,1000
2025-05-20T13:03:24.406164,KXBTCD-25MAY2017-T106999.99,DELTA,22,30,25,1000,331,no,72,100
2025-05-20T13:03:24.906556,KXBTCD-25MAY2017-T106999.99,DELTA,22,30,25,1000,332,no,72,-100
2025-05-20T13:03:25.106392,KXBTCD-25MAY2017-T106999.99,DELTA,22,30,25,1000,333,yes,13,9
2025-05-20T13:03:25.107175,KXBTCD-25MAY2017-T106999.99,DELTA,22,30,25,1000,334,yes,15,-9
2025-05-20T13:03:25.278471,KXBTCD-25MAY2017-T106999.99,DELTA,22,30,26,350,335,no,75,-1000
2025-05-20T13:03:25.412207,KXBTCD-25MAY2017-T106999.99,DELTA,22,30,26,1350,336,no,74,1000
2025-05-20T13:03:25.586578,KXBTCD-25MAY2017-T106999.99,DELTA,22,30,26,350,337,no,74,-1000
2025-05-20T13:03:25.685502,KXBTCD-25MAY2017-T106999.99,DELTA,22,30,25,1000,338,no,75,1000
2025-05-20T13:03:25.807076,KXBTCD-25MAY2017-T106999.99,DELTA,22,30,25,1000,339,yes,11,-500
2025-05-20T13:03:25.886278,KXBTCD-25MAY2017-T106999.99,DELTA,22,30,25,1000,340,no,74,-350
2025-05-20T13:03:25.986807,KXBTCD-25MAY2017-T106999.99,DELTA,22,30,25,1000,341,yes,7,-3000
2025-05-20T13:03:25.987896,KXBTCD-25MAY2017-T106999.99,DELTA,22,30,25,1000,342,yes,10,500
2025-05-20T13:03:26.005563,KXBTCD-25MAY2017-T106999.99,DELTA,22,30,25,1000,343,yes,12,-2000
2025-05-20T13:03:26.007189,KXBTCD-25MAY2017-T106999.99,DELTA,22,30,30,14,344,no,75,-1000
2025-05-20T13:03:26.007967,KXBTCD-25MAY2017-T106999.99,DELTA,22,30,30,14,345,no,18,-8000
2025-05-20T13:03:26.008585,KXBTCD-25MAY2017-T106999.99,DELTA,22,30,24,50,346,no,76,50
2025-05-20T13:03:26.108378,KXBTCD-25MAY2017-T106999.99,DELTA,22,30,24,50,347,yes,12,-1000
2025-05-20T13:03:26.109317,KXBTCD-25MAY2017-T106999.99,DELTA,18,14,24,50,348,yes,22,-30
2025-05-20T13:03:26.110081,KXBTCD-25MAY2017-T106999.99,DELTA,21,30,24,50,349,yes,21,30
2025-05-20T13:03:26.185615,KXBTCD-25MAY2017-T106999.99,DELTA,21,30,24,50,350,no,66,-30
2025-05-20T13:03:26.186295,KXBTCD-25MAY2017-T106999.99,DELTA,21,30,24,50,351,yes,12,-1250
2025-05-20T13:03:26.186982,KXBTCD-25MAY2017-T106999.99,DELTA,21,30,24,50,352,no,67,30
2025-05-20T13:03:26.329529,KXBTCD-25MAY2017-T106999.99,DELTA,21,30,24,1050,353,no,76,1000
2025-05-20T13:03:26.330570,KXBTCD-25MAY2017-T106999.99,DELTA,21,30,24,1050,354,yes,3,3000
2025-05-20T13:03:26.331374,KXBTCD-25MAY2017-T106999.99,DELTA,21,30,24,1050,355,no,23,8000
2025-05-20T13:03:26.406151,KXBTCD-25MAY2017-T106999.99,DELTA,21,30,24,1050,356,yes,11,1000
2025-05-20T13:03:26.406528,KXBTCD-25MAY2017-T106999.99,DELTA,21,30,24,1050,357,no,73,100
2025-05-20T13:03:26.406823,KXBTCD-25MAY2017-T106999.99,DELTA,21,30,24,1050,358,yes,11,2000
2025-05-20T13:03:26.407078,KXBTCD-25MAY2017-T106999.99,DELTA,21,30,24,1000,359,no,76,-50
2025-05-20T13:03:26.407233,KXBTCD-25MAY2017-T106999.99,DELTA,21,30,24,1000,360,yes,11,1250
2025-05-20T13:03:26.685111,KXBTCD-25MAY2017-T106999.99,DELTA,21,30,27,100,361,no,76,-1000
2025-05-20T13:03:26.686177,KXBTCD-25MAY2017-T106999.99,DELTA,21,30,24,100,362,no,76,100
2025-05-20T13:03:26.705192,KXBTCD-25MAY2017-T106999.99,DELTA,21,30,24,100,363,no,73,-100
2025-05-20T13:03:26.888027,KXBTCD-25MAY2017-T106999.99,DELTA,21,30,24,100,364,no,74,1000
2025-05-20T13:03:27.006881,KXBTCD-25MAY2017-T106999.99,DELTA,21,30,24,100,365,no,74,-1000
2025-05-20T13:03:27.109217,KXBTCD-25MAY2017-T106999.99,DELTA,21,30,24,1100,366,no,76,1000
2025-05-20T13:03:27.206606,KXBTCD-25MAY2017-T106999.99,DELTA,21,30,24,1100,367,yes,12,9
2025-05-20T13:03:27.207535,KXBTCD-25MAY2017-T106999.99,DELTA,21,30,24,1000,368,no,76,-100
2025-05-20T13:03:27.207997,KXBTCD-25MAY2017-T106999.99,DELTA,21,30,24,1000,369,no,71,9
2025-05-20T13:03:27.208379,KXBTCD-25MAY2017-T106999.99,DELTA,21,30,24,1000,370,yes,13,-9
2025-05-20T13:03:27.226826,KXBTCD-25MAY2017-T106999.99,DELTA,21,30,24,1000,371,no,75,250
2025-05-20T13:03:27.246710,KXBTCD-25MAY2017-T106999.99,DELTA,21,30,25,250,372,no,76,-1000
2025-05-20T13:03:27.286620,KXBTCD-25MAY2017-T106999.99,DELTA,21,30,25,1250,373,no,75,1000
2025-05-20T13:03:27.967799,KXBTCD-25MAY2017-T106999.99,DELTA,21,30,25,1250,374,no,19,-1705
2025-05-20T13:03:27.968234,KXBTCD-25MAY2017-T106999.99,DELTA,21,30,25,1250,375,no,4,8100
2025-05-20T13:03:27.968679,KXBTCD-25MAY2017-T106999.99,DELTA,21,30,25,1250,376,no,5,20000
2025-05-20T13:03:27.968843,KXBTCD-25MAY2017-T106999.99,DELTA,21,30,25,1250,377,no,73,100
2025-05-20T13:03:29.327891,KXBTCD-25MAY2017-T106999.99,DELTA,21,30,25,1250,378,yes,10,-500
2025-05-20T13:03:29.347177,KXBTCD-25MAY2017-T106999.99,DELTA,21,30,25,1000,379,no,75,-250
2025-05-20T13:03:29.474592,KXBTCD-25MAY2017-T106999.99,DELTA,21,30,25,1000,380,yes,11,-2000
2025-05-20T13:03:29.474945,KXBTCD-25MAY2017-T106999.99,DELTA,21,30,25,1000,381,yes,12,500
2025-05-20T13:03:29.475082,KXBTCD-25MAY2017-T106999.99,DELTA,21,30,25,1000,382,no,74,200
2025-05-20T13:03:29.475185,KXBTCD-25MAY2017-T106999.99,DELTA,21,30,25,1000,383,yes,11,-1000
2025-05-20T13:03:29.475275,KXBTCD-25MAY2017-T106999.99,DELTA,21,30,26,200,384,no,75,-1000
2025-05-20T13:03:29.475356,KXBTCD-25MAY2017-T106999.99,DELTA,21,30,26,200,385,yes,11,-1250
2025-05-20T13:03:29.475434,KXBTCD-25MAY2017-T106999.99,DELTA,21,30,26,200,386,yes,12,-500
2025-05-20T13:03:29.475514,KXBTCD-25MAY2017-T106999.99,DELTA,21,30,26,200,387,no,71,-9
2025-05-20T13:03:29.475597,KXBTCD-25MAY2017-T106999.99,DELTA,21,30,26,1200,388,no,74,1000
2025-05-20T13:03:29.475673,KXBTCD-25MAY2017-T106999.99,DELTA,21,30,26,1200,389,yes,11,500
2025-05-20T13:03:29.475750,KXBTCD-25MAY2017-T106999.99,DELTA,21,30,26,1200,390,yes,13,1250
2025-05-20T13:03:29.475826,KXBTCD-25MAY2017-T106999.99,DELTA,21,30,26,1200,391,yes,13,2000
2025-05-20T13:03:29.475899,KXBTCD-25MAY2017-T106999.99,DELTA,21,30,26,1200,392,yes,13,1000
2025-05-20T13:03:29.475977,KXBTCD-25MAY2017-T106999.99,DELTA,21,30,26,200,393,no,74,-1000
2025-05-20T13:03:29.504934,KXBTCD-25MAY2017-T106999.99,DELTA,21,30,26,200,394,yes,13,-2000
2025-05-20T13:03:29.505119,KXBTCD-25MAY2017-T106999.99,DELTA,21,30,26,200,395,yes,13,-1000
2025-05-20T13:03:29.505210,KXBTCD-25MAY2017-T106999.99,DELTA,21,30,25,1000,396,no,75,1000
2025-05-20T13:03:29.524953,KXBTCD-25MAY2017-T106999.99,DELTA,21,30,25,1000,397,yes,13,-1250
2025-05-20T13:03:29.585459,KXBTCD-25MAY2017-T106999.99,DELTA,21,30,25,1000,398,no,4,-8100
2025-05-20T13:03:29.585736,KXBTCD-25MAY2017-T106999.99,DELTA,21,30,25,1000,399,no,6,5400
2025-05-20T13:03:29.585841,KXBTCD-25MAY2017-T106999.99,DELTA,21,30,25,1000,400,yes,12,1250
2025-05-20T13:03:29.585922,KXBTCD-25MAY2017-T106999.99,DELTA,21,30,25,1000,401,yes,12,2000
2025-05-20T13:03:29.585993,KXBTCD-25MAY2017-T106999.99,DELTA,21,30,25,1000,402,yes,12,1000
2025-05-20T13:03:29.626044,KXBTCD-25MAY2017-T106999.99,DELTA,21,30,25,1000,403,no,5,-20000
2025-05-20T13:03:29.666063,KXBTCD-25MAY2017-T106999.99,DELTA,21,30,25,1000,404,no,7,20000
2025-05-20T13:03:30.521308,KXBTCD-25MAY2017-T106999.99,DELTA,21,30,25,1000,405,no,6,-5400
2025-05-20T13:03:30.521520,KXBTCD-25MAY2017-T106999.99,DELTA,21,30,25,1000,406,no,8,4050
2025-05-20T13:03:30.566292,KXBTCD-25MAY2017-T106999.99,DELTA,21,30,25,1000,407,no,7,-20000
2025-05-20T13:03:30.606678,KXBTCD-25MAY2017-T106999.99,DELTA,21,30,25,1000,408,no,9,20000
2025-05-20T13:03:31.426380,KXBTCD-25MAY2017-T106999.99,DELTA,21,30,25,1000,409,no,8,-4050
2025-05-20T13:03:31.426799,KXBTCD-25MAY2017-T106999.99,DELTA,21,30,25,1000,410,no,10,3240
2025-05-20T13:03:31.570882,KXBTCD-25MAY2017-T106999.99,DELTA,21,30,25,1000,411,no,9,-20000
2025-05-20T13:03:31.571147,KXBTCD-25MAY2017-T106999.99,DELTA,21,30,25,1000,412,yes,12,-9
2025-05-20T13:03:31.571458,KXBTCD-25MAY2017-T106999.99,DELTA,21,30,25,1000,413,yes,13,9
2025-05-20T13:03:31.571541,KXBTCD-25MAY2017-T106999.99,DELTA,21,30,25,1000,414,no,11,20000
2025-05-20T13:03:32.345378,KXBTCD-25MAY2017-T106999.99,DELTA,21,30,25,1000,415,no,10,-3240
2025-05-20T13:03:32.345620,KXBTCD-25MAY2017-T106999.99,DELTA,21,30,25,1000,416,no,12,2700
2025-05-20T13:03:32.405568,KXBTCD-25MAY2017-T106999.99,DELTA,21,30,25,1000,417,no,11,-20000
2025-05-20T13:03:32.784869,KXBTCD-25MAY2017-T106999.99,DELTA,21,30,25,1000,418,yes,11,-500
2025-05-20T13:03:32.806253,KXBTCD-25MAY2017-T106999.99,DELTA,21,30,25,1000,419,no,74,-200
2025-05-20T13:03:32.846006,KXBTCD-25MAY2017-T106999.99,DELTA,21,30,25,1000,420,yes,12,-2000
2025-05-20T13:03:32.846646,KXBTCD-25MAY2017-T106999.99,DELTA,21,30,25,1000,421,yes,12,-1000
2025-05-20T13:03:32.847079,KXBTCD-25MAY2017-T106999.99,DELTA,21,30,25,1000,422,yes,10,500
2025-05-20T13:03:32.865993,KXBTCD-25MAY2017-T106999.99,DELTA,21,30,25,1000,423,yes,12,-1250
2025-05-20T13:03:32.866453,KXBTCD-25MAY2017-T106999.99,DELTA,21,30,24,100,424,no,76,100
2025-05-20T13:03:32.866623,KXBTCD-25MAY2017-T106999.99,DELTA,21,30,24,100,425,no,75,-1000
2025-05-20T13:03:32.904800,KXBTCD-25MAY2017-T106999.99,DELTA,21,30,24,100,426,yes,10,1000
2025-05-20T13:03:32.905128,KXBTCD-25MAY2017-T106999.99,DELTA,21,30,24,100,427,yes,11,2000
2025-05-20T13:03:32.905271,KXBTCD-25MAY2017-T106999.99,DELTA,21,30,24,100,428,yes,11,1250
2025-05-20T13:03:32.925980,KXBTCD-25MAY2017-T106999.99,DELTA,21,30,24,100,429,no,74,1000
2025-05-20T13:03:32.946176,KXBTCD-25MAY2017-T106999.99,DELTA,21,30,24,100,430,yes,10,-1000
2025-05-20T13:03:32.965597,KXBTCD-25MAY2017-T106999.99,DELTA,21,30,24,100,431,no,74,-1000
2025-05-20T13:03:32.985598,KXBTCD-25MAY2017-T106999.99,DELTA,21,30,24,100,432,yes,11,1000
2025-05-20T13:03:33.005831,KXBTCD-25MAY2017-T106999.99,DELTA,21,30,24,1100,433,no,76,1000
2025-05-20T13:03:33.287738,KXBTCD-25MAY2017-T106999.99,DELTA,21,30,24,1100,434,no,12,-2700
2025-05-20T13:03:33.288786,KXBTCD-25MAY2017-T106999.99,DELTA,21,30,24,1100,435,no,4,8100
2025-05-20T13:03:33.346261,KXBTCD-25MAY2017-T106999.99,DELTA,21,30,24,1000,436,no,76,-100
2025-05-20T13:03:33.369542,KXBTCD-25MAY2017-T106999.99,DELTA,21,30,24,1000,437,no,5,20000
2025-05-20T13:03:33.387106,KXBTCD-25MAY2017-T106999.99,DELTA,21,30,24,1250,438,no,76,250
2025-05-20T13:03:33.420572,KXBTCD-25MAY2017-T106999.99,DELTA,21,30,24,250,439,no,76,-1000
2025-05-20T13:03:33.428288,KXBTCD-25MAY2017-T106999.99,DELTA,21,30,24,250,440,yes,10,-500
2025-05-20T13:03:33.446472,KXBTCD-25MAY2017-T106999.99,DELTA,21,30,24,250,441,yes,9,500
2025-05-20T13:03:33.465847,KXBTCD-25MAY2017-T106999.99,DELTA,21,30,24,1250,442,no,76,1000
2025-05-20T13:03:33.485789,KXBTCD-25MAY2017-T106999.99,DELTA,21,30,24,1250,443,yes,11,-2000
2025-05-20T13:03:33.486001,KXBTCD-25MAY2017-T106999.99,DELTA,21,30,24,1250,444,yes,11,-1000
2025-05-20T13:03:33.506503,KXBTCD-25MAY2017-T106999.99,DELTA,21,30,24,1250,445,yes,11,-1250
2025-05-20T13:03:33.549172,KXBTCD-25MAY2017-T106999.99,DELTA,21,30,24,1250,446,yes,10,2000
2025-05-20T13:03:33.549782,KXBTCD-25MAY2017-T106999.99,DELTA,21,30,24,1250,447,yes,10,1000
2025-05-20T13:03:33.550091,KXBTCD-25MAY2017-T106999.99,DELTA,21,30,24,1250,448,yes,10,1250
2025-05-20T13:03:33.566740,KXBTCD-25MAY2017-T106999.99,DELTA,21,30,24,1250,449,no,59,9
2025-05-20T13:03:33.567398,KXBTCD-25MAY2017-T106999.99,DELTA,21,30,24,1250,450,yes,12,9
2025-05-20T13:03:33.567672,KXBTCD-25MAY2017-T106999.99,DELTA,21,30,24,1250,451,yes,13,-9
2025-05-20T13:03:34.227046,KXBTCD-25MAY2017-T106999.99,DELTA,21,30,24,1250,452,yes,16,14
2025-05-20T13:03:34.227901,KXBTCD-25MAY2017-T106999.99,DELTA,21,30,24,1250,453,yes,18,-14
2025-05-20T13:03:34.228650,KXBTCD-25MAY2017-T106999.99,DELTA,21,30,24,1250,454,no,70,-14
2025-05-20T13:03:34.229239,KXBTCD-25MAY2017-T106999.99,DELTA,21,30,24,1250,455,no,71,14
2025-05-20T13:03:34.229696,KXBTCD-25MAY2017-T106999.99,DELTA,21,30,24,250,456,no,76,-1000
2025-05-20T13:03:34.230130,KXBTCD-25MAY2017-T106999.99,DELTA,21,30,23,1000,457,no,77,1000
2025-05-20T13:03:34.885879,KXBTCD-25MAY2017-T106999.99,DELTA,21,30,23,1000,458,no,73,-100
2025-05-20T13:03:35.368546,KXBTCD-25MAY2017-T106999.99,DELTA,21,30,24,250,459,no,77,-1000
2025-05-20T13:03:35.420233,KXBTCD-25MAY2017-T106999.99,DELTA,21,30,24,1250,460,no,76,1000
2025-05-20T13:03:35.426183,KXBTCD-25MAY2017-T106999.99,DELTA,21,30,24,1000,461,no,76,-250
2025-05-20T13:03:35.445728,KXBTCD-25MAY2017-T106999.99,DELTA,21,30,24,1000,462,no,75,350
2025-05-20T13:03:35.487360,KXBTCD-25MAY2017-T106999.99,DELTA,21,30,25,350,463,no,76,-1000
2025-05-20T13:03:35.527058,KXBTCD-25MAY2017-T106999.99,DELTA,21,30,24,1000,464,no,76,1000
2025-05-20T13:03:35.565556,KXBTCD-25MAY2017-T106999.99,DELTA,21,30,24,1000,465,yes,9,-500
2025-05-20T13:03:35.606841,KXBTCD-25MAY2017-T106999.99,DELTA,21,30,24,1000,466,yes,11,500
2025-05-20T13:03:35.607062,KXBTCD-25MAY2017-T106999.99,DELTA,21,30,24,1000,467,yes,17,9
2025-05-20T13:03:35.607162,KXBTCD-25MAY2017-T106999.99,DELTA,21,30,24,1000,468,yes,12,-9
2025-05-20T13:03:35.626701,KXBTCD-25MAY2017-T106999.99,DELTA,21,30,24,1000,469,yes,10,-2000
2025-05-20T13:03:35.627007,KXBTCD-25MAY2017-T106999.99,DELTA,21,30,24,1000,470,yes,10,-1250
2025-05-20T13:03:35.627196,KXBTCD-25MAY2017-T106999.99,DELTA,21,30,24,1000,471,no,74,100
2025-05-20T13:03:35.665901,KXBTCD-25MAY2017-T106999.99,DELTA,21,30,24,1000,472,yes,12,2000
2025-05-20T13:03:35.666100,KXBTCD-25MAY2017-T106999.99,DELTA,21,30,24,1000,473,yes,12,1250
2025-05-20T13:03:35.666214,KXBTCD-25MAY2017-T106999.99,DELTA,21,30,24,1000,474,yes,10,-1000
2025-05-20T13:03:35.765785,KXBTCD-25MAY2017-T106999.99,DELTA,21,30,24,1000,475,yes,12,1000
2025-05-20T13:03:35.766901,KXBTCD-25MAY2017-T106999.99,DELTA,21,30,24,1000,476,yes,11,-500
2025-05-20T13:03:35.768210,KXBTCD-25MAY2017-T106999.99,DELTA,21,30,24,1000,477,yes,10,500
2025-05-20T13:03:35.787366,KXBTCD-25MAY2017-T106999.99,DELTA,21,30,24,1000,478,yes,12,-2000
2025-05-20T13:03:35.788142,KXBTCD-25MAY2017-T106999.99,DELTA,21,30,24,1000,479,yes,12,-1000
2025-05-20T13:03:35.806422,KXBTCD-25MAY2017-T106999.99,DELTA,21,30,24,1000,480,yes,12,-1250
2025-05-20T13:03:35.847031,KXBTCD-25MAY2017-T106999.99,DELTA,21,30,24,1000,481,yes,11,1250
2025-05-20T13:03:35.847695,KXBTCD-25MAY2017-T106999.99,DELTA,21,30,24,1000,482,yes,11,2000
2025-05-20T13:03:35.847960,KXBTCD-25MAY2017-T106999.99,DELTA,21,30,24,1000,483,yes,11,1000
2025-05-20T13:03:35.887396,KXBTCD-25MAY2017-T106999.99,DELTA,21,30,24,1000,484,no,4,-8100
2025-05-20T13:03:35.888011,KXBTCD-25MAY2017-T106999.99,DELTA,21,30,24,1000,485,no,6,5400
2025-05-20T13:03:35.946949,KXBTCD-25MAY2017-T106999.99,DELTA,21,30,24,1000,486,no,5,-20000
2025-05-20T13:03:35.986815,KXBTCD-25MAY2017-T106999.99,DELTA,21,30,24,1000,487,no,7,20000
2025-05-20T13:03:37.427691,KXBTCD-25MAY2017-T106999.99,DELTA,21,30,24,1000,488,no,6,-5400
2025-05-20T13:03:37.428574,KXBTCD-25MAY2017-T106999.99,DELTA,21,30,24,1000,489,no,8,4050
2025-05-20T13:03:37.487436,KXBTCD-25MAY2017-T106999.99,DELTA,21,30,24,1000,490,no,7,-20000
2025-05-20T13:03:37.526460,KXBTCD-25MAY2017-T106999.99,DELTA,21,30,24,1000,491,no,9,20000
2025-05-20T13:03:37.586541,KXBTCD-25MAY2017-T106999.99,DELTA,21,30,24,1000,492,no,59,-9
2025-05-20T13:03:38.387454,KXBTCD-25MAY2017-T106999.99,DELTA,21,30,24,1000,493,no,8,-4050
2025-05-20T13:03:38.388730,KXBTCD-25MAY2017-T106999.99,DELTA,21,30,24,1000,494,no,10,3240
2025-05-20T13:03:38.406487,KXBTCD-25MAY2017-T106999.99,DELTA,21,30,24,1000,495,no,9,-20000
2025-05-20T13:03:38.446614,KXBTCD-25MAY2017-T106999.99,DELTA,21,30,24,1000,496,no,11,20000
2025-05-20T13:03:39.268856,KXBTCD-25MAY2017-T106999.99,DELTA,21,30,24,1000,497,no,10,-3240
2025-05-20T13:03:39.270033,KXBTCD-25MAY2017-T106999.99,DELTA,21,30,24,1000,498,no,12,2700
2025-05-20T13:03:39.437511,KXBTCD-25MAY2017-T106999.99,DELTA,21,30,24,1000,499,no,11,-20000
2025-05-20T13:03:40.245818,KXBTCD-25MAY2017-T106999.99,DELTA,21,30,24,1000,500,no,12,-2700
2025-05-20T13:03:40.246122,KXBTCD-25MAY2017-T106999.99,DELTA,21,30,24,1000,501,no,24,1350
2025-05-20T13:03:41.646543,KXBTCD-25MAY2017-T106999.99,DELTA,21,30,24,1000,502,yes,1,1365
2025-05-20T13:03:42.109076,KXBTCD-25MAY2017-T106999.99,DELTA,21,30,24,1020,503,no,76,20
2025-05-20T13:03:48.049902,KXBTCD-25MAY2017-T106999.99,DELTA,21,30,24,1020,504,yes,10,-500
2025-05-20T13:03:48.050723,KXBTCD-25MAY2017-T106999.99,DELTA,21,30,24,1020,505,no,75,-350
2025-05-20T13:03:48.051336,KXBTCD-25MAY2017-T106999.99,DELTA,21,30,24,1020,506,yes,9,500
2025-05-20T13:03:48.067562,KXBTCD-25MAY2017-T106999.99,DELTA,21,30,23,50,507,no,77,50
2025-05-20T13:03:48.068239,KXBTCD-25MAY2017-T106999.99,DELTA,21,30,23,50,508,yes,11,-2000
2025-05-20T13:03:48.086507,KXBTCD-25MAY2017-T106999.99,DELTA,21,30,23,50,509,yes,11,-1000
2025-05-20T13:03:48.087051,KXBTCD-25MAY2017-T106999.99,DELTA,21,30,23,50,510,no,76,-1000
2025-05-20T13:03:48.087350,KXBTCD-25MAY2017-T106999.99,DELTA,21,30,23,50,511,yes,11,-1250
2025-05-20T13:03:48.144907,KXBTCD-25MAY2017-T106999.99,DELTA,21,30,23,50,512,yes,10,2000
2025-05-20T13:03:48.145747,KXBTCD-25MAY2017-T106999.99,DELTA,21,30,23,1050,513,no,77,1000
2025-05-20T13:03:48.168763,KXBTCD-25MAY2017-T106999.99,DELTA,21,30,23,1050,514,yes,10,1000
2025-05-20T13:03:48.169823,KXBTCD-25MAY2017-T106999.99,DELTA,21,30,23,1050,515,yes,10,1250
2025-05-20T13:03:48.445427,KXBTCD-25MAY2017-T106999.99,DELTA,21,30,23,1050,516,no,74,-100
2025-05-20T13:03:49.267217,KXBTCD-25MAY2017-T106999.99,DELTA,21,30,23,1000,517,no,77,-50
2025-05-20T13:03:49.307146,KXBTCD-25MAY2017-T106999.99,DELTA,21,30,23,1200,518,no,77,200
2025-05-20T13:03:49.397135,KXBTCD-25MAY2017-T106999.99,DELTA,21,30,23,200,519,no,77,-1000
2025-05-20T13:03:49.398244,KXBTCD-25MAY2017-T106999.99,DELTA,21,30,23,1200,520,no,77,1000
2025-05-20T13:03:49.506023,KXBTCD-25MAY2017-T106999.99,DELTA,21,30,23,1200,521,yes,9,-500
2025-05-20T13:03:49.546332,KXBTCD-25MAY2017-T106999.99,DELTA,21,30,23,1200,522,yes,8,500
2025-05-20T13:03:49.566581,KXBTCD-25MAY2017-T106999.99,DELTA,21,30,23,1200,523,yes,10,-2000
2025-05-20T13:03:49.586381,KXBTCD-25MAY2017-T106999.99,DELTA,21,30,23,1200,524,yes,10,-1250
2025-05-20T13:03:49.626369,KXBTCD-25MAY2017-T106999.99,DELTA,21,30,23,1200,525,yes,9,1250
2025-05-20T13:03:49.644959,KXBTCD-25MAY2017-T106999.99,DELTA,21,30,23,1200,526,yes,9,2000
2025-05-20T13:03:49.925596,KXBTCD-25MAY2017-T106999.99,DELTA,21,30,23,1200,527,no,76,100
2025-05-20T13:03:49.926953,KXBTCD-25MAY2017-T106999.99,DELTA,21,30,23,1200,528,yes,19,30
2025-05-20T13:03:49.927231,KXBTCD-25MAY2017-T106999.99,DELTA,19,30,23,1200,529,yes,21,-30
2025-05-20T13:03:49.945556,KXBTCD-25MAY2017-T106999.99,DELTA,19,30,23,1200,530,no,67,-30
2025-05-20T13:03:49.945818,KXBTCD-25MAY2017-T106999.99,DELTA,19,30,23,1200,531,no,69,30
2025-05-20T13:03:50.972617,KXBTCD-25MAY2017-T106999.99,DELTA,19,30,23,1200,532,yes,8,-500
2025-05-20T13:03:50.973420,KXBTCD-25MAY2017-T106999.99,DELTA,19,30,23,1000,533,no,77,-200
2025-05-20T13:03:50.974239,KXBTCD-25MAY2017-T106999.99,DELTA,19,30,23,1000,534,yes,10,500
2025-05-20T13:03:50.975162,KXBTCD-25MAY2017-T106999.99,DELTA,19,30,23,1000,535,no,76,300
2025-05-20T13:03:50.975752,KXBTCD-25MAY2017-T106999.99,DELTA,19,30,23,1000,536,yes,9,-2000
2025-05-20T13:03:50.976627,KXBTCD-25MAY2017-T106999.99,DELTA,19,30,23,1000,537,yes,9,-1250
2025-05-20T13:03:51.006311,KXBTCD-25MAY2017-T106999.99,DELTA,19,30,23,1000,538,yes,11,9
2025-05-20T13:03:51.007021,KXBTCD-25MAY2017-T106999.99,DELTA,19,30,23,1000,539,yes,17,-9
2025-05-20T13:03:51.026455,KXBTCD-25MAY2017-T106999.99,DELTA,19,30,23,1000,540,yes,11,1250
2025-05-20T13:03:51.027056,KXBTCD-25MAY2017-T106999.99,DELTA,19,30,23,1000,541,yes,10,-1000
2025-05-20T13:03:51.027538,KXBTCD-25MAY2017-T106999.99,DELTA,19,30,23,1000,542,yes,11,2000
2025-05-20T13:03:51.067102,KXBTCD-25MAY2017-T106999.99,DELTA,19,30,23,1000,543,yes,11,1000
2025-05-20T13:03:51.287945,KXBTCD-25MAY2017-T106999.99,DELTA,19,30,23,1000,544,yes,11,-1000
2025-05-20T13:03:51.307107,KXBTCD-25MAY2017-T106999.99,DELTA,19,30,24,420,545,no,77,-1000
2025-05-20T13:03:51.325631,KXBTCD-25MAY2017-T106999.99,DELTA,19,30,24,420,546,yes,10,-500
2025-05-20T13:03:51.350807,KXBTCD-25MAY2017-T106999.99,DELTA,19,30,24,420,547,yes,9,500
2025-05-20T13:03:51.365352,KXBTCD-25MAY2017-T106999.99,DELTA,19,30,24,1420,548,no,76,1000
2025-05-20T13:03:51.365733,KXBTCD-25MAY2017-T106999.99,DELTA,19,1030,24,1420,549,yes,19,1000
2025-05-20T13:03:51.386135,KXBTCD-25MAY2017-T106999.99,DELTA,19,1030,24,1420,550,yes,11,-2000
2025-05-20T13:03:51.406637,KXBTCD-25MAY2017-T106999.99,DELTA,19,1030,24,1420,551,yes,11,-1250
2025-05-20T13:03:51.526986,KXBTCD-25MAY2017-T106999.99,DELTA,19,1030,24,1420,552,yes,10,1250
2025-05-20T13:03:51.527745,KXBTCD-25MAY2017-T106999.99,DELTA,19,1030,24,1420,553,yes,10,2000
2025-05-20T13:03:51.547487,KXBTCD-25MAY2017-T106999.99,DELTA,19,30,24,1420,554,yes,19,-1000
2025-05-20T13:03:51.548255,KXBTCD-25MAY2017-T106999.99,DELTA,19,30,24,420,555,no,76,-1000
2025-05-20T13:03:51.586122,KXBTCD-25MAY2017-T106999.99,DELTA,19,30,23,1000,556,no,77,1000
2025-05-20T13:03:51.646813,KXBTCD-25MAY2017-T106999.99,DELTA,19,30,23,1000,557,yes,10,1000
2025-05-20T13:03:52.806942,KXBTCD-25MAY2017-T106999.99,DELTA,19,30,23,1000,558,no,76,-100
2025-05-20T13:03:53.846916,KXBTCD-25MAY2017-T106999.99,DELTA,19,30,23,1000,559,no,75,100
2025-05-20T13:03:54.409962,KXBTCD-25MAY2017-T106999.99,DELTA,19,30,23,1000,560,no,75,-100
2025-05-20T13:03:55.217988,KXBTCD-25MAY2017-T106999.99,DELTA,19,30,23,1000,561,no,75,100
2025-05-20T13:03:58.366493,KXBTCD-25MAY2017-T106999.99,DELTA,19,30,23,1000,562,no,75,-100
2025-05-20T13:03:59.447065,KXBTCD-25MAY2017-T106999.99,DELTA,19,30,23,1000,563,no,75,100
2025-05-20T13:04:00.410532,KXBTCD-25MAY2017-T106999.99,DELTA,19,30,23,1000,564,yes,1,32400
2025-05-20T13:04:00.411076,KXBTCD-25MAY2017-T106999.99,DELTA,19,30,23,1000,565,yes,10,-1000
2025-05-20T13:04:00.411445,KXBTCD-25MAY2017-T106999.99,DELTA,19,30,24,320,566,no,77,-1000
2025-05-20T13:04:00.411741,KXBTCD-25MAY2017-T106999.99,DELTA,19,30,24,320,567,no,75,1000
2025-05-20T13:04:00.411998,KXBTCD-25MAY2017-T106999.99,DELTA,19,30,24,320,568,yes,2,20000
2025-05-20T13:04:00.412242,KXBTCD-25MAY2017-T106999.99,DELTA,20,1000,24,320,569,yes,20,1000
2025-05-20T13:04:00.412478,KXBTCD-25MAY2017-T106999.99,DELTA,20,1000,24,320,570,yes,19,-30
2025-05-20T13:04:00.412700,KXBTCD-25MAY2017-T106999.99,DELTA,21,30,24,320,571,yes,21,30
2025-05-20T13:04:00.412912,KXBTCD-25MAY2017-T106999.99,DELTA,21,30,24,320,572,no,69,-30
2025-05-20T13:04:00.413114,KXBTCD-25MAY2017-T106999.99,DELTA,21,30,24,320,573,no,67,30
2025-05-20T13:04:00.466916,KXBTCD-25MAY2017-T106999.99,DELTA,21,30,24,320,574,yes,20,-1000
2025-05-20T13:04:00.507343,KXBTCD-25MAY2017-T106999.99,DELTA,21,30,24,320,575,yes,10,1000
2025-05-20T13:04:00.528404,KXBTCD-25MAY2017-T106999.99,DELTA,21,30,24,320,576,yes,9,-500
2025-05-20T13:04:00.546791,KXBTCD-25MAY2017-T106999.99,DELTA,21,30,24,20,577,no,76,-300
2025-05-20T13:04:00.585855,KXBTCD-25MAY2017-T106999.99,DELTA,21,30,24,20,578,yes,10,-2000
2025-05-20T13:04:00.586099,KXBTCD-25MAY2017-T106999.99,DELTA,21,30,24,20,579,yes,10,-1250
2025-05-20T13:04:00.606455,KXBTCD-25MAY2017-T106999.99,DELTA,21,30,24,20,580,yes,11,500
2025-05-20T13:04:00.626242,KXBTCD-25MAY2017-T106999.99,DELTA,21,30,24,20,581,no,75,150
2025-05-20T13:04:00.626349,KXBTCD-25MAY2017-T106999.99,DELTA,21,30,24,20,582,yes,2,2000
2025-05-20T13:04:00.665242,KXBTCD-25MAY2017-T106999.99,DELTA,21,30,24,20,583,yes,12,1250
2025-05-20T13:04:00.685631,KXBTCD-25MAY2017-T106999.99,DELTA,21,30,24,20,584,yes,2,-2000
2025-05-20T13:04:00.705240,KXBTCD-25MAY2017-T106999.99,DELTA,21,30,24,20,585,yes,10,-1000
2025-05-20T13:04:00.726797,KXBTCD-25MAY2017-T106999.99,DELTA,21,30,24,20,586,yes,12,2000
2025-05-20T13:04:00.745300,KXBTCD-25MAY2017-T106999.99,DELTA,21,30,24,20,587,yes,12,1000
2025-05-20T13:04:01.087466,KXBTCD-25MAY2017-T106999.99,DELTA,21,30,24,20,588,yes,16,-14
2025-05-20T13:04:01.088142,KXBTCD-25MAY2017-T106999.99,DELTA,21,30,24,20,589,yes,18,14
2025-05-20T13:04:01.088528,KXBTCD-25MAY2017-T106999.99,DELTA,21,30,24,20,590,no,75,-150
2025-05-20T13:04:01.088907,KXBTCD-25MAY2017-T106999.99,DELTA,21,30,24,20,591,no,70,14
2025-05-20T13:04:01.089188,KXBTCD-25MAY2017-T106999.99,DELTA,21,30,24,20,592,no,71,-14
2025-05-20T13:04:01.107665,KXBTCD-25MAY2017-T106999.99,DELTA,21,30,24,20,593,no,74,350
2025-05-20T13:04:01.186814,KXBTCD-25MAY2017-T106999.99,DELTA,21,30,24,20,594,no,75,-100
2025-05-20T13:04:01.286719,KXBTCD-25MAY2017-T106999.99,DELTA,21,30,24,20,595,yes,12,-1000
2025-05-20T13:04:01.287868,KXBTCD-25MAY2017-T106999.99,DELTA,21,30,24,20,596,no,75,-1000
2025-05-20T13:04:01.326330,KXBTCD-25MAY2017-T106999.99,DELTA,21,30,24,20,597,no,74,1000
2025-05-20T13:04:01.348144,KXBTCD-25MAY2017-T106999.99,DELTA,21,1030,24,20,598,yes,21,1000
2025-05-20T13:04:01.982660,KXBTCD-25MAY2017-T106999.99,DELTA,21,30,24,20,599,yes,21,-1000
2025-05-20T13:04:01.983572,KXBTCD-25MAY2017-T106999.99,DELTA,21,30,24,20,600,no,74,-1000
2025-05-20T13:04:02.006854,KXBTCD-25MAY2017-T106999.99,DELTA,21,30,24,20,601,no,74,1000
2025-05-20T13:04:02.007744,KXBTCD-25MAY2017-T106999.99,DELTA,21,1030,24,20,602,yes,21,1000
2025-05-20T13:04:02.266234,KXBTCD-25MAY2017-T106999.99,DELTA,21,1030,24,20,603,no,72,100
2025-05-20T13:04:02.508480,KXBTCD-25MAY2017-T106999.99,DELTA,21,1030,24,20,604,yes,11,-500
2025-05-20T13:04:02.509432,KXBTCD-25MAY2017-T106999.99,DELTA,21,1030,24,20,605,no,74,-350
2025-05-20T13:04:02.526479,KXBTCD-25MAY2017-T106999.99,DELTA,21,1030,24,20,606,yes,12,500
2025-05-20T13:04:02.527330,KXBTCD-25MAY2017-T106999.99,DELTA,21,1030,24,20,607,yes,12,-2000
2025-05-20T13:04:02.527913,KXBTCD-25MAY2017-T106999.99,DELTA,21,1030,24,20,608,no,74,100
2025-05-20T13:04:02.545610,KXBTCD-25MAY2017-T106999.99,DELTA,21,1030,24,20,609,yes,12,-1250
2025-05-20T13:04:02.546249,KXBTCD-25MAY2017-T106999.99,DELTA,21,1030,24,20,610,no,74,-1000
2025-05-20T13:04:02.567646,KXBTCD-25MAY2017-T106999.99,DELTA,21,1030,24,20,611,yes,11,-9
2025-05-20T13:04:02.586117,KXBTCD-25MAY2017-T106999.99,DELTA,21,1030,24,20,612,no,74,-100
2025-05-20T13:04:02.586879,KXBTCD-25MAY2017-T106999.99,DELTA,21,1030,24,20,613,yes,13,2000
2025-05-20T13:04:02.587512,KXBTCD-25MAY2017-T106999.99,DELTA,21,1030,24,20,614,no,74,1000
2025-05-20T13:04:02.606228,KXBTCD-25MAY2017-T106999.99,DELTA,21,1030,24,20,615,yes,13,1250
2025-05-20T13:04:02.626059,KXBTCD-25MAY2017-T106999.99,DELTA,21,1030,24,20,616,no,74,100
2025-05-20T13:04:02.646013,KXBTCD-25MAY2017-T106999.99,DELTA,21,1030,24,20,617,no,74,-1000
2025-05-20T13:04:02.686820,KXBTCD-25MAY2017-T106999.99,DELTA,21,1030,24,20,618,no,74,1000
2025-05-20T13:04:02.906653,KXBTCD-25MAY2017-T106999.99,DELTA,21,1030,24,20,619,no,74,-100
2025-05-20T13:04:03.031865,KXBTCD-25MAY2017-T106999.99,DELTA,21,1030,24,20,620,no,74,300
2025-05-20T13:04:03.032911,KXBTCD-25MAY2017-T106999.99,DELTA,21,1030,24,20,621,no,74,-1000
2025-05-20T13:04:03.033651,KXBTCD-25MAY2017-T106999.99,DELTA,21,1030,24,20,622,no,74,1000
2025-05-20T13:04:03.106805,KXBTCD-25MAY2017-T106999.99,DELTA,21,30,24,20,623,yes,21,-1000
2025-05-20T13:04:03.107487,KXBTCD-25MAY2017-T106999.99,DELTA,21,30,24,20,624,no,74,-1000
2025-05-20T13:04:03.108001,KXBTCD-25MAY2017-T106999.99,DELTA,21,30,24,20,625,yes,12,-500
2025-05-20T13:04:03.146224,KXBTCD-25MAY2017-T106999.99,DELTA,21,30,24,20,626,yes,11,500
2025-05-20T13:04:03.167720,KXBTCD-25MAY2017-T106999.99,DELTA,21,30,24,20,627,no,75,1000
2025-05-20T13:04:03.168523,KXBTCD-25MAY2017-T106999.99,DELTA,21,30,24,20,628,yes,13,1000
2025-05-20T13:04:03.186503,KXBTCD-25MAY2017-T106999.99,DELTA,21,30,24,20,629,yes,13,-2000
2025-05-20T13:04:03.187279,KXBTCD-25MAY2017-T106999.99,DELTA,21,30,24,20,630,yes,13,-1250
2025-05-20T13:04:03.208917,KXBTCD-25MAY2017-T106999.99,DELTA,21,30,24,20,631,yes,13,-1000
2025-05-20T13:04:03.228399,KXBTCD-25MAY2017-T106999.99,DELTA,21,30,24,20,632,yes,12,2000
2025-05-20T13:04:03.229136,KXBTCD-25MAY2017-T106999.99,DELTA,21,30,24,20,633,yes,12,1250
2025-05-20T13:04:03.246892,KXBTCD-25MAY2017-T106999.99,DELTA,21,30,24,20,634,yes,12,1000
2025-05-20T13:04:03.385747,KXBTCD-25MAY2017-T106999.99,DELTA,21,30,24,20,635,no,72,-100
2025-05-20T13:04:04.602400,KXBTCD-25MAY2017-T106999.99,DELTA,21,30,24,20,636,no,73,100
2025-05-20T13:04:04.704608,KXBTCD-25MAY2017-T106999.99,DELTA,21,30,24,20,637,yes,13,9
2025-05-20T13:04:07.468218,KXBTCD-25MAY2017-T106999.99,DELTA,21,30,24,20,638,yes,12,-1000
2025-05-20T13:04:07.486677,KXBTCD-25MAY2017-T106999.99,DELTA,21,30,24,20,639,no,75,-1000
2025-05-20T13:04:07.545802,KXBTCD-25MAY2017-T106999.99,DELTA,21,1030,24,20,640,yes,21,1000
2025-05-20T13:04:07.546671,KXBTCD-25MAY2017-T106999.99,DELTA,21,1030,24,20,641,no,74,1000
2025-05-20T13:04:07.749868,KXBTCD-25MAY2017-T106999.99,DELTA,22,30,24,20,642,yes,22,30
2025-05-20T13:04:07.750935,KXBTCD-25MAY2017-T106999.99,DELTA,22,30,24,20,643,yes,21,-30
2025-05-20T13:04:07.751694,KXBTCD-25MAY2017-T106999.99,DELTA,22,30,24,20,644,no,66,30
2025-05-20T13:04:07.767140,KXBTCD-25MAY2017-T106999.99,DELTA,22,30,24,20,645,no,67,-30
2025-05-20T13:04:07.806765,KXBTCD-25MAY2017-T106999.99,DELTA,22,30,24,20,646,yes,21,-1000
2025-05-20T13:04:07.848650,KXBTCD-25MAY2017-T106999.99,DELTA,22,30,24,20,647,yes,11,-500
2025-05-20T13:04:07.849464,KXBTCD-25MAY2017-T106999.99,DELTA,22,30,24,20,648,no,74,-300
2025-05-20T13:04:07.887947,KXBTCD-25MAY2017-T106999.99,DELTA,22,30,24,20,649,yes,13,500
2025-05-20T13:04:07.908078,KXBTCD-25MAY2017-T106999.99,DELTA,22,30,24,20,650,no,73,150
2025-05-20T13:04:07.909019,KXBTCD-25MAY2017-T106999.99,DELTA,22,30,24,20,651,yes,12,-2000
2025-05-20T13:04:07.909814,KXBTCD-25MAY2017-T106999.99,DELTA,22,30,24,20,652,yes,12,1000
2025-05-20T13:04:07.925590,KXBTCD-25MAY2017-T106999.99,DELTA,22,30,24,20,653,yes,12,-1250
2025-05-20T13:04:07.966641,KXBTCD-25MAY2017-T106999.99,DELTA,22,30,24,20,654,yes,14,1250
2025-05-20T13:04:07.967568,KXBTCD-25MAY2017-T106999.99,DELTA,22,30,24,20,655,yes,14,2000
2025-05-20T13:04:07.968201,KXBTCD-25MAY2017-T106999.99,DELTA,22,30,24,20,656,yes,12,-1000
2025-05-20T13:04:08.006701,KXBTCD-25MAY2017-T106999.99,DELTA,22,30,24,20,657,yes,14,1000
2025-05-20T13:04:08.392996,KXBTCD-25MAY2017-T106999.99,DELTA,22,30,24,20,658,yes,19,14
2025-05-20T13:04:08.393917,KXBTCD-25MAY2017-T106999.99,DELTA,22,30,24,20,659,yes,18,-14
2025-05-20T13:04:08.394457,KXBTCD-25MAY2017-T106999.99,DELTA,22,30,24,20,660,no,73,-100
2025-05-20T13:04:08.394924,KXBTCD-25MAY2017-T106999.99,DELTA,22,30,24,20,661,no,68,14
2025-05-20T13:04:08.395360,KXBTCD-25MAY2017-T106999.99,DELTA,22,30,24,20,662,no,70,-14
2025-05-20T13:04:08.410988,KXBTCD-25MAY2017-T106999.99,DELTA,22,30,24,20,663,yes,13,-500
2025-05-20T13:04:08.446616,KXBTCD-25MAY2017-T106999.99,DELTA,22,30,24,20,664,yes,12,500
2025-05-20T13:04:08.469257,KXBTCD-25MAY2017-T106999.99,DELTA,22,30,24,20,665,yes,14,-2000
2025-05-20T13:04:08.486938,KXBTCD-25MAY2017-T106999.99,DELTA,22,30,24,20,666,yes,14,-1000
2025-05-20T13:04:08.487790,KXBTCD-25MAY2017-T106999.99,DELTA,22,30,24,20,667,yes,14,-1250
2025-05-20T13:04:08.525954,KXBTCD-25MAY2017-T106999.99,DELTA,22,30,24,20,668,yes,13,1000
2025-05-20T13:04:08.558598,KXBTCD-25MAY2017-T106999.99,DELTA,22,30,24,20,669,yes,13,1250
2025-05-20T13:04:08.652619,KXBTCD-25MAY2017-T106999.99,DELTA,22,30,24,20,670,yes,13,2000
2025-05-20T13:04:09.486881,KXBTCD-25MAY2017-T106999.99,DELTA,22,30,24,20,671,no,71,100
2025-05-20T13:04:09.606257,KXBTCD-25MAY2017-T106999.99,DELTA,22,30,24,20,672,yes,14,9
2025-05-20T13:04:09.607132,KXBTCD-25MAY2017-T106999.99,DELTA,22,30,24,20,673,yes,13,-9
2025-05-20T13:04:09.849023,KXBTCD-25MAY2017-T106999.99,DELTA,22,30,24,20,674,no,74,-1000
2025-05-20T13:04:09.850228,KXBTCD-25MAY2017-T106999.99,DELTA,22,30,24,20,675,yes,13,-2000
2025-05-20T13:04:09.851019,KXBTCD-25MAY2017-T106999.99,DELTA,22,30,24,20,676,yes,2,-20000
2025-05-20T13:04:09.851677,KXBTCD-25MAY2017-T106999.99,DELTA,22,30,24,20,677,no,41,-2000
2025-05-20T13:04:09.852159,KXBTCD-25MAY2017-T106999.99,DELTA,22,30,24,20,678,yes,13,-1250
2025-05-20T13:04:09.852608,KXBTCD-25MAY2017-T106999.99,DELTA,22,30,24,20,679,yes,13,-1000
2025-05-20T13:04:09.853016,KXBTCD-25MAY2017-T106999.99,DELTA,22,30,27,150,680,no,76,-20
2025-05-20T13:04:09.853397,KXBTCD-25MAY2017-T106999.99,DELTA,24,10,27,150,681,yes,24,10
2025-05-20T13:04:09.853833,KXBTCD-25MAY2017-T106999.99,DELTA,24,10,27,150,682,yes,22,-30
2025-05-20T13:04:09.866444,KXBTCD-25MAY2017-T106999.99,DELTA,24,10,27,150,683,no,64,30
2025-05-20T13:04:09.867219,KXBTCD-25MAY2017-T106999.99,DELTA,24,10,27,150,684,no,66,-30
2025-05-20T13:04:09.886757,KXBTCD-25MAY2017-T106999.99,DELTA,24,10,27,150,685,yes,12,-500
2025-05-20T13:04:09.887440,KXBTCD-25MAY2017-T106999.99,DELTA,24,10,29,100,686,no,73,-150
2025-05-20T13:04:09.906264,KXBTCD-25MAY2017-T106999.99,DELTA,19,14,29,100,687,yes,24,-10
2025-05-20T13:04:09.906924,KXBTCD-25MAY2017-T106999.99,DELTA,21,30,29,100,688,yes,21,30
2025-05-20T13:04:09.925593,KXBTCD-25MAY2017-T106999.99,DELTA,21,30,29,100,689,no,66,30
2025-05-20T13:04:09.926419,KXBTCD-25MAY2017-T106999.99,DELTA,21,30,29,100,690,no,64,-30
2025-05-20T13:04:10.005591,KXBTCD-25MAY2017-T106999.99,DELTA,21,30,29,100,691,yes,14,500
2025-05-20T13:04:10.005849,KXBTCD-25MAY2017-T106999.99,DELTA,21,30,29,400,692,no,71,300
2025-05-20T13:04:10.105949,KXBTCD-25MAY2017-T106999.99,DELTA,21,30,29,400,693,yes,19,-14
2025-05-20T13:04:10.106197,KXBTCD-25MAY2017-T106999.99,DELTA,21,44,29,400,694,yes,21,14
2025-05-20T13:04:10.106349,KXBTCD-25MAY2017-T106999.99,DELTA,21,44,29,400,695,no,68,-14
2025-05-20T13:04:10.127429,KXBTCD-25MAY2017-T106999.99,DELTA,21,44,29,400,696,no,66,14
2025-05-20T13:04:10.168723,KXBTCD-25MAY2017-T106999.99,DELTA,21,44,29,100,697,no,71,-300
2025-05-20T13:04:10.186710,KXBTCD-25MAY2017-T106999.99,DELTA,21,44,29,100,698,no,70,300
2025-05-20T13:04:10.370470,KXBTCD-25MAY2017-T106999.99,DELTA,22,1000,29,100,699,yes,22,1000
2025-05-20T13:04:10.370732,KXBTCD-25MAY2017-T106999.99,DELTA,22,1000,29,100,700,yes,14,-500
2025-05-20T13:04:10.386352,KXBTCD-25MAY2017-T106999.99,DELTA,22,1000,30,300,701,no,71,-100
2025-05-20T13:04:10.406010,KXBTCD-25MAY2017-T106999.99,DELTA,22,1000,30,300,702,yes,16,500
2025-05-20T13:04:10.446044,KXBTCD-25MAY2017-T106999.99,DELTA,22,1000,30,300,703,yes,16,-500
2025-05-20T13:04:10.446720,KXBTCD-25MAY2017-T106999.99,DELTA,23,30,30,300,704,yes,23,30
2025-05-20T13:04:10.447201,KXBTCD-25MAY2017-T106999.99,DELTA,23,30,29,1000,705,no,71,1000
2025-05-20T13:04:10.447683,KXBTCD-25MAY2017-T106999.99,DELTA,23,30,29,1000,706,yes,21,-30
2025-05-20T13:04:10.448097,KXBTCD-25MAY2017-T106999.99,DELTA,23,30,29,1000,707,no,64,30
2025-05-20T13:04:10.468265,KXBTCD-25MAY2017-T106999.99,DELTA,23,30,29,1000,708,no,66,-30
2025-05-20T13:04:10.468937,KXBTCD-25MAY2017-T106999.99,DELTA,23,30,29,1000,709,yes,15,500
2025-05-20T13:04:10.484696,KXBTCD-25MAY2017-T106999.99,DELTA,23,30,29,1000,710,yes,17,1250
2025-05-20T13:04:10.546531,KXBTCD-25MAY2017-T106999.99,DELTA,23,30,29,1000,711,yes,2,2000
2025-05-20T13:04:10.547463,KXBTCD-25MAY2017-T106999.99,DELTA,23,30,29,1000,712,yes,17,-1250
2025-05-20T13:04:10.605535,KXBTCD-25MAY2017-T106999.99,DELTA,23,30,29,1000,713,yes,16,1250
2025-05-20T13:04:10.605744,KXBTCD-25MAY2017-T106999.99,DELTA,23,30,29,1000,714,yes,2,-2000
2025-05-20T13:04:10.626052,KXBTCD-25MAY2017-T106999.99,DELTA,23,30,29,1000,715,yes,22,-1000
2025-05-20T13:04:10.666087,KXBTCD-25MAY2017-T106999.99,DELTA,24,1000,29,1000,716,yes,24,1000
2025-05-20T13:04:10.666222,KXBTCD-25MAY2017-T106999.99,DELTA,24,1000,29,1000,717,yes,16,2000
2025-05-20T13:04:10.725285,KXBTCD-25MAY2017-T106999.99,DELTA,24,1000,29,1000,718,no,70,-300
2025-05-20T13:04:10.765897,KXBTCD-25MAY2017-T106999.99,DELTA,24,1000,29,1000,719,no,69,300
2025-05-20T13:04:10.786130,KXBTCD-25MAY2017-T106999.99,DELTA,23,30,29,1000,720,yes,24,-1000
2025-05-20T13:04:10.806033,KXBTCD-25MAY2017-T106999.99,DELTA,23,30,31,300,721,no,71,-1000
2025-05-20T13:04:10.894965,KXBTCD-25MAY2017-T106999.99,DELTA,23,30,34,14,722,no,69,-300
2025-05-20T13:04:10.895832,KXBTCD-25MAY2017-T106999.99,DELTA,23,1030,34,14,723,yes,23,1000
2025-05-20T13:04:10.896413,KXBTCD-25MAY2017-T106999.99,DELTA,23,1030,30,1000,724,no,70,1000
2025-05-20T13:04:10.897010,KXBTCD-25MAY2017-T106999.99,DELTA,23,1030,29,150,725,no,71,150
2025-05-20T13:04:10.905674,KXBTCD-25MAY2017-T106999.99,DELTA,23,1030,30,1000,726,no,71,-150
2025-05-20T13:04:10.906257,KXBTCD-25MAY2017-T106999.99,DELTA,23,1030,34,14,727,no,70,-1000
2025-05-20T13:04:10.925048,KXBTCD-25MAY2017-T106999.99,DELTA,23,1030,30,250,728,no,70,250
2025-05-20T13:04:10.945925,KXBTCD-25MAY2017-T106999.99,DELTA,23,1030,28,1000,729,no,72,1000
2025-05-20T13:04:11.026444,KXBTCD-25MAY2017-T106999.99,DELTA,23,1030,30,250,730,no,72,-1000
2025-05-20T13:04:11.106505,KXBTCD-25MAY2017-T106999.99,DELTA,23,1030,30,250,731,no,41,2000
2025-05-20T13:04:11.107443,KXBTCD-25MAY2017-T106999.99,DELTA,23,1030,29,1000,732,no,71,1000
2025-05-20T13:04:11.417886,KXBTCD-25MAY2017-T106999.99,DELTA,23,1030,29,1000,733,no,67,100
2025-05-20T13:04:11.505703,KXBTCD-25MAY2017-T106999.99,DELTA,23,1030,29,1000,734,no,67,-100
2025-05-20T13:04:11.626262,KXBTCD-25MAY2017-T106999.99,DELTA,23,1030,29,1000,735,yes,14,-9
2025-05-20T13:04:11.942854,KXBTCD-25MAY2017-T106999.99,DELTA,23,30,29,1000,736,yes,23,-1000
2025-05-20T13:04:11.986605,KXBTCD-25MAY2017-T106999.99,DELTA,24,1000,29,1000,737,yes,24,1000
2025-05-20T13:04:12.666618,KXBTCD-25MAY2017-T106999.99,DELTA,24,1000,29,1000,738,yes,1,-32400
2025-05-20T13:04:12.746723,KXBTCD-25MAY2017-T106999.99,DELTA,24,1000,29,1000,739,no,67,100
2025-05-20T13:04:12.766432,KXBTCD-25MAY2017-T106999.99,DELTA,24,1000,30,250,740,no,71,-1000
2025-05-20T13:04:12.785659,KXBTCD-25MAY2017-T106999.99,DELTA,24,1000,30,250,741,no,58,-3000
2025-05-20T13:04:12.845132,KXBTCD-25MAY2017-T106999.99,DELTA,24,1000,30,250,742,no,51,3000
2025-05-20T13:04:12.845327,KXBTCD-25MAY2017-T106999.99,DELTA,24,1000,30,1250,743,no,70,1000
2025-05-20T13:04:13.125721,KXBTCD-25MAY2017-T106999.99,DELTA,24,1000,30,250,744,no,70,-1000
2025-05-20T13:04:13.166925,KXBTCD-25MAY2017-T106999.99,DELTA,24,1000,29,1000,745,no,71,1000
2025-05-20T13:04:15.136432,KXBTCD-25MAY2017-T106999.99,DELTA,24,1000,29,1000,746,no,70,-250
2025-05-20T13:04:15.137575,KXBTCD-25MAY2017-T106999.99,DELTA,24,1000,29,1000,747,no,69,250
2025-05-20T13:04:15.148050,KXBTCD-25MAY2017-T106999.99,DELTA,24,1000,29,1000,748,yes,15,-500
2025-05-20T13:04:15.148783,KXBTCD-25MAY2017-T106999.99,DELTA,24,1000,31,250,749,no,71,-1000
2025-05-20T13:04:15.186908,KXBTCD-25MAY2017-T106999.99,DELTA,24,1000,31,250,750,yes,17,500
2025-05-20T13:04:15.206554,KXBTCD-25MAY2017-T106999.99,DELTA,24,1000,30,1000,751,no,70,1000
2025-05-20T13:04:15.226008,KXBTCD-25MAY2017-T106999.99,DELTA,24,1000,30,1000,752,yes,16,-2000
2025-05-20T13:04:15.226582,KXBTCD-25MAY2017-T106999.99,DELTA,24,1000,30,1000,753,yes,16,-1250
2025-05-20T13:04:15.246562,KXBTCD-25MAY2017-T106999.99,DELTA,24,1000,30,1000,754,yes,17,-500
2025-05-20T13:04:15.267834,KXBTCD-25MAY2017-T106999.99,DELTA,24,1000,30,1000,755,yes,16,500
2025-05-20T13:04:15.268318,KXBTCD-25MAY2017-T106999.99,DELTA,24,1000,30,1000,756,yes,18,1250
2025-05-20T13:04:15.268687,KXBTCD-25MAY2017-T106999.99,DELTA,24,1000,30,1000,757,yes,18,2000
2025-05-20T13:04:15.307184,KXBTCD-25MAY2017-T106999.99,DELTA,24,1000,30,1000,758,yes,18,-2000
2025-05-20T13:04:15.326078,KXBTCD-25MAY2017-T106999.99,DELTA,24,1000,30,1000,759,yes,18,-1250
2025-05-20T13:04:15.367287,KXBTCD-25MAY2017-T106999.99,DELTA,24,1000,30,1000,760,yes,17,2000
2025-05-20T13:04:15.385473,KXBTCD-25MAY2017-T106999.99,DELTA,24,1000,30,1000,761,yes,17,1250
2025-05-20T13:04:16.925687,KXBTCD-25MAY2017-T106999.99,DELTA,24,1000,31,250,762,no,70,-1000
2025-05-20T13:04:16.966227,KXBTCD-25MAY2017-T106999.99,DELTA,24,1000,30,1000,763,no,70,1000
2025-05-20T13:04:23.473676,KXBTCD-25MAY2017-T106999.99,DELTA,24,1000,30,1000,764,yes,21,-14
2025-05-20T13:04:23.474723,KXBTCD-25MAY2017-T106999.99,DELTA,24,1000,30,1000,765,yes,23,14
2025-05-20T13:04:23.487009,KXBTCD-25MAY2017-T106999.99,DELTA,24,1000,30,1000,766,no,66,-14
2025-05-20T13:04:23.487985,KXBTCD-25MAY2017-T106999.99,DELTA,24,1000,30,1000,767,no,65,14
2025-05-20T13:04:23.907851,KXBTCD-25MAY2017-T106999.99,DELTA,24,1000,31,250,768,no,70,-1000
2025-05-20T13:04:24.086967,KXBTCD-25MAY2017-T106999.99,DELTA,24,1000,31,1250,769,no,69,1000
2025-05-20T13:04:24.666822,KXBTCD-25MAY2017-T106999.99,DELTA,24,1030,31,1250,770,yes,24,30
2025-05-20T13:04:24.667969,KXBTCD-25MAY2017-T106999.99,DELTA,24,1030,31,1250,771,no,62,30
2025-05-20T13:04:24.668784,KXBTCD-25MAY2017-T106999.99,DELTA,24,1030,31,1000,772,no,69,-250
2025-05-20T13:04:24.669358,KXBTCD-25MAY2017-T106999.99,DELTA,24,1030,31,1000,773,yes,23,-30
2025-05-20T13:04:24.687032,KXBTCD-25MAY2017-T106999.99,DELTA,24,1030,31,1000,774,no,64,-30
2025-05-20T13:04:24.706730,KXBTCD-25MAY2017-T106999.99,DELTA,24,1030,31,1000,775,no,68,300
2025-05-20T13:04:24.726329,KXBTCD-25MAY2017-T106999.99,DELTA,24,30,31,1000,776,yes,24,-1000
2025-05-20T13:04:24.727170,KXBTCD-25MAY2017-T106999.99,DELTA,24,30,32,300,777,no,69,-1000
2025-05-20T13:04:24.765823,KXBTCD-25MAY2017-T106999.99,DELTA,25,1000,32,300,778,yes,25,1000
2025-05-20T13:04:24.766613,KXBTCD-25MAY2017-T106999.99,DELTA,25,1000,32,1300,779,no,68,1000
2025-05-20T13:04:24.786332,KXBTCD-25MAY2017-T106999.99,DELTA,25,1000,32,1300,780,yes,16,-500
2025-05-20T13:04:24.806045,KXBTCD-25MAY2017-T106999.99,DELTA,25,1000,32,1000,781,no,68,-300
2025-05-20T13:04:24.826502,KXBTCD-25MAY2017-T106999.99,DELTA,25,1000,32,1000,782,yes,18,500
2025-05-20T13:04:24.845269,KXBTCD-25MAY2017-T106999.99,DELTA,25,1000,32,1000,783,no,67,250
2025-05-20T13:04:24.846145,KXBTCD-25MAY2017-T106999.99,DELTA,25,1000,32,1000,784,yes,17,-2000
2025-05-20T13:04:24.846905,KXBTCD-25MAY2017-T106999.99,DELTA,25,1000,32,1000,785,yes,17,-1250
2025-05-20T13:04:24.906429,KXBTCD-25MAY2017-T106999.99,DELTA,25,1000,32,1000,786,yes,19,2000
2025-05-20T13:04:24.907370,KXBTCD-25MAY2017-T106999.99,DELTA,25,1000,32,1000,787,yes,19,1250
2025-05-20T13:04:25.146051,KXBTCD-25MAY2017-T106999.99,DELTA,25,1000,32,1000,788,no,67,-100
2025-05-20T13:04:25.169182,KXBTCD-25MAY2017-T106999.99,DELTA,25,1000,33,250,789,no,68,-1000
2025-05-20T13:04:25.205590,KXBTCD-25MAY2017-T106999.99,DELTA,25,1000,33,1250,790,no,67,1000
2025-05-20T13:04:25.246108,KXBTCD-25MAY2017-T106999.99,DELTA,25,1000,33,250,791,no,67,-1000
2025-05-20T13:04:25.265323,KXBTCD-25MAY2017-T106999.99,DELTA,25,1000,35,14,792,no,67,-250
2025-05-20T13:04:25.288422,KXBTCD-25MAY2017-T106999.99,DELTA,25,1000,35,14,793,no,63,1000
2025-05-20T13:04:25.288645,KXBTCD-25MAY2017-T106999.99,DELTA,25,1000,34,300,794,no,66,300
2025-05-20T13:04:25.347178,KXBTCD-25MAY2017-T106999.99,DELTA,25,1000,34,300,795,no,63,-1000
2025-05-20T13:04:25.365504,KXBTCD-25MAY2017-T106999.99,DELTA,25,1000,34,300,796,no,40,-200
2025-05-20T13:04:25.365663,KXBTCD-25MAY2017-T106999.99,DELTA,25,1000,34,300,797,no,30,200
2025-05-20T13:04:25.384891,KXBTCD-25MAY2017-T106999.99,DELTA,25,1000,33,1000,798,no,67,1000
2025-05-20T13:04:25.424926,KXBTCD-25MAY2017-T106999.99,DELTA,25,1000,33,1000,799,no,41,-2000
2025-05-20T13:04:25.465894,KXBTCD-25MAY2017-T106999.99,DELTA,25,1000,33,1000,800,no,31,2000
2025-05-20T13:04:26.143640,KXBTCD-25MAY2017-T106999.99,DELTA,25,1000,33,1000,801,no,65,100
2025-05-20T13:04:26.144714,KXBTCD-25MAY2017-T106999.99,DELTA,25,1000,33,1000,802,no,66,-300
2025-05-20T13:04:26.145460,KXBTCD-25MAY2017-T106999.99,DELTA,25,1000,32,50,803,no,68,50
2025-05-20T13:04:26.146092,KXBTCD-25MAY2017-T106999.99,DELTA,25,1000,32,50,804,no,67,-1000
2025-05-20T13:04:26.146704,KXBTCD-25MAY2017-T106999.99,DELTA,25,1000,32,50,805,no,66,1000
2025-05-20T13:04:26.626602,KXBTCD-25MAY2017-T106999.99,DELTA,25,1000,32,50,806,no,66,-1000
2025-05-20T13:04:26.627653,KXBTCD-25MAY2017-T106999.99,DELTA,25,1000,32,1050,807,no,68,1000
2025-05-20T13:04:27.984945,KXBTCD-25MAY2017-T106999.99,DELTA,25,1000,32,1000,808,no,68,-50
2025-05-20T13:04:27.986805,KXBTCD-25MAY2017-T106999.99,DELTA,25,1000,32,1000,809,no,67,150
2025-05-20T13:04:28.025866,KXBTCD-25MAY2017-T106999.99,DELTA,25,1000,33,150,810,no,68,-1000
2025-05-20T13:04:28.073788,KXBTCD-25MAY2017-T106999.99,DELTA,25,1000,32,1000,811,no,68,1000
2025-05-20T13:04:28.726557,KXBTCD-25MAY2017-T106999.99,DELTA,25,1000,33,150,812,no,68,-1000
2025-05-20T13:04:28.767512,KXBTCD-25MAY2017-T106999.99,DELTA,25,1000,33,1150,813,no,67,1000
2025-05-20T13:04:29.666869,KXBTCD-25MAY2017-T106999.99,DELTA,25,1000,33,150,814,no,67,-1000
2025-05-20T13:04:29.770044,KXBTCD-25MAY2017-T106999.99,DELTA,25,1000,32,1000,815,no,68,1000
2025-05-20T13:04:29.770970,KXBTCD-25MAY2017-T106999.99,DELTA,25,1000,32,1000,816,yes,18,-500
2025-05-20T13:04:29.786820,KXBTCD-25MAY2017-T106999.99,DELTA,25,1000,32,1000,817,no,67,-150
2025-05-20T13:04:29.825795,KXBTCD-25MAY2017-T106999.99,DELTA,25,1000,32,1000,818,yes,19,-2000
2025-05-20T13:04:29.845521,KXBTCD-25MAY2017-T106999.99,DELTA,25,1000,32,1000,819,yes,19,-1250
2025-05-20T13:04:29.846359,KXBTCD-25MAY2017-T106999.99,DELTA,25,1000,35,114,820,no,68,-1000
2025-05-20T13:04:29.868242,KXBTCD-25MAY2017-T106999.99,DELTA,25,1000,35,114,821,yes,21,500
2025-05-20T13:04:29.868983,KXBTCD-25MAY2017-T106999.99,DELTA,25,1000,35,164,822,no,65,50
2025-05-20T13:04:29.869662,KXBTCD-25MAY2017-T106999.99,DELTA,25,1000,35,164,823,yes,2,2000
2025-05-20T13:04:29.885614,KXBTCD-25MAY2017-T106999.99,DELTA,25,1000,34,1000,824,no,66,1000
2025-05-20T13:04:29.947303,KXBTCD-25MAY2017-T106999.99,DELTA,25,1000,34,1000,825,yes,2,-2000
2025-05-20T13:04:29.948223,KXBTCD-25MAY2017-T106999.99,DELTA,25,1000,34,1000,826,yes,22,1250
2025-05-20T13:04:29.948816,KXBTCD-25MAY2017-T106999.99,DELTA,25,1000,34,1000,827,no,31,-2000
2025-05-20T13:04:29.987899,KXBTCD-25MAY2017-T106999.99,DELTA,25,1000,34,1000,828,yes,22,2000
2025-05-20T13:04:29.988752,KXBTCD-25MAY2017-T106999.99,DELTA,25,1000,34,1000,829,no,65,2000
2025-05-20T13:04:30.367921,KXBTCD-25MAY2017-T106999.99,DELTA,25,1000,34,1000,830,no,65,-50
2025-05-20T13:04:30.405983,KXBTCD-25MAY2017-T106999.99,DELTA,25,1000,34,1000,831,no,65,150
2025-05-20T13:04:30.427689,KXBTCD-25MAY2017-T106999.99,DELTA,25,1000,34,1000,832,no,65,-2000
2025-05-20T13:04:30.468710,KXBTCD-25MAY2017-T106999.99,DELTA,25,1000,34,1000,833,no,65,2000
2025-05-20T13:04:30.820372,KXBTCD-25MAY2017-T106999.99,DELTA,25,1000,34,1000,834,no,65,-2000
2025-05-20T13:04:30.821410,KXBTCD-25MAY2017-T106999.99,DELTA,25,1000,34,1000,835,no,30,-200
2025-05-20T13:04:30.822051,KXBTCD-25MAY2017-T106999.99,DELTA,25,1000,34,1000,836,no,40,200
2025-05-20T13:04:30.946428,KXBTCD-25MAY2017-T106999.99,DELTA,25,1000,34,3000,837,no,66,2000
2025-05-20T13:04:30.947339,KXBTCD-25MAY2017-T106999.99,DELTA,25,1000,34,3000,838,no,65,1250
2025-05-20T13:04:31.346824,KXBTCD-25MAY2017-T106999.99,DELTA,25,1000,34,1000,839,no,66,-2000
2025-05-20T13:04:31.347801,KXBTCD-25MAY2017-T106999.99,DELTA,25,1000,34,1000,840,no,65,-1250
2025-05-20T13:04:31.348294,KXBTCD-25MAY2017-T106999.99,DELTA,25,1000,34,1000,841,no,65,2000
2025-05-20T13:04:31.366662,KXBTCD-25MAY2017-T106999.99,DELTA,25,1000,34,1000,842,no,65,-100
2025-05-20T13:04:32.227404,KXBTCD-25MAY2017-T106999.99,DELTA,25,1000,34,1000,843,no,65,100
2025-05-20T13:04:32.765811,KXBTCD-25MAY2017-T106999.99,DELTA,25,1000,34,1000,844,no,65,-2000
2025-05-20T13:04:32.766760,KXBTCD-25MAY2017-T106999.99,DELTA,25,1000,34,1000,845,no,65,1250
2025-05-20T13:04:32.805724,KXBTCD-25MAY2017-T106999.99,DELTA,25,1000,34,3000,846,no,66,2000
2025-05-20T13:04:33.267339,KXBTCD-25MAY2017-T106999.99,DELTA,25,1000,34,3000,847,yes,21,-500
2025-05-20T13:04:33.287035,KXBTCD-25MAY2017-T106999.99,DELTA,25,1000,34,3000,848,yes,20,500
2025-05-20T13:04:33.326699,KXBTCD-25MAY2017-T106999.99,DELTA,25,1000,34,3000,849,yes,22,-2000
2025-05-20T13:04:33.347406,KXBTCD-25MAY2017-T106999.99,DELTA,25,1000,34,3000,850,yes,22,-1250
2025-05-20T13:04:33.440099,KXBTCD-25MAY2017-T106999.99,DELTA,25,1000,34,3000,851,yes,21,2000
2025-05-20T13:04:33.440914,KXBTCD-25MAY2017-T106999.99,DELTA,25,1000,34,3000,852,yes,21,1250
2025-05-20T13:04:34.327746,KXBTCD-25MAY2017-T106999.99,DELTA,25,1000,34,1000,853,no,66,-2000
2025-05-20T13:04:34.345660,KXBTCD-25MAY2017-T106999.99,DELTA,25,1000,34,1000,854,no,65,-1250
2025-05-20T13:04:34.387102,KXBTCD-25MAY2017-T106999.99,DELTA,25,1000,34,1000,855,no,65,2000
2025-05-20T13:04:35.105988,KXBTCD-25MAY2017-T106999.99,DELTA,25,1000,34,1000,856,no,24,-1350
2025-05-20T13:04:35.106968,KXBTCD-25MAY2017-T106999.99,DELTA,25,1000,34,1000,857,no,23,1408
2025-05-20T13:04:35.265830,KXBTCD-25MAY2017-T106999.99,DELTA,25,1000,34,1000,858,no,65,-2000
2025-05-20T13:04:35.286792,KXBTCD-25MAY2017-T106999.99,DELTA,25,1000,34,1000,859,no,65,1250
2025-05-20T13:04:35.306450,KXBTCD-25MAY2017-T106999.99,DELTA,25,1000,34,3000,860,no,66,2000
2025-05-20T13:04:35.427011,KXBTCD-25MAY2017-T106999.99,DELTA,25,1000,34,3000,861,yes,20,-500
2025-05-20T13:04:35.427536,KXBTCD-25MAY2017-T106999.99,DELTA,25,1000,34,3000,862,no,65,-1250
2025-05-20T13:04:35.427863,KXBTCD-25MAY2017-T106999.99,DELTA,25,1000,34,3000,863,no,65,-150
2025-05-20T13:04:35.590241,KXBTCD-25MAY2017-T106999.99,DELTA,25,1000,34,4250,864,no,66,1250
2025-05-20T13:04:35.590534,KXBTCD-25MAY2017-T106999.99,DELTA,25,1000,34,4250,865,yes,21,-2000
2025-05-20T13:04:35.590712,KXBTCD-25MAY2017-T106999.99,DELTA,25,1000,34,4250,866,yes,20,500
2025-05-20T13:04:35.590882,KXBTCD-25MAY2017-T106999.99,DELTA,25,1000,34,4250,867,yes,21,-1250
2025-05-20T13:04:35.591016,KXBTCD-25MAY2017-T106999.99,DELTA,25,1000,34,4500,868,no,66,250
2025-05-20T13:04:35.591142,KXBTCD-25MAY2017-T106999.99,DELTA,25,1000,34,2500,869,no,66,-2000
2025-05-20T13:04:35.591263,KXBTCD-25MAY2017-T106999.99,DELTA,25,1000,34,1250,870,no,66,-1250
2025-05-20T13:04:35.591380,KXBTCD-25MAY2017-T106999.99,DELTA,25,1000,34,1250,871,yes,21,1250
2025-05-20T13:04:35.591487,KXBTCD-25MAY2017-T106999.99,DELTA,25,1000,33,2000,872,no,67,2000
2025-05-20T13:04:35.591596,KXBTCD-25MAY2017-T106999.99,DELTA,25,1000,33,2000,873,yes,21,2000
2025-05-20T13:04:35.606637,KXBTCD-25MAY2017-T106999.99,DELTA,25,1000,33,2000,874,no,66,1250
2025-05-20T13:04:35.645701,KXBTCD-25MAY2017-T106999.99,DELTA,25,1000,33,2000,875,no,66,-1000
2025-05-20T13:04:35.645827,KXBTCD-25MAY2017-T106999.99,DELTA,25,1000,33,2000,876,yes,20,-500
2025-05-20T13:04:35.666248,KXBTCD-25MAY2017-T106999.99,DELTA,25,1000,33,2000,877,no,66,-250
2025-05-20T13:04:35.685370,KXBTCD-25MAY2017-T106999.99,DELTA,25,1000,33,3000,878,no,67,1000
2025-05-20T13:04:35.706372,KXBTCD-25MAY2017-T106999.99,DELTA,25,1000,33,3000,879,yes,21,-2000
2025-05-20T13:04:35.706491,KXBTCD-25MAY2017-T106999.99,DELTA,25,1000,33,3000,880,yes,21,-1250
2025-05-20T13:04:35.747082,KXBTCD-25MAY2017-T106999.99,DELTA,25,1000,33,1000,881,no,67,-2000
2025-05-20T13:04:35.747530,KXBTCD-25MAY2017-T106999.99,DELTA,25,1000,34,1250,882,no,67,-1000
2025-05-20T13:04:35.747763,KXBTCD-25MAY2017-T106999.99,DELTA,25,1000,34,1250,883,yes,20,500
2025-05-20T13:04:35.747957,KXBTCD-25MAY2017-T106999.99,DELTA,25,1000,35,114,884,no,66,-1250
2025-05-20T13:04:35.767499,KXBTCD-25MAY2017-T106999.99,DELTA,25,1000,34,150,885,no,66,150
2025-05-20T13:04:35.806697,KXBTCD-25MAY2017-T106999.99,DELTA,25,1000,34,150,886,no,41,2000
2025-05-20T13:04:35.807546,KXBTCD-25MAY2017-T106999.99,DELTA,25,1000,34,1150,887,no,66,1000
2025-05-20T13:04:35.808263,KXBTCD-25MAY2017-T106999.99,DELTA,25,1000,34,1150,888,yes,21,1250
2025-05-20T13:04:35.827946,KXBTCD-25MAY2017-T106999.99,DELTA,25,1000,34,1150,889,yes,2,2000
2025-05-20T13:04:35.855790,KXBTCD-25MAY2017-T106999.99,DELTA,25,1000,34,1150,890,no,41,-2000
2025-05-20T13:04:35.856642,KXBTCD-25MAY2017-T106999.99,DELTA,25,1000,34,1000,891,no,66,-150
2025-05-20T13:04:35.857590,KXBTCD-25MAY2017-T106999.99,DELTA,25,1000,35,114,892,no,66,-1000
2025-05-20T13:04:35.867858,KXBTCD-25MAY2017-T106999.99,DELTA,25,1000,35,114,893,yes,2,-2000
2025-05-20T13:04:35.907221,KXBTCD-25MAY2017-T106999.99,DELTA,25,1000,33,2000,894,no,67,2000
2025-05-20T13:04:35.908053,KXBTCD-25MAY2017-T106999.99,DELTA,25,1000,33,3000,895,no,67,1000
2025-05-20T13:04:35.926290,KXBTCD-25MAY2017-T106999.99,DELTA,25,1000,33,3000,896,no,65,200
2025-05-20T13:04:35.927096,KXBTCD-25MAY2017-T106999.99,DELTA,25,1000,33,3000,897,yes,21,2000
2025-05-20T13:04:35.947378,KXBTCD-25MAY2017-T106999.99,DELTA,25,1000,33,1000,898,no,67,-2000
2025-05-20T13:04:35.968358,KXBTCD-25MAY2017-T106999.99,DELTA,25,1000,35,314,899,no,67,-1000
2025-05-20T13:04:36.063140,KXBTCD-25MAY2017-T106999.99,DELTA,25,1000,34,1250,900,no,66,1250
2025-05-20T13:04:36.063950,KXBTCD-25MAY2017-T106999.99,DELTA,25,1000,34,2250,901,no,66,1000
2025-05-20T13:04:36.064621,KXBTCD-25MAY2017-T106999.99,DELTA,25,1000,34,4250,902,no,66,2000
2025-05-20T13:04:36.066147,KXBTCD-25MAY2017-T106999.99,DELTA,25,1000,34,3000,903,no,66,-1250
2025-05-20T13:04:36.126621,KXBTCD-25MAY2017-T106999.99,DELTA,25,1000,34,3000,904,no,65,1250
2025-05-20T13:04:36.387831,KXBTCD-25MAY2017-T106999.99,DELTA,25,1000,34,3000,905,no,65,-100
2025-05-20T13:04:36.447050,KXBTCD-25MAY2017-T106999.99,DELTA,25,1000,34,3000,906,no,65,-1250
2025-05-20T13:04:37.006732,KXBTCD-25MAY2017-T106999.99,DELTA,25,1000,34,1000,907,no,66,-2000
2025-05-20T13:04:37.110980,KXBTCD-25MAY2017-T106999.99,DELTA,25,1000,34,1000,908,no,65,2000
2025-05-20T13:04:37.148152,KXBTCD-25MAY2017-T106999.99,DELTA,25,1000,34,1000,909,no,65,-2000
2025-05-20T13:04:37.168301,KXBTCD-25MAY2017-T106999.99,DELTA,25,1000,34,1000,910,no,65,-200
2025-05-20T13:04:37.207496,KXBTCD-25MAY2017-T106999.99,DELTA,25,1000,34,1000,911,no,64,250
2025-05-20T13:04:37.208268,KXBTCD-25MAY2017-T106999.99,DELTA,25,1000,34,1000,912,no,41,2000
2025-05-20T13:04:37.229533,KXBTCD-25MAY2017-T106999.99,DELTA,25,1000,35,14,913,no,66,-1000
2025-05-20T13:04:37.247399,KXBTCD-25MAY2017-T106999.99,DELTA,25,1000,35,14,914,yes,20,-500
2025-05-20T13:04:37.267150,KXBTCD-25MAY2017-T106999.99,DELTA,25,1000,35,14,915,no,41,-2000
2025-05-20T13:04:37.267957,KXBTCD-25MAY2017-T106999.99,DELTA,25,1000,35,14,916,yes,22,500
2025-05-20T13:04:37.268621,KXBTCD-25MAY2017-T106999.99,DELTA,25,1000,35,1014,917,no,65,1000
2025-05-20T13:04:37.308711,KXBTCD-25MAY2017-T106999.99,DELTA,25,1000,35,1014,918,yes,21,-2000
2025-05-20T13:04:37.309536,KXBTCD-25MAY2017-T106999.99,DELTA,25,1000,35,1014,919,no,64,2000
2025-05-20T13:04:37.310158,KXBTCD-25MAY2017-T106999.99,DELTA,25,1000,35,1014,920,yes,21,-1250
2025-05-20T13:04:37.368110,KXBTCD-25MAY2017-T106999.99,DELTA,25,1000,35,1014,921,yes,23,2000
2025-05-20T13:04:37.368856,KXBTCD-25MAY2017-T106999.99,DELTA,25,1000,35,1014,922,yes,23,1250
2025-05-20T13:04:37.507366,KXBTCD-25MAY2017-T106999.99,DELTA,25,1014,35,1014,923,yes,25,14
2025-05-20T13:04:37.508333,KXBTCD-25MAY2017-T106999.99,DELTA,25,1014,35,1014,924,yes,23,-14
2025-05-20T13:04:37.527875,KXBTCD-25MAY2017-T106999.99,DELTA,25,1014,35,1000,925,no,65,-14
2025-05-20T13:04:37.528605,KXBTCD-25MAY2017-T106999.99,DELTA,25,1014,35,1000,926,no,63,14
2025-05-20T13:04:37.636728,KXBTCD-25MAY2017-T106999.99,DELTA,25,1014,35,1100,927,no,65,100
2025-05-20T13:04:37.647366,KXBTCD-25MAY2017-T106999.99,DELTA,25,1014,35,100,928,no,65,-1000
2025-05-20T13:04:37.686515,KXBTCD-25MAY2017-T106999.99,DELTA,25,1014,34,1000,929,no,66,1000
2025-05-20T13:04:41.505845,KXBTCD-25MAY2017-T106999.99,DELTA,25,1014,34,1000,930,no,64,-2000
2025-05-20T13:04:41.506804,KXBTCD-25MAY2017-T106999.99,DELTA,25,1014,34,1000,931,yes,10,200
2025-05-20T13:04:41.552420,KXBTCD-25MAY2017-T106999.99,DELTA,25,1014,34,1000,932,no,40,-200
2025-05-20T13:04:41.553274,KXBTCD-25MAY2017-T106999.99,DELTA,25,1014,34,1000,933,no,30,200
2025-05-20T13:04:41.553816,KXBTCD-25MAY2017-T106999.99,DELTA,25,1014,34,1000,934,no,41,2000
2025-05-20T13:04:41.627239,KXBTCD-25MAY2017-T106999.99,DELTA,25,1014,34,1000,935,no,41,-2000
2025-05-20T13:04:41.628004,KXBTCD-25MAY2017-T106999.99,DELTA,25,1014,34,1000,936,no,23,-8000
2025-05-20T13:04:41.670693,KXBTCD-25MAY2017-T106999.99,DELTA,25,1014,34,1000,937,no,31,2000
2025-05-20T13:04:41.671525,KXBTCD-25MAY2017-T106999.99,DELTA,25,1014,34,1000,938,no,64,-250
2025-05-20T13:04:41.687026,KXBTCD-25MAY2017-T106999.99,DELTA,25,1014,34,1000,939,no,9,8000
2025-05-20T13:04:41.706244,KXBTCD-25MAY2017-T106999.99,DELTA,25,1014,34,1000,940,no,63,200
2025-05-20T13:04:41.726956,KXBTCD-25MAY2017-T106999.99,DELTA,25,1014,35,100,941,no,66,-1000
2025-05-20T13:04:41.830836,KXBTCD-25MAY2017-T106999.99,DELTA,25,1014,35,1100,942,no,65,1000
2025-05-20T13:04:41.831667,KXBTCD-25MAY2017-T106999.99,DELTA,25,1014,35,1100,943,no,31,-2000
2025-05-20T13:04:41.832275,KXBTCD-25MAY2017-T106999.99,DELTA,25,1014,35,1100,944,no,63,2000
2025-05-20T13:04:42.117424,KXBTCD-25MAY2017-T106999.99,DELTA,25,1014,35,1100,945,no,63,-2000
2025-05-20T13:04:42.118333,KXBTCD-25MAY2017-T106999.99,DELTA,25,1014,35,1100,946,no,31,2000
2025-05-20T13:04:42.207250,KXBTCD-25MAY2017-T106999.99,DELTA,25,1014,35,1100,947,no,23,-1408
2025-05-20T13:04:42.208131,KXBTCD-25MAY2017-T106999.99,DELTA,25,1014,35,1100,948,no,10,3240
2025-05-20T13:04:42.387842,KXBTCD-25MAY2017-T106999.99,DELTA,26,30,35,1100,949,yes,26,30
2025-05-20T13:04:42.388784,KXBTCD-25MAY2017-T106999.99,DELTA,26,30,35,1100,950,yes,24,-30
2025-05-20T13:04:42.389299,KXBTCD-25MAY2017-T106999.99,DELTA,26,30,35,1100,951,no,62,-30
2025-05-20T13:04:42.389685,KXBTCD-25MAY2017-T106999.99,DELTA,26,30,35,1100,952,no,61,30
2025-05-20T13:04:42.446491,KXBTCD-25MAY2017-T106999.99,DELTA,26,30,35,1100,953,yes,25,-1000
2025-05-20T13:04:42.466175,KXBTCD-25MAY2017-T106999.99,DELTA,26,30,35,1100,954,no,11,20000
2025-05-20T13:04:42.486957,KXBTCD-25MAY2017-T106999.99,DELTA,27,1000,35,1100,955,yes,27,1000
2025-05-20T13:04:42.887356,KXBTCD-25MAY2017-T106999.99,DELTA,27,1000,35,1000,956,no,65,-100
2025-05-20T13:04:42.946514,KXBTCD-25MAY2017-T106999.99,DELTA,27,1000,37,214,957,no,65,-1000
2025-05-20T13:04:43.006798,KXBTCD-25MAY2017-T106999.99,DELTA,27,1000,36,1000,958,no,64,1000
2025-05-20T13:04:43.028914,KXBTCD-25MAY2017-T106999.99,DELTA,27,1000,36,1000,959,no,10,-3240
2025-05-20T13:04:43.029718,KXBTCD-25MAY2017-T106999.99,DELTA,27,1000,36,1000,960,no,12,2700
2025-05-20T13:04:43.106694,KXBTCD-25MAY2017-T106999.99,DELTA,27,1000,36,1000,961,no,11,-20000
2025-05-20T13:04:43.168440,KXBTCD-25MAY2017-T106999.99,DELTA,27,1000,36,1000,962,yes,26,14
2025-05-20T13:04:43.169342,KXBTCD-25MAY2017-T106999.99,DELTA,27,1000,36,1000,963,yes,25,-14
2025-05-20T13:04:43.186506,KXBTCD-25MAY2017-T106999.99,DELTA,27,1000,36,1000,964,no,61,14
2025-05-20T13:04:43.187138,KXBTCD-25MAY2017-T106999.99,DELTA,27,1000,36,1000,965,no,63,-14
2025-05-20T13:04:43.666964,KXBTCD-25MAY2017-T106999.99,DELTA,27,1000,36,1000,966,no,51,-3000
2025-05-20T13:04:43.726785,KXBTCD-25MAY2017-T106999.99,DELTA,27,1000,36,1000,967,no,43,3000
2025-05-20T13:04:43.747183,KXBTCD-25MAY2017-T106999.99,DELTA,27,1000,36,1000,968,yes,22,-500
2025-05-20T13:04:43.747997,KXBTCD-25MAY2017-T106999.99,DELTA,27,1000,36,1000,969,no,63,-200
2025-05-20T13:04:43.806461,KXBTCD-25MAY2017-T106999.99,DELTA,27,1000,36,1000,970,yes,23,-2000
2025-05-20T13:04:43.807282,KXBTCD-25MAY2017-T106999.99,DELTA,27,1000,36,1000,971,yes,23,-1250
2025-05-20T13:04:43.826081,KXBTCD-25MAY2017-T106999.99,DELTA,27,1000,36,1000,972,yes,25,500
2025-05-20T13:04:43.826816,KXBTCD-25MAY2017-T106999.99,DELTA,27,1000,39,44,973,no,64,-1000
2025-05-20T13:04:43.827437,KXBTCD-25MAY2017-T106999.99,DELTA,27,1000,39,244,974,no,61,200
2025-05-20T13:04:43.928563,KXBTCD-25MAY2017-T106999.99,DELTA,27,1000,39,244,975,yes,11,2000
2025-05-20T13:04:43.929495,KXBTCD-25MAY2017-T106999.99,DELTA,27,1000,38,1000,976,no,62,1000
2025-05-20T13:04:43.930174,KXBTCD-25MAY2017-T106999.99,DELTA,27,1000,38,1000,977,yes,26,1250
2025-05-20T13:04:43.946478,KXBTCD-25MAY2017-T106999.99,DELTA,27,1000,38,1000,978,no,31,-2000
2025-05-20T13:04:43.966492,KXBTCD-25MAY2017-T106999.99,DELTA,27,1000,38,1000,979,no,12,-2700
2025-05-20T13:04:43.967275,KXBTCD-25MAY2017-T106999.99,DELTA,27,1000,38,1000,980,no,10,3240
2025-05-20T13:04:43.967909,KXBTCD-25MAY2017-T106999.99,DELTA,27,1000,38,1000,981,yes,11,-2000
2025-05-20T13:04:43.986596,KXBTCD-25MAY2017-T106999.99,DELTA,27,1000,37,100,982,no,63,100
2025-05-20T13:04:44.007713,KXBTCD-25MAY2017-T106999.99,DELTA,27,1000,37,100,983,no,61,2000
2025-05-20T13:04:44.008442,KXBTCD-25MAY2017-T106999.99,DELTA,27,1000,37,100,984,yes,26,2000
2025-05-20T13:04:44.026862,KXBTCD-25MAY2017-T106999.99,DELTA,27,1000,37,100,985,no,11,20000
2025-05-20T13:04:44.066225,KXBTCD-25MAY2017-T106999.99,DELTA,27,1000,37,100,986,no,62,-1000
2025-05-20T13:04:44.116755,KXBTCD-25MAY2017-T106999.99,DELTA,27,1000,36,1000,987,no,64,1000
2025-05-20T13:04:44.151533,KXBTCD-25MAY2017-T106999.99,DELTA,27,1000,36,1000,988,no,61,-2000
2025-05-20T13:04:44.177607,KXBTCD-25MAY2017-T106999.99,DELTA,27,1000,36,1000,989,yes,25,-500
2025-05-20T13:04:44.191488,KXBTCD-25MAY2017-T106999.99,DELTA,27,1000,36,1000,990,no,62,2000
2025-05-20T13:04:44.214617,KXBTCD-25MAY2017-T106999.99,DELTA,27,1000,36,1000,991,yes,24,500
2025-05-20T13:04:44.270451,KXBTCD-25MAY2017-T106999.99,DELTA,27,1000,36,1000,992,yes,26,-2000
2025-05-20T13:04:44.282187,KXBTCD-25MAY2017-T106999.99,DELTA,27,1000,36,1000,993,yes,26,-1250
2025-05-20T13:04:44.325683,KXBTCD-25MAY2017-T106999.99,DELTA,27,1000,36,1000,994,yes,25,2000
2025-05-20T13:04:44.326568,KXBTCD-25MAY2017-T106999.99,DELTA,27,1000,36,1000,995,yes,25,1250
2025-05-20T13:04:44.975982,KXBTCD-25MAY2017-T106999.99,DELTA,27,1000,36,1000,996,no,62,-2000
2025-05-20T13:04:44.976653,KXBTCD-25MAY2017-T106999.99,DELTA,27,1000,36,1000,997,no,10,-3240
2025-05-20T13:04:44.977181,KXBTCD-25MAY2017-T106999.99,DELTA,27,1000,36,1000,998,no,12,2700
2025-05-20T13:04:44.977480,KXBTCD-25MAY2017-T106999.99,DELTA,27,1000,36,1000,999,no,61,2000
2025-05-20T13:04:45.004473,KXBTCD-25MAY2017-T106999.99,DELTA,27,1000,36,1000,1000,no,11,-20000
2025-05-20T13:04:45.886127,KXBTCD-25MAY2017-T106999.99,DELTA,27,1000,36,1000,1001,no,12,-2700
2025-05-20T13:04:45.886686,KXBTCD-25MAY2017-T106999.99,DELTA,27,1000,36,1000,1002,no,10,3240
2025-05-20T13:04:46.022355,KXBTCD-25MAY2017-T106999.99,DELTA,27,1000,36,1000,1003,no,11,20000
2025-05-20T13:04:47.837094,KXBTCD-25MAY2017-T106999.99,DELTA,27,1000,36,1000,1004,yes,24,-500
2025-05-20T13:04:47.855981,KXBTCD-25MAY2017-T106999.99,DELTA,27,1000,36,1000,1005,no,61,-200
2025-05-20T13:04:47.873593,KXBTCD-25MAY2017-T106999.99,DELTA,27,1000,36,1000,1006,no,61,-2000
2025-05-20T13:04:47.874263,KXBTCD-25MAY2017-T106999.99,DELTA,27,1000,36,1000,1007,yes,23,500
2025-05-20T13:04:47.874790,KXBTCD-25MAY2017-T106999.99,DELTA,27,1000,36,1000,1008,yes,25,-2000
2025-05-20T13:04:47.897356,KXBTCD-25MAY2017-T106999.99,DELTA,27,1000,36,1000,1009,yes,25,-1250
2025-05-20T13:04:47.898177,KXBTCD-25MAY2017-T106999.99,DELTA,27,1000,36,1000,1010,no,63,50
2025-05-20T13:04:47.898759,KXBTCD-25MAY2017-T106999.99,DELTA,27,1000,36,1000,1011,no,31,2000
2025-05-20T13:04:47.932239,KXBTCD-25MAY2017-T106999.99,DELTA,27,1000,36,1000,1012,yes,11,2000
2025-05-20T13:04:47.933068,KXBTCD-25MAY2017-T106999.99,DELTA,27,1000,36,1000,1013,yes,24,1250
2025-05-20T13:04:47.975355,KXBTCD-25MAY2017-T106999.99,DELTA,27,1000,36,1000,1014,yes,11,-2000
2025-05-20T13:04:47.999260,KXBTCD-25MAY2017-T106999.99,DELTA,27,1000,36,1000,1015,yes,24,2000
2025-05-20T13:04:48.029682,KXBTCD-25MAY2017-T106999.99,DELTA,27,1000,36,1000,1016,no,63,-50
2025-05-20T13:04:48.119923,KXBTCD-25MAY2017-T106999.99,DELTA,27,1000,36,1000,1017,no,62,250
2025-05-20T13:04:48.120691,KXBTCD-25MAY2017-T106999.99,DELTA,27,1000,36,1000,1018,no,31,-2000
2025-05-20T13:04:48.206583,KXBTCD-25MAY2017-T106999.99,DELTA,27,1000,36,1000,1019,no,62,2000
2025-05-20T13:04:48.644710,KXBTCD-25MAY2017-T106999.99,DELTA,27,1000,36,1000,1020,no,10,-3240
2025-05-20T13:04:48.645906,KXBTCD-25MAY2017-T106999.99,DELTA,27,1000,36,1000,1021,no,12,2700
2025-05-20T13:04:48.646822,KXBTCD-25MAY2017-T106999.99,DELTA,27,1000,36,1000,1022,no,11,-20000
2025-05-20T13:04:49.485500,KXBTCD-25MAY2017-T106999.99,DELTA,27,1000,36,1000,1023,no,62,-2000
2025-05-20T13:04:49.524494,KXBTCD-25MAY2017-T106999.99,DELTA,27,1000,36,1000,1024,no,31,2000
2025-05-20T13:04:50.086096,KXBTCD-25MAY2017-T106999.99,DELTA,27,1000,36,1000,1025,no,12,-2700
2025-05-20T13:04:50.086390,KXBTCD-25MAY2017-T106999.99,DELTA,27,1000,36,1000,1026,no,10,3240
2025-05-20T13:04:50.219884,KXBTCD-25MAY2017-T106999.99,DELTA,27,1000,36,1000,1027,no,11,20000
2025-05-20T13:04:50.741913,KXBTCD-25MAY2017-T106999.99,DELTA,27,1000,36,977,1028,no,64,-23
2025-05-20T13:04:50.970366,KXBTCD-25MAY2017-T106999.99,DELTA,27,1000,36,977,1029,no,10,-3240
2025-05-20T13:04:50.970673,KXBTCD-25MAY2017-T106999.99,DELTA,27,1000,36,977,1030,no,12,2700
2025-05-20T13:04:51.025971,KXBTCD-25MAY2017-T106999.99,DELTA,27,1000,36,977,1031,no,11,-20000
2025-05-20T13:04:51.847067,KXBTCD-25MAY2017-T106999.99,DELTA,27,1000,36,977,1032,no,12,-2700
2025-05-20T13:04:51.847815,KXBTCD-25MAY2017-T106999.99,DELTA,27,1000,36,977,1033,no,10,3240
2025-05-20T13:04:51.907776,KXBTCD-25MAY2017-T106999.99,DELTA,27,1000,36,977,1034,no,11,20000
2025-05-20T13:04:52.046369,KXBTCD-25MAY2017-T106999.99,DELTA,27,1000,36,977,1035,no,31,-2000
2025-05-20T13:04:52.107123,KXBTCD-25MAY2017-T106999.99,DELTA,27,1000,36,977,1036,no,62,2000
2025-05-20T13:04:52.146875,KXBTCD-25MAY2017-T106999.99,DELTA,27,1000,36,977,1037,yes,23,-500
2025-05-20T13:04:52.147887,KXBTCD-25MAY2017-T106999.99,DELTA,27,1000,36,977,1038,no,62,1250
2025-05-20T13:04:52.165979,KXBTCD-25MAY2017-T106999.99,DELTA,27,1000,36,977,1039,yes,22,500
2025-05-20T13:04:52.186034,KXBTCD-25MAY2017-T106999.99,DELTA,27,1000,36,977,1040,no,62,-2000
2025-05-20T13:04:52.205503,KXBTCD-25MAY2017-T106999.99,DELTA,27,1000,36,977,1041,yes,24,-2000
2025-05-20T13:04:52.206300,KXBTCD-25MAY2017-T106999.99,DELTA,27,1000,36,977,1042,yes,24,-1250
2025-05-20T13:04:52.225500,KXBTCD-25MAY2017-T106999.99,DELTA,27,1000,36,977,1043,no,62,-250
2025-05-20T13:04:52.226256,KXBTCD-25MAY2017-T106999.99,DELTA,27,1000,36,977,1044,no,63,2000
2025-05-20T13:04:52.316230,KXBTCD-25MAY2017-T106999.99,DELTA,27,1000,36,1027,1045,no,64,50
2025-05-20T13:04:52.317096,KXBTCD-25MAY2017-T106999.99,DELTA,27,1000,36,1027,1046,yes,23,1250
2025-05-20T13:04:52.317783,KXBTCD-25MAY2017-T106999.99,DELTA,27,1000,36,1027,1047,yes,23,2000
2025-05-20T13:04:52.318414,KXBTCD-25MAY2017-T106999.99,DELTA,27,1000,36,1027,1048,no,63,-2000
2025-05-20T13:04:52.319034,KXBTCD-25MAY2017-T106999.99,DELTA,27,1000,36,1027,1049,no,62,-1250
2025-05-20T13:04:52.325699,KXBTCD-25MAY2017-T106999.99,DELTA,27,1000,36,1027,1050,no,31,2000
2025-05-20T13:04:52.326256,KXBTCD-25MAY2017-T106999.99,DELTA,27,1000,36,50,1051,no,64,-977
2025-05-20T13:04:52.346469,KXBTCD-25MAY2017-T106999.99,DELTA,27,1000,36,50,1052,no,63,-100
2025-05-20T13:04:52.366568,KXBTCD-25MAY2017-T106999.99,DELTA,27,1000,35,1000,1053,no,65,1000
2025-05-20T13:04:52.426641,KXBTCD-25MAY2017-T106999.99,DELTA,27,1000,35,1000,1054,no,64,-50
2025-05-20T13:04:52.486053,KXBTCD-25MAY2017-T106999.99,DELTA,27,1000,35,1000,1055,yes,22,-500
2025-05-20T13:04:52.487106,KXBTCD-25MAY2017-T106999.99,DELTA,27,1000,39,44,1056,no,65,-1000
2025-05-20T13:04:52.526365,KXBTCD-25MAY2017-T106999.99,DELTA,27,1000,39,44,1057,yes,21,500
2025-05-20T13:04:52.527321,KXBTCD-25MAY2017-T106999.99,DELTA,27,1000,36,300,1058,no,64,300
2025-05-20T13:04:52.566541,KXBTCD-25MAY2017-T106999.99,DELTA,27,1000,36,300,1059,no,62,1000
2025-05-20T13:04:52.585515,KXBTCD-25MAY2017-T106999.99,DELTA,27,1000,36,300,1060,yes,23,-2000
2025-05-20T13:04:52.605551,KXBTCD-25MAY2017-T106999.99,DELTA,27,1000,36,300,1061,yes,23,-1250
2025-05-20T13:04:52.625963,KXBTCD-25MAY2017-T106999.99,DELTA,27,1000,36,300,1062,no,62,-1000
2025-05-20T13:04:52.666614,KXBTCD-25MAY2017-T106999.99,DELTA,27,1000,36,300,1063,yes,22,2000
2025-05-20T13:04:52.667412,KXBTCD-25MAY2017-T106999.99,DELTA,27,1000,36,300,1064,yes,22,1250
2025-05-20T13:04:52.685639,KXBTCD-25MAY2017-T106999.99,DELTA,27,1000,35,1000,1065,no,65,1000
2025-05-20T13:04:52.706396,KXBTCD-25MAY2017-T106999.99,DELTA,27,1000,35,1000,1066,no,10,-3240
2025-05-20T13:04:52.707255,KXBTCD-25MAY2017-T106999.99,DELTA,27,1000,35,1000,1067,no,12,2700
2025-05-20T13:04:52.838621,KXBTCD-25MAY2017-T106999.99,DELTA,27,1000,35,1000,1068,no,11,-20000
2025-05-20T13:04:53.607774,KXBTCD-25MAY2017-T106999.99,DELTA,27,1000,35,1000,1069,no,12,-2700
2025-05-20T13:04:53.608827,KXBTCD-25MAY2017-T106999.99,DELTA,27,1000,35,1000,1070,no,10,3240
2025-05-20T13:04:53.610095,KXBTCD-25MAY2017-T106999.99,DELTA,27,1000,35,1000,1071,no,31,-2000
2025-05-20T13:04:53.650659,KXBTCD-25MAY2017-T106999.99,DELTA,27,1000,35,1000,1072,no,64,2000
2025-05-20T13:04:53.653166,KXBTCD-25MAY2017-T106999.99,DELTA,27,1000,35,1000,1073,no,9,-8000
2025-05-20T13:04:53.666772,KXBTCD-25MAY2017-T106999.99,DELTA,27,1000,35,1000,1074,no,11,20000
2025-05-20T13:04:53.696991,KXBTCD-25MAY2017-T106999.99,DELTA,27,1000,35,1000,1075,yes,25,14
2025-05-20T13:04:53.697887,KXBTCD-25MAY2017-T106999.99,DELTA,27,1000,35,1000,1076,yes,26,-14
2025-05-20T13:04:53.698622,KXBTCD-25MAY2017-T106999.99,DELTA,27,1000,35,1000,1077,no,63,14
2025-05-20T13:04:53.699232,KXBTCD-25MAY2017-T106999.99,DELTA,27,1000,35,1000,1078,no,61,-14
2025-05-20T13:04:53.709795,KXBTCD-25MAY2017-T106999.99,DELTA,27,1000,35,1000,1079,no,10,8000
2025-05-20T13:04:53.728043,KXBTCD-25MAY2017-T106999.99,DELTA,27,1000,35,1100,1080,no,65,100
2025-05-20T13:04:53.888585,KXBTCD-25MAY2017-T106999.99,DELTA,27,1000,35,100,1081,no,65,-1000
2025-05-20T13:04:53.889263,KXBTCD-25MAY2017-T106999.99,DELTA,27,1000,34,1000,1082,no,66,1000
2025-05-20T13:04:53.890068,KXBTCD-25MAY2017-T106999.99,DELTA,27,1000,34,1000,1083,no,64,-2000
2025-05-20T13:04:53.906744,KXBTCD-25MAY2017-T106999.99,DELTA,27,1000,34,1000,1084,no,31,2000
2025-05-20T13:04:55.606342,KXBTCD-25MAY2017-T106999.99,DELTA,27,1000,34,1000,1085,no,31,-2000
2025-05-20T13:04:55.646780,KXBTCD-25MAY2017-T106999.99,DELTA,27,1000,34,1000,1086,no,64,2000
2025-05-20T13:04:55.668094,KXBTCD-25MAY2017-T106999.99,DELTA,27,1000,34,1000,1087,yes,21,-500
