timestamp,market_ticker,type,yes_bid_price_cents,yes_bid_qty,yes_ask_price_cents,yes_ask_qty_on_no_side,sequence_num,delta_side,delta_price_cents,delta_quantity
2025-05-22T18:03:48.669858,KXBTCD-25MAY2222-T111999.99,SNAPSHOT,28,100,32,1000,1,,,
2025-05-22T18:03:48.741447,KXBTCD-25MAY2222-T111999.99,DELTA,28,100,32,1000,2,yes,23,9
2025-05-22T18:03:48.741617,KXBTCD-25MAY2222-T111999.99,DELTA,28,100,32,1000,3,yes,6,-9
2025-05-22T18:03:48.941046,KXBTCD-25MAY2222-T111999.99,DELTA,28,100,32,1000,4,yes,26,-100
2025-05-22T18:03:49.120100,KXBTCD-25MAY2222-T111999.99,DELTA,28,100,32,1000,5,yes,28,0
2025-05-22T18:03:49.180704,KXBTCD-25MAY2222-T111999.99,DELTA,28,100,32,1100,6,no,68,100
2025-05-22T18:03:49.240297,KXBTCD-25MAY2222-T111999.99,DELTA,28,100,32,100,7,no,68,-1000
2025-05-22T18:03:49.279736,KXBTCD-25MAY2222-T111999.99,DELTA,28,100,31,1000,8,no,69,1000
2025-05-22T18:03:51.020834,KXBTCD-25MAY2222-T111999.99,DELTA,28,100,31,1000,9,yes,24,-14
2025-05-22T18:03:51.020967,KXBTCD-25MAY2222-T111999.99,DELTA,28,100,31,1000,10,yes,22,14
2025-05-22T18:03:51.041308,KXBTCD-25MAY2222-T111999.99,DELTA,28,100,31,1014,11,no,69,14
2025-05-22T18:03:51.041417,KXBTCD-25MAY2222-T111999.99,DELTA,28,100,31,1014,12,no,67,-14
2025-05-22T18:03:52.619955,KXBTCD-25MAY2222-T111999.99,DELTA,28,100,31,1014,13,yes,24,100
2025-05-22T18:03:52.680237,KXBTCD-25MAY2222-T111999.99,DELTA,24,100,31,1014,14,yes,28,-100
2025-05-22T18:03:52.740084,KXBTCD-25MAY2222-T111999.99,DELTA,24,100,31,1014,15,yes,23,-9
2025-05-22T18:03:52.800056,KXBTCD-25MAY2222-T111999.99,DELTA,24,100,31,1014,16,yes,6,9
2025-05-22T18:03:57.140831,KXBTCD-25MAY2222-T111999.99,DELTA,24,100,31,1014,17,yes,22,-30
2025-05-22T18:03:57.140978,KXBTCD-25MAY2222-T111999.99,DELTA,24,100,31,1014,18,yes,20,30
2025-05-22T18:03:57.141326,KXBTCD-25MAY2222-T111999.99,DELTA,24,100,31,1014,19,no,67,-30
2025-05-22T18:03:57.141425,KXBTCD-25MAY2222-T111999.99,DELTA,24,100,31,1044,20,no,69,30
2025-05-22T18:03:57.141499,KXBTCD-25MAY2222-T111999.99,DELTA,24,100,31,1044,21,yes,5,-1000
2025-05-22T18:03:57.141572,KXBTCD-25MAY2222-T111999.99,DELTA,24,100,31,44,22,no,69,-1000
2025-05-22T18:03:57.141631,KXBTCD-25MAY2222-T111999.99,DELTA,24,100,30,1000,23,no,70,1000
2025-05-22T18:03:57.141692,KXBTCD-25MAY2222-T111999.99,DELTA,24,100,30,1000,24,yes,20,1000
2025-05-22T18:03:57.650965,KXBTCD-25MAY2222-T111999.99,DELTA,24,100,30,1000,25,no,68,-100
2025-05-22T18:03:58.599671,KXBTCD-25MAY2222-T111999.99,DELTA,24,100,30,1000,26,yes,20,-1000
2025-05-22T18:03:58.639856,KXBTCD-25MAY2222-T111999.99,DELTA,24,100,30,1000,27,yes,5,1000
2025-05-22T18:03:58.840729,KXBTCD-25MAY2222-T111999.99,DELTA,24,100,30,1000,28,no,69,100
2025-05-22T18:04:00.281429,KXBTCD-25MAY2222-T111999.99,DELTA,24,100,30,1000,29,yes,5,-1000
2025-05-22T18:04:00.320747,KXBTCD-25MAY2222-T111999.99,DELTA,24,100,30,1000,30,yes,20,1000
2025-05-22T18:04:04.605459,KXBTCD-25MAY2222-T111999.99,DELTA,24,100,30,1000,31,yes,22,-14
2025-05-22T18:04:04.621751,KXBTCD-25MAY2222-T111999.99,DELTA,24,100,30,1000,32,yes,21,14
2025-05-22T18:04:04.622651,KXBTCD-25MAY2222-T111999.99,DELTA,24,100,30,1000,33,no,69,-14
2025-05-22T18:04:04.623087,KXBTCD-25MAY2222-T111999.99,DELTA,24,100,30,1014,34,no,70,14
2025-05-22T18:04:04.721354,KXBTCD-25MAY2222-T111999.99,DELTA,24,100,30,1014,35,yes,6,-9
2025-05-22T18:04:05.081362,KXBTCD-25MAY2222-T111999.99,DELTA,24,100,30,1014,36,yes,20,-1000
2025-05-22T18:04:05.141267,KXBTCD-25MAY2222-T111999.99,DELTA,24,100,30,1014,37,yes,5,1000
2025-05-22T18:04:05.181819,KXBTCD-25MAY2222-T111999.99,DELTA,24,100,30,1014,38,yes,19,30
2025-05-22T18:04:05.200409,KXBTCD-25MAY2222-T111999.99,DELTA,24,100,30,1014,39,yes,20,-30
2025-05-22T18:04:05.201234,KXBTCD-25MAY2222-T111999.99,DELTA,24,100,30,1044,40,no,70,30
2025-05-22T18:04:05.201753,KXBTCD-25MAY2222-T111999.99,DELTA,24,100,30,1044,41,no,69,-30
2025-05-22T18:04:05.240771,KXBTCD-25MAY2222-T111999.99,DELTA,24,100,30,1044,42,yes,5,-1000
2025-05-22T18:04:05.261831,KXBTCD-25MAY2222-T111999.99,DELTA,24,100,30,44,43,no,70,-1000
2025-05-22T18:04:05.280421,KXBTCD-25MAY2222-T111999.99,DELTA,24,100,30,44,44,yes,19,1000
2025-05-22T18:04:05.339836,KXBTCD-25MAY2222-T111999.99,DELTA,24,100,29,1000,45,no,71,1000
2025-05-22T18:04:05.400238,KXBTCD-25MAY2222-T111999.99,DELTA,24,100,29,1000,46,yes,21,-14
2025-05-22T18:04:05.400430,KXBTCD-25MAY2222-T111999.99,DELTA,24,100,29,1000,47,yes,18,14
2025-05-22T18:04:05.420779,KXBTCD-25MAY2222-T111999.99,DELTA,24,100,29,1000,48,yes,19,-1000
2025-05-22T18:04:05.420912,KXBTCD-25MAY2222-T111999.99,DELTA,24,100,27,14,49,no,73,14
2025-05-22T18:04:05.420989,KXBTCD-25MAY2222-T111999.99,DELTA,24,100,27,14,50,no,70,-14
2025-05-22T18:04:05.459896,KXBTCD-25MAY2222-T111999.99,DELTA,24,100,27,14,51,yes,5,1000
2025-05-22T18:04:05.500615,KXBTCD-25MAY2222-T111999.99,DELTA,24,100,27,14,52,yes,17,30
2025-05-22T18:04:05.500751,KXBTCD-25MAY2222-T111999.99,DELTA,24,100,27,14,53,yes,19,-30
2025-05-22T18:04:05.520932,KXBTCD-25MAY2222-T111999.99,DELTA,24,100,27,14,54,no,70,-30
2025-05-22T18:04:05.521069,KXBTCD-25MAY2222-T111999.99,DELTA,24,100,27,14,55,no,72,30
2025-05-22T18:04:05.521823,KXBTCD-25MAY2222-T111999.99,DELTA,24,100,27,14,56,yes,20,9
2025-05-22T18:04:05.580824,KXBTCD-25MAY2222-T111999.99,DELTA,24,100,27,14,57,yes,5,-1000
2025-05-22T18:04:05.599786,KXBTCD-25MAY2222-T111999.99,DELTA,24,100,27,14,58,no,71,-1000
2025-05-22T18:04:05.620582,KXBTCD-25MAY2222-T111999.99,DELTA,24,100,27,14,59,yes,18,1000
2025-05-22T18:04:05.640142,KXBTCD-25MAY2222-T111999.99,DELTA,24,100,27,1014,60,no,73,1000
2025-05-22T18:04:06.041419,KXBTCD-25MAY2222-T111999.99,DELTA,24,100,27,1014,61,yes,18,-1000
2025-05-22T18:04:06.082387,KXBTCD-25MAY2222-T111999.99,DELTA,24,100,27,1014,62,no,69,-100
2025-05-22T18:04:06.101449,KXBTCD-25MAY2222-T111999.99,DELTA,20,9,27,1014,63,yes,24,-100
2025-05-22T18:04:06.101701,KXBTCD-25MAY2222-T111999.99,DELTA,20,9,27,1014,64,yes,17,1000
2025-05-22T18:04:06.600402,KXBTCD-25MAY2222-T111999.99,DELTA,20,9,27,1014,65,yes,17,-1000
2025-05-22T18:04:06.641602,KXBTCD-25MAY2222-T111999.99,DELTA,20,9,27,1014,66,yes,18,1000
2025-05-22T18:04:06.721392,KXBTCD-25MAY2222-T111999.99,DELTA,20,9,27,1014,67,yes,6,9
2025-05-22T18:04:06.721946,KXBTCD-25MAY2222-T111999.99,DELTA,18,1014,27,1014,68,yes,20,-9
2025-05-22T18:04:07.860510,KXBTCD-25MAY2222-T111999.99,DELTA,21,100,27,1014,69,yes,21,100
2025-05-22T18:04:07.880910,KXBTCD-25MAY2222-T111999.99,DELTA,21,100,27,1014,70,no,71,100
2025-05-22T18:04:08.001741,KXBTCD-25MAY2222-T111999.99,DELTA,21,100,27,1014,71,yes,6,-9
2025-05-22T18:04:08.354284,KXBTCD-25MAY2222-T111999.99,DELTA,21,100,27,1014,72,yes,18,-1000
2025-05-22T18:04:08.381422,KXBTCD-25MAY2222-T111999.99,DELTA,21,100,27,1014,73,yes,17,1000
2025-05-22T18:04:10.582494,KXBTCD-25MAY2222-T111999.99,DELTA,21,100,27,1014,74,no,71,-100
2025-05-22T18:04:10.801562,KXBTCD-25MAY2222-T111999.99,DELTA,21,100,27,1014,75,yes,4,-8100
2025-05-22T18:04:10.802312,KXBTCD-25MAY2222-T111999.99,DELTA,21,100,27,1014,76,yes,1,32400
2025-05-22T18:04:10.867787,KXBTCD-25MAY2222-T111999.99,DELTA,21,100,27,1014,77,yes,5,-20000
2025-05-22T18:04:10.868353,KXBTCD-25MAY2222-T111999.99,DELTA,21,100,27,1014,78,yes,5,-2000
2025-05-22T18:04:10.881380,KXBTCD-25MAY2222-T111999.99,DELTA,21,100,27,1014,79,yes,5,-1250
2025-05-22T18:04:10.920683,KXBTCD-25MAY2222-T111999.99,DELTA,21,100,27,1014,80,yes,2,2000
2025-05-22T18:04:10.940070,KXBTCD-25MAY2222-T111999.99,DELTA,21,100,27,1014,81,yes,2,20000
2025-05-22T18:04:10.940451,KXBTCD-25MAY2222-T111999.99,DELTA,21,100,27,1014,82,yes,2,1250
2025-05-22T18:04:11.245533,KXBTCD-25MAY2222-T111999.99,DELTA,21,100,27,1014,83,yes,17,14
2025-05-22T18:04:11.245924,KXBTCD-25MAY2222-T111999.99,DELTA,21,100,27,1014,84,yes,18,-14
2025-05-22T18:04:11.261660,KXBTCD-25MAY2222-T111999.99,DELTA,21,100,26,14,85,no,74,14
2025-05-22T18:04:11.262195,KXBTCD-25MAY2222-T111999.99,DELTA,21,100,26,14,86,no,73,-14
2025-05-22T18:04:11.282118,KXBTCD-25MAY2222-T111999.99,DELTA,21,100,26,14,87,yes,16,30
2025-05-22T18:04:11.301741,KXBTCD-25MAY2222-T111999.99,DELTA,21,100,26,14,88,no,73,30
2025-05-22T18:04:11.302331,KXBTCD-25MAY2222-T111999.99,DELTA,21,100,26,14,89,yes,17,-30
2025-05-22T18:04:11.302764,KXBTCD-25MAY2222-T111999.99,DELTA,21,100,26,14,90,no,72,-30
2025-05-22T18:04:11.361518,KXBTCD-25MAY2222-T111999.99,DELTA,21,100,26,14,91,no,73,-1000
2025-05-22T18:04:11.422293,KXBTCD-25MAY2222-T111999.99,DELTA,21,100,26,1014,92,no,74,1000
2025-05-22T18:04:11.482659,KXBTCD-25MAY2222-T111999.99,DELTA,21,100,26,1014,93,no,57,9
2025-05-22T18:04:12.188457,KXBTCD-25MAY2222-T111999.99,DELTA,17,1014,26,1014,94,yes,21,-100
2025-05-22T18:04:12.299456,KXBTCD-25MAY2222-T111999.99,DELTA,17,1014,26,1014,95,no,57,-9
2025-05-22T18:04:12.339656,KXBTCD-25MAY2222-T111999.99,DELTA,17,1014,26,1014,96,no,73,100
2025-05-22T18:04:13.300513,KXBTCD-25MAY2222-T111999.99,DELTA,17,1014,26,1014,97,yes,1,-32400
2025-05-22T18:04:13.361880,KXBTCD-25MAY2222-T111999.99,DELTA,17,1014,26,1014,98,yes,2,-20000
2025-05-22T18:04:13.362543,KXBTCD-25MAY2222-T111999.99,DELTA,17,1014,26,1014,99,yes,2,-2000
2025-05-22T18:04:13.381147,KXBTCD-25MAY2222-T111999.99,DELTA,17,1014,26,1014,100,yes,2,-1250
2025-05-22T18:04:13.600144,KXBTCD-25MAY2222-T111999.99,DELTA,17,1014,26,1000,101,no,74,-14
2025-05-22T18:04:13.600534,KXBTCD-25MAY2222-T111999.99,DELTA,17,1014,26,214,102,no,74,-786
2025-05-22T18:04:13.660833,KXBTCD-25MAY2222-T111999.99,DELTA,17,1000,26,214,103,yes,17,-14
2025-05-22T18:04:13.679962,KXBTCD-25MAY2222-T111999.99,DELTA,19,14,26,214,104,yes,19,14
2025-05-22T18:04:13.680253,KXBTCD-25MAY2222-T111999.99,DELTA,19,14,26,214,105,no,71,14
2025-05-22T18:04:14.560705,KXBTCD-25MAY2222-T111999.99,DELTA,20,100,26,214,106,yes,20,100
2025-05-22T18:04:14.700206,KXBTCD-25MAY2222-T111999.99,DELTA,20,100,26,214,107,no,57,9
2025-05-22T18:04:16.902229,KXBTCD-25MAY2222-T111999.99,DELTA,20,100,26,214,108,yes,17,-1000
2025-05-22T18:04:16.941294,KXBTCD-25MAY2222-T111999.99,DELTA,20,100,26,214,109,yes,16,1000
2025-05-22T18:04:17.212512,KXBTCD-25MAY2222-T111999.99,DELTA,20,100,26,214,110,yes,16,-1000
2025-05-22T18:04:17.233791,KXBTCD-25MAY2222-T111999.99,DELTA,20,100,26,214,111,yes,17,1000
2025-05-22T18:04:17.803031,KXBTCD-25MAY2222-T111999.99,DELTA,20,100,26,214,112,yes,17,-1000
2025-05-22T18:04:17.862025,KXBTCD-25MAY2222-T111999.99,DELTA,20,100,26,214,113,yes,16,1000
2025-05-22T18:04:18.132610,KXBTCD-25MAY2222-T111999.99,DELTA,20,100,26,214,114,yes,4,9
2025-05-22T18:04:18.222359,KXBTCD-25MAY2222-T111999.99,DELTA,20,100,26,214,115,yes,4,-9
2025-05-22T18:04:18.223795,KXBTCD-25MAY2222-T111999.99,DELTA,20,100,26,214,116,no,57,-9
2025-05-22T18:04:18.321394,KXBTCD-25MAY2222-T111999.99,DELTA,20,100,26,214,117,no,57,9
2025-05-22T18:04:19.260081,KXBTCD-25MAY2222-T111999.99,DELTA,20,100,26,214,118,yes,16,-1000
2025-05-22T18:04:19.300816,KXBTCD-25MAY2222-T111999.99,DELTA,20,100,26,214,119,yes,17,1000
2025-05-22T18:04:19.380390,KXBTCD-25MAY2222-T111999.99,DELTA,20,100,26,214,120,yes,4,9
2025-05-22T18:04:24.623242,KXBTCD-25MAY2222-T111999.99,DELTA,20,100,26,214,121,yes,17,-1000
2025-05-22T18:04:24.680720,KXBTCD-25MAY2222-T111999.99,DELTA,20,100,26,214,122,yes,16,1000
2025-05-22T18:04:24.800399,KXBTCD-25MAY2222-T111999.99,DELTA,20,100,26,214,123,yes,14,30
2025-05-22T18:04:24.800702,KXBTCD-25MAY2222-T111999.99,DELTA,20,100,26,214,124,yes,16,-30
2025-05-22T18:04:24.800809,KXBTCD-25MAY2222-T111999.99,DELTA,20,100,25,30,125,no,75,30
2025-05-22T18:04:24.800896,KXBTCD-25MAY2222-T111999.99,DELTA,20,100,25,30,126,no,73,-30
2025-05-22T18:04:24.881739,KXBTCD-25MAY2222-T111999.99,DELTA,20,100,25,30,127,yes,16,-1000
2025-05-22T18:04:24.882008,KXBTCD-25MAY2222-T111999.99,DELTA,20,100,25,30,128,no,74,-214
2025-05-22T18:04:24.921539,KXBTCD-25MAY2222-T111999.99,DELTA,20,100,24,1000,129,no,76,1000
2025-05-22T18:04:24.941473,KXBTCD-25MAY2222-T111999.99,DELTA,20,100,24,1000,130,yes,15,1000
2025-05-22T18:04:25.202258,KXBTCD-25MAY2222-T111999.99,DELTA,20,100,24,1000,131,no,40,-200
2025-05-22T18:04:25.202644,KXBTCD-25MAY2222-T111999.99,DELTA,20,100,24,1000,132,no,50,200
2025-05-22T18:04:25.280182,KXBTCD-25MAY2222-T111999.99,DELTA,20,100,24,1000,133,no,41,-2000
2025-05-22T18:04:25.321556,KXBTCD-25MAY2222-T111999.99,DELTA,20,100,24,1000,134,no,51,2000
2025-05-22T18:04:25.459957,KXBTCD-25MAY2222-T111999.99,DELTA,19,14,24,1000,135,yes,20,-100
2025-05-22T18:04:25.460312,KXBTCD-25MAY2222-T111999.99,DELTA,19,14,24,1000,136,no,73,-100
2025-05-22T18:04:25.579953,KXBTCD-25MAY2222-T111999.99,DELTA,19,14,24,1000,137,yes,4,-9
2025-05-22T18:04:25.580229,KXBTCD-25MAY2222-T111999.99,DELTA,19,14,24,1000,138,no,57,-9
2025-05-22T18:04:26.360040,KXBTCD-25MAY2222-T111999.99,DELTA,19,14,24,1000,139,yes,17,100
2025-05-22T18:04:26.380128,KXBTCD-25MAY2222-T111999.99,DELTA,19,14,24,1000,140,no,75,100
2025-05-22T18:04:26.420990,KXBTCD-25MAY2222-T111999.99,DELTA,17,100,24,1000,141,yes,19,-14
2025-05-22T18:04:26.421495,KXBTCD-25MAY2222-T111999.99,DELTA,17,114,24,1000,142,yes,17,14
2025-05-22T18:04:26.440306,KXBTCD-25MAY2222-T111999.99,DELTA,17,114,24,1000,143,no,71,-14
2025-05-22T18:04:26.440778,KXBTCD-25MAY2222-T111999.99,DELTA,17,114,24,1000,144,no,73,14
2025-05-22T18:04:29.282181,KXBTCD-25MAY2222-T111999.99,DELTA,17,114,24,1000,145,yes,15,-1000
2025-05-22T18:04:29.301926,KXBTCD-25MAY2222-T111999.99,DELTA,17,114,24,1000,146,yes,16,14
2025-05-22T18:04:29.302826,KXBTCD-25MAY2222-T111999.99,DELTA,17,100,24,1000,147,yes,17,-14
2025-05-22T18:04:29.303203,KXBTCD-25MAY2222-T111999.99,DELTA,17,100,24,1000,148,no,74,14
2025-05-22T18:04:29.303402,KXBTCD-25MAY2222-T111999.99,DELTA,17,100,24,1000,149,no,73,-14
2025-05-22T18:04:29.321675,KXBTCD-25MAY2222-T111999.99,DELTA,17,100,24,1000,150,yes,14,-30
2025-05-22T18:04:29.322304,KXBTCD-25MAY2222-T111999.99,DELTA,17,100,24,1000,151,yes,13,30
2025-05-22T18:04:29.322737,KXBTCD-25MAY2222-T111999.99,DELTA,17,100,24,1000,152,yes,2,-3000
2025-05-22T18:04:29.323235,KXBTCD-25MAY2222-T111999.99,DELTA,17,100,24,1000,153,no,75,-30
2025-05-22T18:04:29.341735,KXBTCD-25MAY2222-T111999.99,DELTA,17,100,24,1000,154,yes,14,1000
2025-05-22T18:04:29.342064,KXBTCD-25MAY2222-T111999.99,DELTA,17,100,24,1030,155,no,76,30
2025-05-22T18:04:29.342265,KXBTCD-25MAY2222-T111999.99,DELTA,17,100,24,1030,156,no,23,-8000
2025-05-22T18:04:29.401873,KXBTCD-25MAY2222-T111999.99,DELTA,17,100,24,1030,157,yes,4,9
2025-05-22T18:04:29.402582,KXBTCD-25MAY2222-T111999.99,DELTA,17,100,24,1030,158,no,36,8000
2025-05-22T18:04:29.403120,KXBTCD-25MAY2222-T111999.99,DELTA,17,100,24,1030,159,yes,1,3000
2025-05-22T18:04:29.441261,KXBTCD-25MAY2222-T111999.99,DELTA,17,100,24,30,160,no,76,-1000
2025-05-22T18:04:29.480979,KXBTCD-25MAY2222-T111999.99,DELTA,17,100,23,1000,161,no,77,1000
2025-05-22T18:04:29.500479,KXBTCD-25MAY2222-T111999.99,DELTA,17,100,23,1000,162,yes,11,30
2025-05-22T18:04:29.520866,KXBTCD-25MAY2222-T111999.99,DELTA,17,100,22,30,163,no,78,30
2025-05-22T18:04:29.521654,KXBTCD-25MAY2222-T111999.99,DELTA,17,100,22,30,164,yes,13,-30
2025-05-22T18:04:29.522051,KXBTCD-25MAY2222-T111999.99,DELTA,17,100,22,30,165,no,76,-30
2025-05-22T18:04:29.581714,KXBTCD-25MAY2222-T111999.99,DELTA,17,100,22,30,166,yes,14,-1000
2025-05-22T18:04:29.582562,KXBTCD-25MAY2222-T111999.99,DELTA,17,100,22,30,167,no,77,-1000
2025-05-22T18:04:29.640799,KXBTCD-25MAY2222-T111999.99,DELTA,17,100,21,1000,168,no,79,1000
2025-05-22T18:04:29.641642,KXBTCD-25MAY2222-T111999.99,DELTA,17,100,21,1000,169,yes,12,1000
2025-05-22T18:04:30.302090,KXBTCD-25MAY2222-T111999.99,DELTA,17,100,21,1000,170,yes,1,-3000
2025-05-22T18:04:30.421519,KXBTCD-25MAY2222-T111999.99,DELTA,17,100,21,1000,171,yes,4,-9
2025-05-22T18:04:30.422382,KXBTCD-25MAY2222-T111999.99,DELTA,17,100,21,1000,172,yes,13,9
2025-05-22T18:04:30.482147,KXBTCD-25MAY2222-T111999.99,DELTA,17,100,21,1000,173,no,75,-100
2025-05-22T18:04:30.782327,KXBTCD-25MAY2222-T111999.99,DELTA,17,100,21,1000,174,yes,16,-14
2025-05-22T18:04:30.782856,KXBTCD-25MAY2222-T111999.99,DELTA,17,100,21,1000,175,yes,14,14
2025-05-22T18:04:30.783154,KXBTCD-25MAY2222-T111999.99,DELTA,17,100,21,1000,176,no,74,-14
2025-05-22T18:04:30.783311,KXBTCD-25MAY2222-T111999.99,DELTA,17,100,21,1000,177,no,76,14
2025-05-22T18:04:31.062093,KXBTCD-25MAY2222-T111999.99,DELTA,14,14,21,1000,178,yes,17,-100
2025-05-22T18:04:31.180765,KXBTCD-25MAY2222-T111999.99,DELTA,14,14,21,1000,179,yes,13,-9
2025-05-22T18:04:32.921261,KXBTCD-25MAY2222-T111999.99,DELTA,14,14,21,1000,180,no,77,100
2025-05-22T18:04:32.922244,KXBTCD-25MAY2222-T111999.99,DELTA,15,100,21,1000,181,yes,15,100
2025-05-22T18:04:33.680986,KXBTCD-25MAY2222-T111999.99,DELTA,15,100,21,1000,182,no,24,-1350
2025-05-22T18:04:33.681565,KXBTCD-25MAY2222-T111999.99,DELTA,15,100,21,1000,183,no,4,8100
2025-05-22T18:04:33.741722,KXBTCD-25MAY2222-T111999.99,DELTA,15,100,21,1000,184,no,5,20000
2025-05-22T18:04:33.920902,KXBTCD-25MAY2222-T111999.99,DELTA,14,14,21,1000,185,yes,15,-100
2025-05-22T18:04:33.921910,KXBTCD-25MAY2222-T111999.99,DELTA,14,14,21,1000,186,no,77,-100
2025-05-22T18:04:35.281768,KXBTCD-25MAY2222-T111999.99,DELTA,17,100,21,1000,187,yes,17,100
2025-05-22T18:04:35.302009,KXBTCD-25MAY2222-T111999.99,DELTA,17,100,21,1000,188,no,75,100
2025-05-22T18:04:35.400708,KXBTCD-25MAY2222-T111999.99,DELTA,17,100,21,1000,189,yes,13,9
2025-05-22T18:04:36.200806,KXBTCD-25MAY2222-T111999.99,DELTA,17,100,21,1000,190,no,4,-8100
2025-05-22T18:04:36.200977,KXBTCD-25MAY2222-T111999.99,DELTA,17,100,21,1000,191,no,6,5400
2025-05-22T18:04:36.261009,KXBTCD-25MAY2222-T111999.99,DELTA,17,100,21,1000,192,no,5,-20000
2025-05-22T18:04:36.300752,KXBTCD-25MAY2222-T111999.99,DELTA,17,100,21,1000,193,no,7,20000
2025-05-22T18:04:37.301097,KXBTCD-25MAY2222-T111999.99,DELTA,17,100,21,1000,194,no,6,-5400
2025-05-22T18:04:37.301571,KXBTCD-25MAY2222-T111999.99,DELTA,17,100,21,1000,195,no,8,4050
2025-05-22T18:04:37.360329,KXBTCD-25MAY2222-T111999.99,DELTA,17,100,21,1000,196,no,7,-20000
2025-05-22T18:04:37.401479,KXBTCD-25MAY2222-T111999.99,DELTA,17,100,21,1000,197,no,9,20000
2025-05-22T18:04:37.440052,KXBTCD-25MAY2222-T111999.99,DELTA,17,100,21,1000,198,no,75,-100
2025-05-22T18:04:37.621559,KXBTCD-25MAY2222-T111999.99,DELTA,17,100,21,1000,199,yes,11,-30
2025-05-22T18:04:37.646086,KXBTCD-25MAY2222-T111999.99,DELTA,17,100,21,1000,200,yes,10,30
2025-05-22T18:04:37.646893,KXBTCD-25MAY2222-T111999.99,DELTA,17,100,21,1000,201,no,78,-30
2025-05-22T18:04:37.647657,KXBTCD-25MAY2222-T111999.99,DELTA,17,100,21,1030,202,no,79,30
2025-05-22T18:04:37.662946,KXBTCD-25MAY2222-T111999.99,DELTA,17,100,21,1030,203,no,51,-2000
2025-05-22T18:04:37.663542,KXBTCD-25MAY2222-T111999.99,DELTA,17,100,21,1030,204,yes,12,-1000
2025-05-22T18:04:37.664112,KXBTCD-25MAY2222-T111999.99,DELTA,17,100,21,1030,205,no,9,-20000
2025-05-22T18:04:37.664707,KXBTCD-25MAY2222-T111999.99,DELTA,17,100,21,30,206,no,79,-1000
2025-05-22T18:04:38.222175,KXBTCD-25MAY2222-T111999.99,DELTA,17,100,21,30,207,yes,11,1000
2025-05-22T18:04:38.341111,KXBTCD-25MAY2222-T111999.99,DELTA,17,100,21,30,208,yes,13,-9
2025-05-22T18:04:38.341923,KXBTCD-25MAY2222-T111999.99,DELTA,17,100,21,30,209,yes,12,9
2025-05-22T18:04:38.342446,KXBTCD-25MAY2222-T111999.99,DELTA,17,100,21,30,210,no,57,9
2025-05-22T18:04:38.342915,KXBTCD-25MAY2222-T111999.99,DELTA,17,100,21,30,211,no,8,-4050
2025-05-22T18:04:38.343337,KXBTCD-25MAY2222-T111999.99,DELTA,17,100,21,30,212,no,4,8100
2025-05-22T18:04:38.401802,KXBTCD-25MAY2222-T111999.99,DELTA,17,100,20,1000,213,no,80,1000
2025-05-22T18:04:38.641471,KXBTCD-25MAY2222-T111999.99,DELTA,17,100,20,1000,214,no,5,20000
2025-05-22T18:04:38.801579,KXBTCD-25MAY2222-T111999.99,DELTA,17,100,20,1000,215,no,76,100
2025-05-22T18:04:38.860414,KXBTCD-25MAY2222-T111999.99,DELTA,14,14,20,1000,216,yes,17,-100
2025-05-22T18:04:39.546290,KXBTCD-25MAY2222-T111999.99,DELTA,14,14,20,1000,217,no,4,-8100
2025-05-22T18:04:39.547413,KXBTCD-25MAY2222-T111999.99,DELTA,14,14,20,1000,218,no,6,5400
2025-05-22T18:04:39.661568,KXBTCD-25MAY2222-T111999.99,DELTA,14,14,20,1000,219,no,5,-20000
2025-05-22T18:04:39.681185,KXBTCD-25MAY2222-T111999.99,DELTA,14,14,20,1000,220,no,7,20000
2025-05-22T18:04:39.781861,KXBTCD-25MAY2222-T111999.99,DELTA,14,14,20,1000,221,no,57,-9
2025-05-22T18:04:39.782771,KXBTCD-25MAY2222-T111999.99,DELTA,14,14,20,1000,222,yes,12,-9
2025-05-22T18:04:40.601613,KXBTCD-25MAY2222-T111999.99,DELTA,14,14,20,1000,223,no,76,-100
2025-05-22T18:04:40.800994,KXBTCD-25MAY2222-T111999.99,DELTA,14,14,20,1000,224,no,6,-5400
2025-05-22T18:04:40.802270,KXBTCD-25MAY2222-T111999.99,DELTA,14,14,20,1000,225,no,8,4050
2025-05-22T18:04:40.860976,KXBTCD-25MAY2222-T111999.99,DELTA,14,14,20,1000,226,no,7,-20000
2025-05-22T18:04:40.901230,KXBTCD-25MAY2222-T111999.99,DELTA,14,14,20,1000,227,no,9,20000
2025-05-22T18:04:41.684817,KXBTCD-25MAY2222-T111999.99,DELTA,14,14,20,1000,228,no,77,100
2025-05-22T18:04:41.685606,KXBTCD-25MAY2222-T111999.99,DELTA,15,100,20,1000,229,yes,15,100
2025-05-22T18:04:43.220318,KXBTCD-25MAY2222-T111999.99,DELTA,15,100,20,1000,230,no,77,-100
2025-05-22T18:04:44.981530,KXBTCD-25MAY2222-T111999.99,DELTA,15,100,20,1000,231,no,77,100
2025-05-22T18:04:45.199997,KXBTCD-25MAY2222-T111999.99,DELTA,15,100,20,1000,232,no,8,-4050
2025-05-22T18:04:45.200333,KXBTCD-25MAY2222-T111999.99,DELTA,15,100,20,1000,233,no,10,3240
2025-05-22T18:04:45.261537,KXBTCD-25MAY2222-T111999.99,DELTA,15,100,20,1000,234,no,9,-20000
2025-05-22T18:04:45.300931,KXBTCD-25MAY2222-T111999.99,DELTA,15,100,20,1000,235,no,11,20000
2025-05-22T18:04:45.582257,KXBTCD-25MAY2222-T111999.99,DELTA,15,100,20,1000,236,no,77,-100
2025-05-22T18:04:47.285517,KXBTCD-25MAY2222-T111999.99,DELTA,15,100,20,1000,237,no,77,100
2025-05-22T18:04:47.642132,KXBTCD-25MAY2222-T111999.99,DELTA,15,100,20,1000,238,no,77,-100
2025-05-22T18:04:47.821313,KXBTCD-25MAY2222-T111999.99,DELTA,15,100,20,1000,239,no,10,-3240
2025-05-22T18:04:47.822323,KXBTCD-25MAY2222-T111999.99,DELTA,15,100,20,1000,240,no,12,2700
2025-05-22T18:04:47.902155,KXBTCD-25MAY2222-T111999.99,DELTA,15,100,20,1000,241,no,11,-20000
2025-05-22T18:04:48.042680,KXBTCD-25MAY2222-T111999.99,DELTA,15,100,20,1000,242,yes,13,14
2025-05-22T18:04:48.043710,KXBTCD-25MAY2222-T111999.99,DELTA,15,100,20,1000,243,no,78,14
2025-05-22T18:04:48.044611,KXBTCD-25MAY2222-T111999.99,DELTA,15,100,20,1000,244,yes,14,-14
2025-05-22T18:04:48.061566,KXBTCD-25MAY2222-T111999.99,DELTA,15,100,20,1000,245,no,76,-14
2025-05-22T18:04:49.181119,KXBTCD-25MAY2222-T111999.99,DELTA,15,100,20,1000,246,no,12,-2700
2025-05-22T18:04:49.181315,KXBTCD-25MAY2222-T111999.99,DELTA,15,100,20,1000,247,no,4,8100
2025-05-22T18:04:49.240314,KXBTCD-25MAY2222-T111999.99,DELTA,15,100,20,1000,248,no,5,20000
2025-05-22T18:04:49.728363,KXBTCD-25MAY2222-T111999.99,DELTA,15,100,20,1000,249,no,78,100
2025-05-22T18:04:50.241047,KXBTCD-25MAY2222-T111999.99,DELTA,15,100,20,1000,250,yes,11,-1000
2025-05-22T18:04:50.280843,KXBTCD-25MAY2222-T111999.99,DELTA,15,100,20,1000,251,yes,10,1000
2025-05-22T18:04:50.340891,KXBTCD-25MAY2222-T111999.99,DELTA,15,100,20,1000,252,yes,11,9
2025-05-22T18:04:50.359378,KXBTCD-25MAY2222-T111999.99,DELTA,15,100,20,1000,253,no,4,-8100
2025-05-22T18:04:50.359835,KXBTCD-25MAY2222-T111999.99,DELTA,15,100,20,1000,254,no,6,5400
2025-05-22T18:04:50.420615,KXBTCD-25MAY2222-T111999.99,DELTA,15,100,20,1000,255,no,5,-20000
2025-05-22T18:04:50.460238,KXBTCD-25MAY2222-T111999.99,DELTA,15,100,20,1000,256,no,7,20000
2025-05-22T18:04:51.481319,KXBTCD-25MAY2222-T111999.99,DELTA,15,100,20,1000,257,no,6,-5400
2025-05-22T18:04:51.481717,KXBTCD-25MAY2222-T111999.99,DELTA,15,100,20,1000,258,no,8,4050
2025-05-22T18:04:51.541138,KXBTCD-25MAY2222-T111999.99,DELTA,15,100,20,1000,259,no,7,-20000
2025-05-22T18:04:51.589928,KXBTCD-25MAY2222-T111999.99,DELTA,15,100,20,1000,260,no,9,20000
2025-05-22T18:04:52.600897,KXBTCD-25MAY2222-T111999.99,DELTA,15,100,20,1000,261,no,8,-4050
2025-05-22T18:04:52.601253,KXBTCD-25MAY2222-T111999.99,DELTA,15,100,20,1000,262,no,10,3240
2025-05-22T18:04:52.661373,KXBTCD-25MAY2222-T111999.99,DELTA,15,100,20,1000,263,no,9,-20000
2025-05-22T18:04:52.700738,KXBTCD-25MAY2222-T111999.99,DELTA,15,100,20,1000,264,no,11,20000
2025-05-22T18:04:54.061402,KXBTCD-25MAY2222-T111999.99,DELTA,13,14,20,1000,265,yes,15,-100
2025-05-22T18:04:54.180921,KXBTCD-25MAY2222-T111999.99,DELTA,13,14,20,1000,266,yes,11,-9
2025-05-22T18:04:56.060714,KXBTCD-25MAY2222-T111999.99,DELTA,13,14,20,1000,267,no,78,-100
2025-05-22T18:04:56.941396,KXBTCD-25MAY2222-T111999.99,DELTA,13,114,20,1000,268,yes,13,100
2025-05-22T18:04:57.080686,KXBTCD-25MAY2222-T111999.99,DELTA,13,114,20,1000,269,no,10,-3240
2025-05-22T18:04:57.081060,KXBTCD-25MAY2222-T111999.99,DELTA,13,114,20,1000,270,no,12,2700
2025-05-22T18:04:57.140247,KXBTCD-25MAY2222-T111999.99,DELTA,13,114,20,1000,271,no,11,-20000
2025-05-22T18:04:57.496768,KXBTCD-25MAY2222-T111999.99,DELTA,13,14,20,1000,272,yes,13,-100
2025-05-22T18:04:58.301099,KXBTCD-25MAY2222-T111999.99,DELTA,13,14,20,1000,273,no,79,100
2025-05-22T18:04:59.279978,KXBTCD-25MAY2222-T111999.99,DELTA,13,14,20,1000,274,yes,8,30
2025-05-22T18:04:59.280497,KXBTCD-25MAY2222-T111999.99,DELTA,13,14,20,1000,275,yes,10,-30
2025-05-22T18:04:59.301188,KXBTCD-25MAY2222-T111999.99,DELTA,13,14,20,1000,276,no,79,-30
2025-05-22T18:04:59.301637,KXBTCD-25MAY2222-T111999.99,DELTA,13,14,19,30,277,no,81,30
2025-05-22T18:04:59.340794,KXBTCD-25MAY2222-T111999.99,DELTA,13,14,19,30,278,yes,10,-1000
2025-05-22T18:04:59.360335,KXBTCD-25MAY2222-T111999.99,DELTA,13,14,19,30,279,no,80,-1000
2025-05-22T18:04:59.380053,KXBTCD-25MAY2222-T111999.99,DELTA,13,14,19,30,280,yes,9,1000
2025-05-22T18:04:59.400481,KXBTCD-25MAY2222-T111999.99,DELTA,13,14,18,1000,281,no,82,1000
2025-05-22T18:04:59.681705,KXBTCD-25MAY2222-T111999.99,DELTA,13,14,18,1000,282,no,12,-2700
2025-05-22T18:04:59.681855,KXBTCD-25MAY2222-T111999.99,DELTA,13,14,18,1000,283,no,4,8100
2025-05-22T18:04:59.740977,KXBTCD-25MAY2222-T111999.99,DELTA,13,14,18,1000,284,no,5,20000
2025-05-22T18:05:00.160172,KXBTCD-25MAY2222-T111999.99,DELTA,13,114,18,1000,285,yes,13,100
2025-05-22T18:05:00.840759,KXBTCD-25MAY2222-T111999.99,DELTA,13,114,18,1000,286,no,4,-8100
2025-05-22T18:05:00.840958,KXBTCD-25MAY2222-T111999.99,DELTA,13,114,18,1000,287,no,6,5400
2025-05-22T18:05:00.901044,KXBTCD-25MAY2222-T111999.99,DELTA,13,114,18,1000,288,no,5,-20000
2025-05-22T18:05:00.961725,KXBTCD-25MAY2222-T111999.99,DELTA,13,114,18,1000,289,no,7,20000
2025-05-22T18:05:01.160769,KXBTCD-25MAY2222-T111999.99,DELTA,13,114,18,1000,290,yes,6,250
2025-05-22T18:05:01.160969,KXBTCD-25MAY2222-T111999.99,DELTA,13,114,18,1000,291,yes,4,250
2025-05-22T18:05:01.181274,KXBTCD-25MAY2222-T111999.99,DELTA,13,114,18,1000,292,yes,2,250
2025-05-22T18:05:01.300756,KXBTCD-25MAY2222-T111999.99,DELTA,13,114,18,1000,293,no,70,250
2025-05-22T18:05:01.319961,KXBTCD-25MAY2222-T111999.99,DELTA,13,114,18,1000,294,no,72,250
2025-05-22T18:05:01.320163,KXBTCD-25MAY2222-T111999.99,DELTA,13,114,18,1000,295,no,74,250
2025-05-22T18:05:01.340288,KXBTCD-25MAY2222-T111999.99,DELTA,13,114,18,1000,296,no,76,250
2025-05-22T18:05:01.340486,KXBTCD-25MAY2222-T111999.99,DELTA,13,114,18,1000,297,no,68,250
2025-05-22T18:05:01.500259,KXBTCD-25MAY2222-T111999.99,DELTA,13,114,18,1000,298,yes,7,2000
2025-05-22T18:05:01.500414,KXBTCD-25MAY2222-T111999.99,DELTA,13,114,18,1000,299,yes,7,1250
2025-05-22T18:05:01.561053,KXBTCD-25MAY2222-T111999.99,DELTA,13,114,18,1000,300,no,79,-100
2025-05-22T18:05:01.761049,KXBTCD-25MAY2222-T111999.99,DELTA,13,114,18,1000,301,no,77,2000
2025-05-22T18:05:01.780264,KXBTCD-25MAY2222-T111999.99,DELTA,13,114,18,1000,302,yes,7,-2000
2025-05-22T18:05:01.780407,KXBTCD-25MAY2222-T111999.99,DELTA,13,114,18,1000,303,no,56,-3000
2025-05-22T18:05:01.920669,KXBTCD-25MAY2222-T111999.99,DELTA,13,114,18,1000,304,no,77,1250
2025-05-22T18:05:01.920849,KXBTCD-25MAY2222-T111999.99,DELTA,13,114,18,1000,305,no,73,3000
2025-05-22T18:05:01.921275,KXBTCD-25MAY2222-T111999.99,DELTA,13,114,18,1000,306,yes,6,2000
2025-05-22T18:05:02.621214,KXBTCD-25MAY2222-T111999.99,DELTA,13,114,18,1000,307,no,6,-5400
2025-05-22T18:05:02.621444,KXBTCD-25MAY2222-T111999.99,DELTA,13,114,18,1000,308,no,8,4050
2025-05-22T18:05:02.701015,KXBTCD-25MAY2222-T111999.99,DELTA,13,114,18,1000,309,no,7,-20000
2025-05-22T18:05:02.999921,KXBTCD-25MAY2222-T111999.99,DELTA,13,114,18,1000,310,no,9,20000
2025-05-22T18:05:04.500585,KXBTCD-25MAY2222-T111999.99,DELTA,13,114,18,1000,311,no,80,100
2025-05-22T18:05:05.001022,KXBTCD-25MAY2222-T111999.99,DELTA,13,114,18,1000,312,no,8,-4050
2025-05-22T18:05:05.001225,KXBTCD-25MAY2222-T111999.99,DELTA,13,114,18,1000,313,no,10,3240
2025-05-22T18:05:05.201499,KXBTCD-25MAY2222-T111999.99,DELTA,13,114,18,1000,314,no,9,-20000
2025-05-22T18:05:05.400198,KXBTCD-25MAY2222-T111999.99,DELTA,13,114,18,1000,315,no,11,20000
2025-05-22T18:05:05.700616,KXBTCD-25MAY2222-T111999.99,DELTA,13,100,18,1000,316,yes,13,-14
2025-05-22T18:05:05.701128,KXBTCD-25MAY2222-T111999.99,DELTA,13,100,18,1000,317,yes,11,14
2025-05-22T18:05:05.799266,KXBTCD-25MAY2222-T111999.99,DELTA,13,100,18,1000,318,no,78,-14
2025-05-22T18:05:05.799431,KXBTCD-25MAY2222-T111999.99,DELTA,13,100,18,1000,319,no,79,14
2025-05-22T18:05:06.701056,KXBTCD-25MAY2222-T111999.99,DELTA,13,100,18,1000,320,yes,8,-30
2025-05-22T18:05:06.701192,KXBTCD-25MAY2222-T111999.99,DELTA,13,100,18,1000,321,yes,6,30
2025-05-22T18:05:06.721408,KXBTCD-25MAY2222-T111999.99,DELTA,13,100,18,1000,322,no,80,-100
2025-05-22T18:05:06.721613,KXBTCD-25MAY2222-T111999.99,DELTA,13,100,18,1000,323,no,81,-30
2025-05-22T18:05:06.721696,KXBTCD-25MAY2222-T111999.99,DELTA,13,100,17,30,324,no,83,30
2025-05-22T18:05:06.900852,KXBTCD-25MAY2222-T111999.99,DELTA,13,100,17,30,325,yes,9,-1000
2025-05-22T18:05:06.901012,KXBTCD-25MAY2222-T111999.99,DELTA,13,100,17,30,326,no,10,-3240
2025-05-22T18:05:06.901083,KXBTCD-25MAY2222-T111999.99,DELTA,13,100,17,30,327,no,12,2700
2025-05-22T18:05:06.901678,KXBTCD-25MAY2222-T111999.99,DELTA,11,14,17,30,328,yes,13,-100
2025-05-22T18:05:07.000337,KXBTCD-25MAY2222-T111999.99,DELTA,11,14,17,30,329,no,82,-1000
2025-05-22T18:05:07.000530,KXBTCD-25MAY2222-T111999.99,DELTA,11,14,17,30,330,yes,7,1000
2025-05-22T18:05:07.001503,KXBTCD-25MAY2222-T111999.99,DELTA,11,14,17,30,331,no,11,-20000
2025-05-22T18:05:07.200078,KXBTCD-25MAY2222-T111999.99,DELTA,11,14,16,1000,332,no,84,1000
2025-05-22T18:05:09.719959,KXBTCD-25MAY2222-T111999.99,DELTA,12,100,16,1000,333,yes,12,100
2025-05-22T18:05:09.720134,KXBTCD-25MAY2222-T111999.99,DELTA,12,100,16,1000,334,no,80,100
2025-05-22T18:05:09.819872,KXBTCD-25MAY2222-T111999.99,DELTA,12,100,16,1000,335,yes,6,-2000
2025-05-22T18:05:09.859691,KXBTCD-25MAY2222-T111999.99,DELTA,12,100,16,1000,336,no,73,-3000
2025-05-22T18:05:09.881013,KXBTCD-25MAY2222-T111999.99,DELTA,12,100,16,1000,337,yes,7,2000
2025-05-22T18:05:10.083938,KXBTCD-25MAY2222-T111999.99,DELTA,12,100,16,1000,338,yes,8,9
2025-05-22T18:05:10.401428,KXBTCD-25MAY2222-T111999.99,DELTA,12,100,16,1000,339,no,72,3000
2025-05-22T18:05:11.580910,KXBTCD-25MAY2222-T111999.99,DELTA,12,100,16,1000,340,no,12,-2700
2025-05-22T18:05:11.581114,KXBTCD-25MAY2222-T111999.99,DELTA,12,100,16,1000,341,no,4,8100
2025-05-22T18:05:11.661101,KXBTCD-25MAY2222-T111999.99,DELTA,12,100,16,1000,342,no,5,20000
2025-05-22T18:05:13.033339,KXBTCD-25MAY2222-T111999.99,DELTA,12,100,16,1000,343,yes,7,-2000
2025-05-22T18:05:13.084206,KXBTCD-25MAY2222-T111999.99,DELTA,12,100,16,1000,344,yes,6,2000
2025-05-22T18:05:13.542422,KXBTCD-25MAY2222-T111999.99,DELTA,12,100,16,1000,345,yes,6,-2000
2025-05-22T18:05:13.581410,KXBTCD-25MAY2222-T111999.99,DELTA,12,100,16,1000,346,no,80,-100
2025-05-22T18:05:13.660177,KXBTCD-25MAY2222-T111999.99,DELTA,12,100,16,1000,347,yes,7,2000
2025-05-22T18:05:13.921674,KXBTCD-25MAY2222-T111999.99,DELTA,12,100,16,1000,348,yes,7,-2000
2025-05-22T18:05:13.981975,KXBTCD-25MAY2222-T111999.99,DELTA,12,100,16,1000,349,yes,6,2000
2025-05-22T18:05:14.180436,KXBTCD-25MAY2222-T111999.99,DELTA,12,100,16,1000,350,no,4,-8100
2025-05-22T18:05:14.180574,KXBTCD-25MAY2222-T111999.99,DELTA,12,100,16,1000,351,no,6,5400
2025-05-22T18:05:14.281015,KXBTCD-25MAY2222-T111999.99,DELTA,12,100,16,1000,352,no,5,-20000
2025-05-22T18:05:14.340271,KXBTCD-25MAY2222-T111999.99,DELTA,12,100,16,1000,353,no,7,20000
2025-05-22T18:05:14.560396,KXBTCD-25MAY2222-T111999.99,DELTA,12,100,16,1000,354,yes,6,-2000
2025-05-22T18:05:14.660464,KXBTCD-25MAY2222-T111999.99,DELTA,12,100,16,1000,355,no,81,100
2025-05-22T18:05:14.721132,KXBTCD-25MAY2222-T111999.99,DELTA,12,100,16,1000,356,yes,7,2000
2025-05-22T18:05:14.900337,KXBTCD-25MAY2222-T111999.99,DELTA,12,100,16,1000,357,yes,7,-2000
2025-05-22T18:05:14.960085,KXBTCD-25MAY2222-T111999.99,DELTA,12,100,16,1000,358,yes,6,2000
2025-05-22T18:05:15.420595,KXBTCD-25MAY2222-T111999.99,DELTA,12,100,16,1000,359,no,6,-5400
2025-05-22T18:05:15.420847,KXBTCD-25MAY2222-T111999.99,DELTA,12,100,16,1000,360,no,8,4050
2025-05-22T18:05:15.481148,KXBTCD-25MAY2222-T111999.99,DELTA,12,100,16,1000,361,no,7,-20000
2025-05-22T18:05:15.740252,KXBTCD-25MAY2222-T111999.99,DELTA,12,100,16,1000,362,no,9,20000
2025-05-22T18:05:16.180577,KXBTCD-25MAY2222-T111999.99,DELTA,12,100,16,1000,363,yes,6,-2000
2025-05-22T18:05:16.221230,KXBTCD-25MAY2222-T111999.99,DELTA,12,100,16,1000,364,yes,7,2000
2025-05-22T18:05:16.559320,KXBTCD-25MAY2222-T111999.99,DELTA,12,100,16,1000,365,no,8,-4050
2025-05-22T18:05:16.559523,KXBTCD-25MAY2222-T111999.99,DELTA,12,100,16,1000,366,no,10,3240
2025-05-22T18:05:16.620015,KXBTCD-25MAY2222-T111999.99,DELTA,12,100,16,1000,367,no,9,-20000
2025-05-22T18:05:16.660633,KXBTCD-25MAY2222-T111999.99,DELTA,12,100,16,1000,368,no,11,20000
2025-05-22T18:05:17.820437,KXBTCD-25MAY2222-T111999.99,DELTA,12,100,16,1000,369,no,10,-3240
2025-05-22T18:05:17.820581,KXBTCD-25MAY2222-T111999.99,DELTA,12,100,16,1000,370,no,37,875
2025-05-22T18:05:17.920273,KXBTCD-25MAY2222-T111999.99,DELTA,12,100,16,1000,371,no,11,-20000
2025-05-22T18:05:25.481237,KXBTCD-25MAY2222-T111999.99,DELTA,12,100,16,1000,372,yes,6,-250
2025-05-22T18:05:25.481388,KXBTCD-25MAY2222-T111999.99,DELTA,12,100,16,1000,373,yes,7,-2000
2025-05-22T18:05:25.502552,KXBTCD-25MAY2222-T111999.99,DELTA,12,100,16,1000,374,no,77,-2000
2025-05-22T18:05:25.502675,KXBTCD-25MAY2222-T111999.99,DELTA,12,100,16,1000,375,yes,7,-1250
2025-05-22T18:05:25.502737,KXBTCD-25MAY2222-T111999.99,DELTA,12,100,16,1000,376,yes,7,-1000
2025-05-22T18:05:25.502792,KXBTCD-25MAY2222-T111999.99,DELTA,12,100,16,1000,377,no,77,-1250
2025-05-22T18:05:25.502842,KXBTCD-25MAY2222-T111999.99,DELTA,12,100,17,30,378,no,84,-1000
2025-05-22T18:05:25.502890,KXBTCD-25MAY2222-T111999.99,DELTA,12,100,17,30,379,yes,11,-14
2025-05-22T18:05:25.520845,KXBTCD-25MAY2222-T111999.99,DELTA,12,100,17,30,380,no,79,-14
2025-05-22T18:05:25.580892,KXBTCD-25MAY2222-T111999.99,DELTA,12,100,17,30,381,no,66,250
2025-05-22T18:05:25.581040,KXBTCD-25MAY2222-T111999.99,DELTA,12,100,17,30,382,yes,6,-30
2025-05-22T18:05:25.601186,KXBTCD-25MAY2222-T111999.99,DELTA,12,100,17,30,383,yes,4,30
2025-05-22T18:05:25.601301,KXBTCD-25MAY2222-T111999.99,DELTA,12,100,19,100,384,no,83,-30
2025-05-22T18:05:25.601363,KXBTCD-25MAY2222-T111999.99,DELTA,12,100,19,100,385,no,76,-250
2025-05-22T18:05:25.601415,KXBTCD-25MAY2222-T111999.99,DELTA,12,100,15,30,386,no,85,30
2025-05-22T18:05:25.680165,KXBTCD-25MAY2222-T111999.99,DELTA,12,100,15,30,387,yes,4,-250
2025-05-22T18:05:25.721082,KXBTCD-25MAY2222-T111999.99,DELTA,12,100,15,30,388,yes,9,14
2025-05-22T18:05:25.721184,KXBTCD-25MAY2222-T111999.99,DELTA,12,100,15,30,389,no,81,14
2025-05-22T18:05:25.980831,KXBTCD-25MAY2222-T111999.99,DELTA,12,100,15,30,390,yes,7,14
2025-05-22T18:05:25.981008,KXBTCD-25MAY2222-T111999.99,DELTA,12,100,15,30,391,yes,9,-14
2025-05-22T18:05:26.000109,KXBTCD-25MAY2222-T111999.99,DELTA,12,100,15,30,392,no,83,14
2025-05-22T18:05:26.000217,KXBTCD-25MAY2222-T111999.99,DELTA,12,100,15,30,393,no,81,-14
2025-05-22T18:05:26.219946,KXBTCD-25MAY2222-T111999.99,DELTA,12,100,15,30,394,no,66,-250
2025-05-22T18:05:26.220106,KXBTCD-25MAY2222-T111999.99,DELTA,12,100,15,30,395,no,68,-250
2025-05-22T18:05:26.302025,KXBTCD-25MAY2222-T111999.99,DELTA,12,100,15,30,396,no,78,250
2025-05-22T18:05:26.321124,KXBTCD-25MAY2222-T111999.99,DELTA,12,100,15,30,397,no,76,250
2025-05-22T18:05:26.400923,KXBTCD-25MAY2222-T111999.99,DELTA,12,100,15,30,398,yes,3,30
2025-05-22T18:05:26.401068,KXBTCD-25MAY2222-T111999.99,DELTA,12,100,15,30,399,yes,4,-30
2025-05-22T18:05:26.423309,KXBTCD-25MAY2222-T111999.99,DELTA,12,100,17,14,400,no,85,-30
2025-05-22T18:05:26.423412,KXBTCD-25MAY2222-T111999.99,DELTA,12,100,14,30,401,no,86,30
2025-05-22T18:05:26.439431,KXBTCD-25MAY2222-T111999.99,DELTA,12,100,14,30,402,no,79,9
2025-05-22T18:05:26.600642,KXBTCD-25MAY2222-T111999.99,DELTA,12,100,14,30,403,yes,4,1000
2025-05-22T18:05:26.619894,KXBTCD-25MAY2222-T111999.99,DELTA,12,100,14,30,404,yes,3,2000
2025-05-22T18:05:26.620800,KXBTCD-25MAY2222-T111999.99,DELTA,12,100,13,1000,405,no,87,1000
2025-05-22T18:05:26.680795,KXBTCD-25MAY2222-T111999.99,DELTA,12,100,13,1000,406,no,70,-250
2025-05-22T18:05:26.680994,KXBTCD-25MAY2222-T111999.99,DELTA,12,100,13,1000,407,no,80,250
2025-05-22T18:05:26.720832,KXBTCD-25MAY2222-T111999.99,DELTA,12,100,13,1000,408,no,79,2000
2025-05-22T18:05:26.780333,KXBTCD-25MAY2222-T111999.99,DELTA,12,100,13,1000,409,no,79,-2000
2025-05-22T18:05:26.920770,KXBTCD-25MAY2222-T111999.99,DELTA,12,100,13,1000,410,yes,3,1250
2025-05-22T18:05:27.020221,KXBTCD-25MAY2222-T111999.99,DELTA,8,9,13,1000,411,yes,12,-100
2025-05-22T18:05:27.041489,KXBTCD-25MAY2222-T111999.99,DELTA,8,9,13,1000,412,no,81,-100
2025-05-22T18:05:27.060822,KXBTCD-25MAY2222-T111999.99,DELTA,8,9,13,1000,413,no,81,1250
2025-05-22T18:05:27.060990,KXBTCD-25MAY2222-T111999.99,DELTA,8,9,13,1000,414,no,81,2000
2025-05-22T18:05:27.221484,KXBTCD-25MAY2222-T111999.99,DELTA,8,9,13,1000,415,no,79,-9
2025-05-22T18:05:27.221632,KXBTCD-25MAY2222-T111999.99,DELTA,7,14,13,1000,416,yes,8,-9
2025-05-22T18:05:34.961473,KXBTCD-25MAY2222-T111999.99,DELTA,7,14,13,1000,417,yes,3,-30
2025-05-22T18:05:34.961807,KXBTCD-25MAY2222-T111999.99,DELTA,7,14,13,1000,418,yes,4,30
2025-05-22T18:05:34.961911,KXBTCD-25MAY2222-T111999.99,DELTA,7,14,13,1000,419,no,85,30
2025-05-22T18:05:34.961987,KXBTCD-25MAY2222-T111999.99,DELTA,7,14,13,1000,420,no,86,-30
2025-05-22T18:05:35.020448,KXBTCD-25MAY2222-T111999.99,DELTA,7,14,13,1000,421,yes,4,-1000
2025-05-22T18:05:35.041334,KXBTCD-25MAY2222-T111999.99,DELTA,7,14,15,30,422,no,87,-1000
2025-05-22T18:05:35.080964,KXBTCD-25MAY2222-T111999.99,DELTA,7,14,14,1000,423,no,86,1000
2025-05-22T18:05:35.101232,KXBTCD-25MAY2222-T111999.99,DELTA,7,14,14,1000,424,yes,5,1000
2025-05-22T18:05:35.302169,KXBTCD-25MAY2222-T111999.99,DELTA,7,14,14,1000,425,no,79,100
2025-05-22T18:05:35.302315,KXBTCD-25MAY2222-T111999.99,DELTA,11,100,14,1000,426,yes,11,100
2025-05-22T18:05:35.861376,KXBTCD-25MAY2222-T111999.99,DELTA,7,14,14,1000,427,yes,11,-100
2025-05-22T18:05:36.880095,KXBTCD-25MAY2222-T111999.99,DELTA,7,14,14,1000,428,no,79,-100
2025-05-22T18:05:37.460002,KXBTCD-25MAY2222-T111999.99,DELTA,12,100,14,1000,429,yes,12,100
2025-05-22T18:05:38.419432,KXBTCD-25MAY2222-T111999.99,DELTA,12,100,14,1000,430,no,80,100
2025-05-22T18:05:38.541490,KXBTCD-25MAY2222-T111999.99,DELTA,12,100,14,1000,431,yes,8,9
2025-05-22T18:05:39.360626,KXBTCD-25MAY2222-T111999.99,DELTA,12,100,14,1000,432,no,80,-100
2025-05-22T18:05:40.661603,KXBTCD-25MAY2222-T111999.99,DELTA,12,100,14,1000,433,no,80,100
2025-05-22T18:05:41.794562,KXBTCD-25MAY2222-T111999.99,DELTA,12,100,14,1000,434,no,80,-100
2025-05-22T18:05:43.520782,KXBTCD-25MAY2222-T111999.99,DELTA,12,100,14,1000,435,no,81,100
2025-05-22T18:05:48.540807,KXBTCD-25MAY2222-T111999.99,DELTA,8,9,14,1000,436,yes,12,-100
2025-05-22T18:05:48.540965,KXBTCD-25MAY2222-T111999.99,DELTA,8,9,14,1000,437,no,81,-100
2025-05-22T18:05:48.659613,KXBTCD-25MAY2222-T111999.99,DELTA,7,14,14,1000,438,yes,8,-9
2025-05-22T18:05:51.480565,KXBTCD-25MAY2222-T111999.99,DELTA,10,100,14,1000,439,yes,10,100
2025-05-22T18:05:51.480741,KXBTCD-25MAY2222-T111999.99,DELTA,10,100,14,1000,440,no,82,100
2025-05-22T18:05:51.620201,KXBTCD-25MAY2222-T111999.99,DELTA,10,100,14,1000,441,yes,6,9
2025-05-22T18:05:52.661132,KXBTCD-25MAY2222-T111999.99,DELTA,7,14,14,1000,442,yes,10,-100
2025-05-22T18:05:52.780990,KXBTCD-25MAY2222-T111999.99,DELTA,7,14,14,1000,443,yes,6,-9
2025-05-22T18:05:54.182904,KXBTCD-25MAY2222-T111999.99,DELTA,7,14,14,1000,444,no,70,250
2025-05-22T18:05:54.183054,KXBTCD-25MAY2222-T111999.99,DELTA,7,14,14,1000,445,no,80,-250
2025-05-22T18:05:54.201683,KXBTCD-25MAY2222-T111999.99,DELTA,7,14,14,1000,446,yes,4,250
2025-05-22T18:05:54.260157,KXBTCD-25MAY2222-T111999.99,DELTA,7,14,14,1000,447,no,81,-2000
2025-05-22T18:05:54.280305,KXBTCD-25MAY2222-T111999.99,DELTA,7,14,14,1000,448,no,81,-1250
2025-05-22T18:05:54.320113,KXBTCD-25MAY2222-T111999.99,DELTA,7,14,14,1000,449,no,79,1250
2025-05-22T18:05:54.341451,KXBTCD-25MAY2222-T111999.99,DELTA,7,14,14,1000,450,no,79,2000
2025-05-22T18:05:54.440742,KXBTCD-25MAY2222-T111999.99,DELTA,7,14,14,1000,451,yes,3,-2000
2025-05-22T18:05:54.440848,KXBTCD-25MAY2222-T111999.99,DELTA,7,14,14,1000,452,yes,3,-1250
2025-05-22T18:05:54.481334,KXBTCD-25MAY2222-T111999.99,DELTA,7,14,14,1000,453,yes,4,2000
2025-05-22T18:05:54.500554,KXBTCD-25MAY2222-T111999.99,DELTA,7,14,14,1000,454,yes,5,1250
2025-05-22T18:05:54.560862,KXBTCD-25MAY2222-T111999.99,DELTA,10,100,14,1000,455,yes,10,100
2025-05-22T18:05:54.960522,KXBTCD-25MAY2222-T111999.99,DELTA,10,100,14,1000,456,yes,4,-2000
2025-05-22T18:05:54.960676,KXBTCD-25MAY2222-T111999.99,DELTA,10,100,14,1000,457,yes,5,-1250
2025-05-22T18:05:55.020311,KXBTCD-25MAY2222-T111999.99,DELTA,10,100,14,1000,458,yes,4,1250
2025-05-22T18:05:55.020445,KXBTCD-25MAY2222-T111999.99,DELTA,10,100,14,1000,459,yes,3,2000
2025-05-22T18:05:55.081194,KXBTCD-25MAY2222-T111999.99,DELTA,10,100,14,1000,460,yes,6,9
2025-05-22T18:05:56.339614,KXBTCD-25MAY2222-T111999.99,DELTA,10,100,14,1000,461,yes,3,-2000
2025-05-22T18:05:56.359934,KXBTCD-25MAY2222-T111999.99,DELTA,10,100,14,1000,462,yes,4,-1250
2025-05-22T18:05:56.440281,KXBTCD-25MAY2222-T111999.99,DELTA,10,100,14,1000,463,yes,4,2000
2025-05-22T18:05:56.480264,KXBTCD-25MAY2222-T111999.99,DELTA,10,100,14,1000,464,yes,5,1250
2025-05-22T18:05:56.540462,KXBTCD-25MAY2222-T111999.99,DELTA,10,100,14,1000,465,yes,4,-2000
2025-05-22T18:05:56.560801,KXBTCD-25MAY2222-T111999.99,DELTA,10,100,14,1000,466,yes,5,-1250
2025-05-22T18:05:56.600731,KXBTCD-25MAY2222-T111999.99,DELTA,10,100,14,1000,467,yes,3,2000
2025-05-22T18:05:56.680624,KXBTCD-25MAY2222-T111999.99,DELTA,10,100,14,1000,468,yes,4,1250
2025-05-22T18:05:59.761520,KXBTCD-25MAY2222-T111999.99,DELTA,10,100,14,1000,469,yes,7,-14
2025-05-22T18:05:59.761727,KXBTCD-25MAY2222-T111999.99,DELTA,10,100,14,1000,470,yes,9,14
2025-05-22T18:05:59.780346,KXBTCD-25MAY2222-T111999.99,DELTA,10,100,14,1000,471,no,81,14
2025-05-22T18:05:59.780452,KXBTCD-25MAY2222-T111999.99,DELTA,10,100,14,1000,472,no,83,-14
2025-05-22T18:05:59.800497,KXBTCD-25MAY2222-T111999.99,DELTA,10,100,14,1000,473,yes,3,-2000
2025-05-22T18:05:59.820675,KXBTCD-25MAY2222-T111999.99,DELTA,10,100,14,1000,474,yes,4,-1250
2025-05-22T18:05:59.881028,KXBTCD-25MAY2222-T111999.99,DELTA,10,100,14,1000,475,yes,4,2000
2025-05-22T18:05:59.900888,KXBTCD-25MAY2222-T111999.99,DELTA,10,100,14,1000,476,yes,5,1250
2025-05-22T18:05:59.981126,KXBTCD-25MAY2222-T111999.99,DELTA,10,100,14,1000,477,yes,6,30
2025-05-22T18:05:59.981270,KXBTCD-25MAY2222-T111999.99,DELTA,10,100,14,1000,478,yes,4,-30
2025-05-22T18:05:59.981350,KXBTCD-25MAY2222-T111999.99,DELTA,10,100,14,1000,479,no,83,30
2025-05-22T18:05:59.981418,KXBTCD-25MAY2222-T111999.99,DELTA,10,100,14,1000,480,no,85,-30
2025-05-22T18:06:00.044896,KXBTCD-25MAY2222-T111999.99,DELTA,10,100,14,1000,481,yes,4,-2000
2025-05-22T18:06:00.101898,KXBTCD-25MAY2222-T111999.99,DELTA,10,100,17,30,482,no,86,-1000
2025-05-22T18:06:00.163271,KXBTCD-25MAY2222-T111999.99,DELTA,10,100,17,30,483,yes,5,2000
2025-05-22T18:06:00.181430,KXBTCD-25MAY2222-T111999.99,DELTA,10,100,16,1000,484,no,84,1000
2025-05-22T18:06:00.183852,KXBTCD-25MAY2222-T111999.99,DELTA,10,100,16,1000,485,yes,5,-1000
2025-05-22T18:06:00.262152,KXBTCD-25MAY2222-T111999.99,DELTA,9,14,16,1000,486,yes,10,-100
2025-05-22T18:06:00.281026,KXBTCD-25MAY2222-T111999.99,DELTA,9,14,16,1000,487,yes,7,1000
2025-05-22T18:06:01.203393,KXBTCD-25MAY2222-T111999.99,DELTA,9,14,16,1000,488,no,70,-250
2025-05-22T18:06:01.204699,KXBTCD-25MAY2222-T111999.99,DELTA,9,14,16,1000,489,no,80,250
2025-05-22T18:06:01.204806,KXBTCD-25MAY2222-T111999.99,DELTA,9,14,16,1000,490,yes,6,250
2025-05-22T18:06:01.220715,KXBTCD-25MAY2222-T111999.99,DELTA,9,14,16,1000,491,yes,8,250
2025-05-22T18:06:01.281667,KXBTCD-25MAY2222-T111999.99,DELTA,9,14,16,1000,492,no,82,-100
2025-05-22T18:06:01.281841,KXBTCD-25MAY2222-T111999.99,DELTA,9,14,16,1000,493,yes,5,-2000
2025-05-22T18:06:01.303265,KXBTCD-25MAY2222-T111999.99,DELTA,9,14,16,1000,494,yes,5,-1250
2025-05-22T18:06:01.303432,KXBTCD-25MAY2222-T111999.99,DELTA,9,14,16,1000,495,no,79,-2000
2025-05-22T18:06:01.303516,KXBTCD-25MAY2222-T111999.99,DELTA,9,14,16,1000,496,yes,6,-9
2025-05-22T18:06:01.320670,KXBTCD-25MAY2222-T111999.99,DELTA,9,14,16,1000,497,no,79,-1250
2025-05-22T18:06:01.360395,KXBTCD-25MAY2222-T111999.99,DELTA,11,14,16,1000,498,yes,11,14
2025-05-22T18:06:01.360573,KXBTCD-25MAY2222-T111999.99,DELTA,11,14,16,1000,499,yes,9,-14
2025-05-22T18:06:01.380620,KXBTCD-25MAY2222-T111999.99,DELTA,11,14,16,1000,500,no,81,-14
2025-05-22T18:06:01.380982,KXBTCD-25MAY2222-T111999.99,DELTA,11,14,16,1000,501,no,79,14
2025-05-22T18:06:01.401084,KXBTCD-25MAY2222-T111999.99,DELTA,11,14,16,1000,502,yes,7,1250
2025-05-22T18:06:01.401308,KXBTCD-25MAY2222-T111999.99,DELTA,11,14,16,1000,503,no,81,2000
2025-05-22T18:06:01.401400,KXBTCD-25MAY2222-T111999.99,DELTA,11,14,16,1000,504,yes,6,2000
2025-05-22T18:06:01.401468,KXBTCD-25MAY2222-T111999.99,DELTA,11,14,16,1000,505,no,81,1250
2025-05-22T18:06:01.401535,KXBTCD-25MAY2222-T111999.99,DELTA,11,14,16,1000,506,yes,7,-1000
2025-05-22T18:06:01.460185,KXBTCD-25MAY2222-T111999.99,DELTA,11,14,16,1000,507,yes,9,1000
2025-05-22T18:06:01.919745,KXBTCD-25MAY2222-T111999.99,DELTA,12,100,16,1000,508,yes,12,100
2025-05-22T18:06:02.381553,KXBTCD-25MAY2222-T111999.99,DELTA,11,14,16,1000,509,yes,12,-100
2025-05-22T18:06:03.320512,KXBTCD-25MAY2222-T111999.99,DELTA,11,14,16,1000,510,yes,6,-2000
2025-05-22T18:06:03.320698,KXBTCD-25MAY2222-T111999.99,DELTA,11,14,16,1000,511,yes,9,-1000
2025-05-22T18:06:03.340854,KXBTCD-25MAY2222-T111999.99,DELTA,11,14,16,1000,512,yes,7,-1250
2025-05-22T18:06:03.420330,KXBTCD-25MAY2222-T111999.99,DELTA,11,14,16,1000,513,yes,5,2000
2025-05-22T18:06:03.420480,KXBTCD-25MAY2222-T111999.99,DELTA,11,14,16,1000,514,yes,6,1250
2025-05-22T18:06:03.480282,KXBTCD-25MAY2222-T111999.99,DELTA,11,14,16,1000,515,yes,8,1000
2025-05-22T18:06:03.900965,KXBTCD-25MAY2222-T111999.99,DELTA,13,100,16,1000,516,yes,13,100
2025-05-22T18:06:04.922316,KXBTCD-25MAY2222-T111999.99,DELTA,13,100,16,1000,517,no,80,100
2025-05-22T18:06:05.061556,KXBTCD-25MAY2222-T111999.99,DELTA,13,100,16,1000,518,yes,9,9
2025-05-22T18:06:11.201450,KXBTCD-25MAY2222-T111999.99,DELTA,13,100,16,1000,519,yes,5,-2000
2025-05-22T18:06:11.201624,KXBTCD-25MAY2222-T111999.99,DELTA,13,100,16,1000,520,yes,8,-1000
2025-05-22T18:06:11.221067,KXBTCD-25MAY2222-T111999.99,DELTA,13,100,16,1000,521,yes,6,-1250
2025-05-22T18:06:11.341436,KXBTCD-25MAY2222-T111999.99,DELTA,13,100,16,1000,522,yes,5,1250
2025-05-22T18:06:11.480587,KXBTCD-25MAY2222-T111999.99,DELTA,13,100,16,1000,523,yes,4,2000
2025-05-22T18:06:11.480741,KXBTCD-25MAY2222-T111999.99,DELTA,13,100,16,1000,524,yes,8,-250
2025-05-22T18:06:11.801398,KXBTCD-25MAY2222-T111999.99,DELTA,13,100,16,1000,525,yes,7,1000
2025-05-22T18:06:12.141272,KXBTCD-25MAY2222-T111999.99,DELTA,13,100,16,1000,526,no,80,-100
2025-05-22T18:06:12.141431,KXBTCD-25MAY2222-T111999.99,DELTA,11,14,16,1000,527,yes,13,-100
2025-05-22T18:06:12.180376,KXBTCD-25MAY2222-T111999.99,DELTA,11,14,16,1000,528,yes,8,250
2025-05-22T18:06:12.261054,KXBTCD-25MAY2222-T111999.99,DELTA,11,14,16,1000,529,yes,8,9
2025-05-22T18:06:12.261212,KXBTCD-25MAY2222-T111999.99,DELTA,11,14,16,1000,530,yes,9,-9
2025-05-22T18:06:14.261139,KXBTCD-25MAY2222-T111999.99,DELTA,11,114,16,1000,531,yes,11,100
2025-05-22T18:06:14.280798,KXBTCD-25MAY2222-T111999.99,DELTA,11,114,16,1000,532,no,81,100
2025-05-22T18:06:14.400897,KXBTCD-25MAY2222-T111999.99,DELTA,11,114,16,1000,533,yes,8,-9
2025-05-22T18:06:17.981980,KXBTCD-25MAY2222-T111999.99,DELTA,11,14,16,1000,534,yes,11,-100
2025-05-22T18:06:19.020710,KXBTCD-25MAY2222-T111999.99,DELTA,12,100,16,1000,535,yes,12,100
2025-05-22T18:06:23.101571,KXBTCD-25MAY2222-T111999.99,DELTA,12,100,16,1000,536,no,37,-875
2025-05-22T18:06:24.201995,KXBTCD-25MAY2222-T111999.99,DELTA,12,100,16,1000,537,no,82,250
2025-05-22T18:06:24.202312,KXBTCD-25MAY2222-T111999.99,DELTA,12,100,16,1000,538,yes,8,-250
2025-05-22T18:06:24.220244,KXBTCD-25MAY2222-T111999.99,DELTA,12,100,16,1000,539,no,72,-250
2025-05-22T18:06:24.320770,KXBTCD-25MAY2222-T111999.99,DELTA,12,100,16,1000,540,yes,8,9
2025-05-22T18:06:24.361645,KXBTCD-25MAY2222-T111999.99,DELTA,12,100,16,1000,541,yes,4,-2000
2025-05-22T18:06:24.381061,KXBTCD-25MAY2222-T111999.99,DELTA,12,100,16,1000,542,yes,7,-1000
2025-05-22T18:06:24.381201,KXBTCD-25MAY2222-T111999.99,DELTA,12,100,16,1000,543,yes,5,-1250
2025-05-22T18:06:24.500114,KXBTCD-25MAY2222-T111999.99,DELTA,12,100,16,1000,544,yes,6,-250
2025-05-22T18:06:24.560275,KXBTCD-25MAY2222-T111999.99,DELTA,11,14,16,1000,545,yes,12,-100
2025-05-22T18:06:24.560410,KXBTCD-25MAY2222-T111999.99,DELTA,11,14,16,1000,546,no,81,-2000
2025-05-22T18:06:24.560471,KXBTCD-25MAY2222-T111999.99,DELTA,11,14,16,1000,547,no,81,-100
2025-05-22T18:06:24.580551,KXBTCD-25MAY2222-T111999.99,DELTA,11,14,16,1000,548,no,81,-1250
2025-05-22T18:06:24.640711,KXBTCD-25MAY2222-T111999.99,DELTA,11,14,16,1000,549,no,83,2000
2025-05-22T18:06:24.680885,KXBTCD-25MAY2222-T111999.99,DELTA,11,14,16,1000,550,no,83,1250
2025-05-22T18:06:24.721344,KXBTCD-25MAY2222-T111999.99,DELTA,11,14,16,1000,551,yes,6,1000
2025-05-22T18:06:24.782192,KXBTCD-25MAY2222-T111999.99,DELTA,11,14,16,1000,552,yes,3,2000
2025-05-22T18:06:25.013963,KXBTCD-25MAY2222-T111999.99,DELTA,11,14,16,1000,553,yes,4,1250
2025-05-22T18:06:25.101090,KXBTCD-25MAY2222-T111999.99,DELTA,11,14,16,1000,554,yes,8,-9
2025-05-22T18:06:25.101238,KXBTCD-25MAY2222-T111999.99,DELTA,11,14,16,1000,555,yes,7,6
2025-05-22T18:06:25.180663,KXBTCD-25MAY2222-T111999.99,DELTA,11,14,16,1000,556,yes,8,250
2025-05-22T18:06:25.180844,KXBTCD-25MAY2222-T111999.99,DELTA,11,14,16,1000,557,yes,6,250
2025-05-22T18:06:25.300730,KXBTCD-25MAY2222-T111999.99,DELTA,11,14,16,1000,558,yes,3,-2000
2025-05-22T18:06:25.300891,KXBTCD-25MAY2222-T111999.99,DELTA,11,14,16,1000,559,yes,6,-1000
2025-05-22T18:06:25.320848,KXBTCD-25MAY2222-T111999.99,DELTA,11,14,16,1000,560,yes,4,-1250
2025-05-22T18:06:25.382877,KXBTCD-25MAY2222-T111999.99,DELTA,11,14,16,1000,561,yes,4,2000
2025-05-22T18:06:25.500837,KXBTCD-25MAY2222-T111999.99,DELTA,11,14,16,1000,562,yes,8,-250
2025-05-22T18:06:25.640007,KXBTCD-25MAY2222-T111999.99,DELTA,11,14,16,1000,563,yes,7,1000
2025-05-22T18:06:25.781402,KXBTCD-25MAY2222-T111999.99,DELTA,11,14,16,1000,564,yes,5,1250
2025-05-22T18:06:25.881887,KXBTCD-25MAY2222-T111999.99,DELTA,11,14,16,1000,565,yes,7,-6
2025-05-22T18:06:26.340939,KXBTCD-25MAY2222-T111999.99,DELTA,11,114,16,1000,566,yes,11,100
2025-05-22T18:06:26.341038,KXBTCD-25MAY2222-T111999.99,DELTA,11,114,16,1000,567,no,81,100
2025-05-22T18:06:26.500723,KXBTCD-25MAY2222-T111999.99,DELTA,11,114,16,1000,568,yes,8,250
2025-05-22T18:06:26.800540,KXBTCD-25MAY2222-T111999.99,DELTA,11,114,16,1000,569,no,81,-100
2025-05-22T18:06:28.301635,KXBTCD-25MAY2222-T111999.99,DELTA,11,114,16,1000,570,no,81,100
2025-05-22T18:06:29.700540,KXBTCD-25MAY2222-T111999.99,DELTA,11,114,16,1000,571,yes,9,14
2025-05-22T18:06:29.700711,KXBTCD-25MAY2222-T111999.99,DELTA,11,100,16,1000,572,yes,11,-14
2025-05-22T18:06:29.700799,KXBTCD-25MAY2222-T111999.99,DELTA,11,100,16,1000,573,no,81,14
2025-05-22T18:06:29.700870,KXBTCD-25MAY2222-T111999.99,DELTA,11,100,16,1000,574,no,79,-14
2025-05-22T18:06:30.060507,KXBTCD-25MAY2222-T111999.99,DELTA,11,100,16,1000,575,no,37,875
2025-05-22T18:06:30.162098,KXBTCD-25MAY2222-T111999.99,DELTA,11,100,16,1000,576,yes,8,-250
2025-05-22T18:06:30.340639,KXBTCD-25MAY2222-T111999.99,DELTA,11,100,16,1000,577,no,81,-100
2025-05-22T18:06:32.301250,KXBTCD-25MAY2222-T111999.99,DELTA,11,100,16,1000,578,yes,4,-2000
2025-05-22T18:06:32.320904,KXBTCD-25MAY2222-T111999.99,DELTA,11,100,16,1000,579,yes,7,-1000
2025-05-22T18:06:32.321025,KXBTCD-25MAY2222-T111999.99,DELTA,11,100,16,1000,580,yes,5,-1250
2025-05-22T18:06:32.360716,KXBTCD-25MAY2222-T111999.99,DELTA,11,100,16,1000,581,no,82,100
2025-05-22T18:06:32.380761,KXBTCD-25MAY2222-T111999.99,DELTA,11,100,16,1000,582,yes,5,1250
2025-05-22T18:06:32.380868,KXBTCD-25MAY2222-T111999.99,DELTA,11,100,16,1000,583,yes,4,2000
2025-05-22T18:06:32.982206,KXBTCD-25MAY2222-T111999.99,DELTA,11,100,16,1000,584,yes,7,1000
2025-05-22T18:06:33.020983,KXBTCD-25MAY2222-T111999.99,DELTA,11,100,16,1000,585,yes,4,-2000
2025-05-22T18:06:33.041375,KXBTCD-25MAY2222-T111999.99,DELTA,11,100,16,1000,586,yes,7,-1000
2025-05-22T18:06:33.041489,KXBTCD-25MAY2222-T111999.99,DELTA,11,100,16,1000,587,yes,5,-1250
2025-05-22T18:06:33.119942,KXBTCD-25MAY2222-T111999.99,DELTA,11,100,16,1000,588,yes,6,1000
2025-05-22T18:06:33.141413,KXBTCD-25MAY2222-T111999.99,DELTA,11,100,16,1000,589,yes,6,-250
2025-05-22T18:06:33.260935,KXBTCD-25MAY2222-T111999.99,DELTA,11,100,16,1000,590,yes,7,9
2025-05-22T18:06:33.360094,KXBTCD-25MAY2222-T111999.99,DELTA,11,100,16,1000,591,yes,3,2000
2025-05-22T18:06:33.479699,KXBTCD-25MAY2222-T111999.99,DELTA,11,100,16,1000,592,yes,4,1250
2025-05-22T18:06:33.523410,KXBTCD-25MAY2222-T111999.99,DELTA,11,100,16,1000,593,yes,6,250
2025-05-22T18:06:34.862567,KXBTCD-25MAY2222-T111999.99,DELTA,11,100,14,1,594,no,86,1
2025-05-22T18:06:35.454929,KXBTCD-25MAY2222-T111999.99,DELTA,11,100,14,1,595,yes,3,-2000
2025-05-22T18:06:35.455402,KXBTCD-25MAY2222-T111999.99,DELTA,11,100,14,1,596,yes,6,-1000
2025-05-22T18:06:35.455487,KXBTCD-25MAY2222-T111999.99,DELTA,11,100,14,1,597,yes,4,-1250
2025-05-22T18:06:35.500065,KXBTCD-25MAY2222-T111999.99,DELTA,11,100,14,1,598,yes,5,1250
2025-05-22T18:06:35.500179,KXBTCD-25MAY2222-T111999.99,DELTA,11,100,14,1,599,yes,4,2000
2025-05-22T18:06:35.520650,KXBTCD-25MAY2222-T111999.99,DELTA,11,100,14,1,600,yes,6,-250
2025-05-22T18:06:35.540309,KXBTCD-25MAY2222-T111999.99,DELTA,11,100,14,1,601,yes,7,1000
2025-05-22T18:06:36.169717,KXBTCD-25MAY2222-T111999.99,DELTA,11,100,14,1,602,yes,6,250
2025-05-22T18:06:36.281005,KXBTCD-25MAY2222-T111999.99,DELTA,11,100,14,1,603,yes,7,-9
2025-05-22T18:06:38.121584,KXBTCD-25MAY2222-T111999.99,DELTA,11,100,14,1,604,yes,4,-2000
2025-05-22T18:06:38.140604,KXBTCD-25MAY2222-T111999.99,DELTA,11,100,14,1,605,yes,7,-1000
2025-05-22T18:06:38.140740,KXBTCD-25MAY2222-T111999.99,DELTA,11,100,14,1,606,yes,5,-1250
2025-05-22T18:06:38.201087,KXBTCD-25MAY2222-T111999.99,DELTA,11,100,14,1,607,yes,4,1250
2025-05-22T18:06:38.201313,KXBTCD-25MAY2222-T111999.99,DELTA,11,100,14,1,608,yes,6,1000
2025-05-22T18:06:38.221940,KXBTCD-25MAY2222-T111999.99,DELTA,11,100,14,1,609,yes,3,2000
2025-05-22T18:06:44.607485,KXBTCD-25MAY2222-T111999.99,DELTA,9,14,14,1,610,yes,11,-100
2025-05-22T18:06:46.962845,KXBTCD-25MAY2222-T111999.99,DELTA,10,100,14,1,611,yes,10,100
2025-05-22T18:06:48.641417,KXBTCD-25MAY2222-T111999.99,DELTA,10,100,14,1,612,no,82,-100
2025-05-22T18:06:51.101168,KXBTCD-25MAY2222-T111999.99,DELTA,10,100,14,1,613,no,83,100
2025-05-22T18:06:57.502509,KXBTCD-25MAY2222-T111999.99,DELTA,10,100,14,1,614,yes,6,-30
2025-05-22T18:06:57.503779,KXBTCD-25MAY2222-T111999.99,DELTA,10,100,14,1,615,yes,4,30
2025-05-22T18:06:57.504634,KXBTCD-25MAY2222-T111999.99,DELTA,10,100,14,1,616,no,85,30
2025-05-22T18:06:57.505215,KXBTCD-25MAY2222-T111999.99,DELTA,10,100,14,1,617,no,83,-30
2025-05-22T18:06:57.565572,KXBTCD-25MAY2222-T111999.99,DELTA,10,100,14,1,618,no,84,-1000
2025-05-22T18:06:57.621978,KXBTCD-25MAY2222-T111999.99,DELTA,10,100,14,1001,619,no,86,1000
2025-05-22T18:06:59.541265,KXBTCD-25MAY2222-T111999.99,DELTA,10,100,14,1001,620,no,83,-100
2025-05-22T18:06:59.542046,KXBTCD-25MAY2222-T111999.99,DELTA,9,14,14,1001,621,yes,10,-100
2025-05-22T18:07:02.163236,KXBTCD-25MAY2222-T111999.99,DELTA,9,14,14,1001,622,yes,8,100
2025-05-22T18:07:02.184557,KXBTCD-25MAY2222-T111999.99,DELTA,9,14,14,1001,623,no,84,100
2025-05-22T18:07:07.198035,KXBTCD-25MAY2222-T111999.99,DELTA,9,14,14,1001,624,no,84,-100
2025-05-22T18:07:09.235868,KXBTCD-25MAY2222-T111999.99,DELTA,9,14,14,1001,625,yes,8,250
2025-05-22T18:07:09.442290,KXBTCD-25MAY2222-T111999.99,DELTA,9,14,14,1001,626,no,85,100
2025-05-22T18:07:13.441603,KXBTCD-25MAY2222-T111999.99,DELTA,9,14,14,1001,627,yes,3,-2000
2025-05-22T18:07:13.441877,KXBTCD-25MAY2222-T111999.99,DELTA,9,14,14,1001,628,yes,6,-1000
2025-05-22T18:07:13.461930,KXBTCD-25MAY2222-T111999.99,DELTA,9,14,14,1001,629,yes,4,-1250
2025-05-22T18:07:13.542194,KXBTCD-25MAY2222-T111999.99,DELTA,9,14,14,1001,630,yes,7,1000
2025-05-22T18:07:13.562419,KXBTCD-25MAY2222-T111999.99,DELTA,9,14,14,1001,631,yes,5,1250
2025-05-22T18:07:13.562764,KXBTCD-25MAY2222-T111999.99,DELTA,9,14,14,1001,632,yes,4,2000
2025-05-22T18:07:15.520179,KXBTCD-25MAY2222-T111999.99,DELTA,9,14,14,1001,633,no,85,-100
2025-05-22T18:07:15.520666,KXBTCD-25MAY2222-T111999.99,DELTA,9,14,14,1001,634,yes,8,-100
2025-05-22T18:07:16.202087,KXBTCD-25MAY2222-T111999.99,DELTA,9,14,14,1001,635,no,72,250
2025-05-22T18:07:16.202702,KXBTCD-25MAY2222-T111999.99,DELTA,9,14,14,1001,636,no,82,-250
2025-05-22T18:07:16.281063,KXBTCD-25MAY2222-T111999.99,DELTA,9,14,14,1001,637,no,83,-2000
2025-05-22T18:07:16.281312,KXBTCD-25MAY2222-T111999.99,DELTA,9,14,14,1001,638,no,83,-1250
2025-05-22T18:07:16.386535,KXBTCD-25MAY2222-T111999.99,DELTA,9,14,14,1001,639,no,81,2000
2025-05-22T18:07:16.386850,KXBTCD-25MAY2222-T111999.99,DELTA,9,14,14,1001,640,no,81,1250
2025-05-22T18:07:17.940720,KXBTCD-25MAY2222-T111999.99,DELTA,9,114,14,1001,641,yes,9,100
2025-05-22T18:07:17.940936,KXBTCD-25MAY2222-T111999.99,DELTA,9,114,14,1001,642,no,83,100
2025-05-22T18:07:18.160448,KXBTCD-25MAY2222-T111999.99,DELTA,9,114,14,1001,643,no,82,250
2025-05-22T18:07:18.160757,KXBTCD-25MAY2222-T111999.99,DELTA,9,114,14,1001,644,no,72,-250
2025-05-22T18:07:18.246877,KXBTCD-25MAY2222-T111999.99,DELTA,9,114,14,1001,645,no,81,-2000
2025-05-22T18:07:18.247609,KXBTCD-25MAY2222-T111999.99,DELTA,9,114,14,1001,646,no,81,-1250
2025-05-22T18:07:18.284200,KXBTCD-25MAY2222-T111999.99,DELTA,9,114,14,1001,647,no,83,2000
2025-05-22T18:07:18.285260,KXBTCD-25MAY2222-T111999.99,DELTA,9,114,14,1001,648,no,83,1250
2025-05-22T18:07:22.121886,KXBTCD-25MAY2222-T111999.99,DELTA,9,114,14,1001,649,yes,4,-2000
2025-05-22T18:07:22.141085,KXBTCD-25MAY2222-T111999.99,DELTA,9,114,14,1001,650,yes,7,-1000
2025-05-22T18:07:22.141210,KXBTCD-25MAY2222-T111999.99,DELTA,9,114,14,1001,651,yes,5,-1250
2025-05-22T18:07:22.200740,KXBTCD-25MAY2222-T111999.99,DELTA,9,114,14,1001,652,yes,4,1250
2025-05-22T18:07:22.200915,KXBTCD-25MAY2222-T111999.99,DELTA,9,114,14,1001,653,yes,6,1000
2025-05-22T18:07:22.201017,KXBTCD-25MAY2222-T111999.99,DELTA,9,114,14,1001,654,yes,3,2000
2025-05-22T18:07:23.171249,KXBTCD-25MAY2222-T111999.99,DELTA,9,114,14,1001,655,yes,8,-250
2025-05-22T18:07:23.722810,KXBTCD-25MAY2222-T111999.99,DELTA,9,114,14,1001,656,no,83,-100
2025-05-22T18:07:25.161935,KXBTCD-25MAY2222-T111999.99,DELTA,9,114,14,1001,657,no,84,100
2025-05-22T18:07:28.382937,KXBTCD-25MAY2222-T111999.99,DELTA,9,114,14,1001,658,yes,4,500
2025-05-22T18:07:28.441878,KXBTCD-25MAY2222-T111999.99,DELTA,9,100,14,1001,659,yes,9,-14
2025-05-22T18:07:28.442615,KXBTCD-25MAY2222-T111999.99,DELTA,6,1250,14,1001,660,yes,9,-100
2025-05-22T18:07:28.443684,KXBTCD-25MAY2222-T111999.99,DELTA,6,1250,9,136,661,no,91,136
2025-05-22T18:07:28.501384,KXBTCD-25MAY2222-T111999.99,DELTA,6,1250,9,136,662,no,81,-14
2025-05-22T18:07:28.523280,KXBTCD-25MAY2222-T111999.99,DELTA,6,1250,9,136,663,yes,5,14
2025-05-22T18:07:28.523923,KXBTCD-25MAY2222-T111999.99,DELTA,6,1250,9,136,664,no,86,14
2025-05-22T18:07:30.697819,KXBTCD-25MAY2222-T111999.99,DELTA,6,1250,9,136,665,yes,5,97
2025-05-22T18:07:30.801862,KXBTCD-25MAY2222-T111999.99,DELTA,6,1250,9,136,666,no,87,9
2025-05-22T18:07:30.942762,KXBTCD-25MAY2222-T111999.99,DELTA,6,1250,9,136,667,no,84,-100
2025-05-22T18:07:32.874104,KXBTCD-25MAY2222-T111999.99,DELTA,6,1250,9,136,668,no,87,100
2025-05-22T18:07:32.941724,KXBTCD-25MAY2222-T111999.99,DELTA,6,1250,9,136,669,no,86,-1000
2025-05-22T18:07:32.982700,KXBTCD-25MAY2222-T111999.99,DELTA,6,1250,9,136,670,no,87,-9
2025-05-22T18:07:32.983345,KXBTCD-25MAY2222-T111999.99,DELTA,6,1250,9,136,671,no,88,1000
2025-05-22T18:07:35.741547,KXBTCD-25MAY2222-T111999.99,DELTA,6,1250,12,1000,672,no,91,-136
2025-05-22T18:07:35.781336,KXBTCD-25MAY2222-T111999.99,DELTA,6,1250,9,350,673,no,91,350
2025-05-22T18:07:36.201517,KXBTCD-25MAY2222-T111999.99,DELTA,6,1250,9,350,674,no,74,-250
2025-05-22T18:07:36.201774,KXBTCD-25MAY2222-T111999.99,DELTA,6,1250,9,350,675,no,84,250
2025-05-22T18:07:36.300627,KXBTCD-25MAY2222-T111999.99,DELTA,6,1250,9,350,676,no,83,-2000
2025-05-22T18:07:36.300787,KXBTCD-25MAY2222-T111999.99,DELTA,6,1250,9,350,677,no,83,-1250
2025-05-22T18:07:36.400056,KXBTCD-25MAY2222-T111999.99,DELTA,6,1250,9,350,678,no,85,2000
2025-05-22T18:07:36.400268,KXBTCD-25MAY2222-T111999.99,DELTA,6,1250,9,350,679,no,85,1250
2025-05-22T18:07:36.982293,KXBTCD-25MAY2222-T111999.99,DELTA,6,1250,9,350,680,no,74,250
2025-05-22T18:07:37.021061,KXBTCD-25MAY2222-T111999.99,DELTA,6,1250,9,350,681,no,84,-250
2025-05-22T18:07:37.101144,KXBTCD-25MAY2222-T111999.99,DELTA,6,1250,9,350,682,no,85,-2000
2025-05-22T18:07:37.101458,KXBTCD-25MAY2222-T111999.99,DELTA,6,1250,9,350,683,no,85,-1250
2025-05-22T18:07:37.141475,KXBTCD-25MAY2222-T111999.99,DELTA,6,1250,9,350,684,no,83,1250
2025-05-22T18:07:37.141743,KXBTCD-25MAY2222-T111999.99,DELTA,6,1250,9,350,685,no,83,2000
2025-05-22T18:07:39.322003,KXBTCD-25MAY2222-T111999.99,DELTA,6,1250,9,350,686,yes,5,-97
2025-05-22T18:07:39.843307,KXBTCD-25MAY2222-T111999.99,DELTA,6,1250,9,350,687,yes,4,-500
2025-05-22T18:07:39.882633,KXBTCD-25MAY2222-T111999.99,DELTA,6,1250,9,350,688,yes,3,500
2025-05-22T18:07:40.182020,KXBTCD-25MAY2222-T111999.99,DELTA,6,1250,9,350,689,no,84,250
2025-05-22T18:07:40.182867,KXBTCD-25MAY2222-T111999.99,DELTA,6,1250,9,350,690,no,74,-250
2025-05-22T18:07:40.242312,KXBTCD-25MAY2222-T111999.99,DELTA,6,1250,9,350,691,no,83,-2000
2025-05-22T18:07:40.261452,KXBTCD-25MAY2222-T111999.99,DELTA,6,1250,9,350,692,no,83,-1250
2025-05-22T18:07:40.301894,KXBTCD-25MAY2222-T111999.99,DELTA,6,1250,9,350,693,no,85,1250
2025-05-22T18:07:40.302940,KXBTCD-25MAY2222-T111999.99,DELTA,6,1250,9,350,694,no,85,2000
2025-05-22T18:07:41.722560,KXBTCD-25MAY2222-T111999.99,DELTA,6,1250,9,350,695,yes,5,97
2025-05-22T18:07:43.521544,KXBTCD-25MAY2222-T111999.99,DELTA,6,1250,9,350,696,yes,3,-2000
2025-05-22T18:07:43.522259,KXBTCD-25MAY2222-T111999.99,DELTA,6,250,9,350,697,yes,6,-1000
2025-05-22T18:07:43.541647,KXBTCD-25MAY2222-T111999.99,DELTA,6,250,9,350,698,yes,4,-1250
2025-05-22T18:07:43.600572,KXBTCD-25MAY2222-T111999.99,DELTA,6,250,9,350,699,yes,5,1000
2025-05-22T18:07:43.600766,KXBTCD-25MAY2222-T111999.99,DELTA,6,250,9,350,700,yes,3,1250
2025-05-22T18:07:43.600873,KXBTCD-25MAY2222-T111999.99,DELTA,6,250,9,350,701,yes,2,2000
2025-05-22T18:07:47.842084,KXBTCD-25MAY2222-T111999.99,DELTA,6,250,9,350,702,yes,2,-2000
2025-05-22T18:07:47.843220,KXBTCD-25MAY2222-T111999.99,DELTA,6,250,9,350,703,yes,5,-1000
2025-05-22T18:07:47.861132,KXBTCD-25MAY2222-T111999.99,DELTA,6,250,9,350,704,yes,3,-1250
2025-05-22T18:07:47.922609,KXBTCD-25MAY2222-T111999.99,DELTA,6,1250,9,350,705,yes,6,1000
2025-05-22T18:07:47.923725,KXBTCD-25MAY2222-T111999.99,DELTA,6,1250,9,350,706,yes,4,1250
2025-05-22T18:07:47.924554,KXBTCD-25MAY2222-T111999.99,DELTA,6,1250,9,350,707,yes,3,2000
2025-05-22T18:07:48.361296,KXBTCD-25MAY2222-T111999.99,DELTA,6,1250,9,350,708,yes,3,-2000
2025-05-22T18:07:48.382897,KXBTCD-25MAY2222-T111999.99,DELTA,6,250,9,350,709,yes,6,-1000
2025-05-22T18:07:48.383819,KXBTCD-25MAY2222-T111999.99,DELTA,6,250,9,350,710,yes,4,-1250
2025-05-22T18:07:48.443284,KXBTCD-25MAY2222-T111999.99,DELTA,6,250,9,350,711,yes,3,1250
2025-05-22T18:07:48.444131,KXBTCD-25MAY2222-T111999.99,DELTA,6,250,9,350,712,yes,2,2000
2025-05-22T18:07:48.444889,KXBTCD-25MAY2222-T111999.99,DELTA,6,250,9,350,713,yes,5,1000
2025-05-22T18:07:49.801653,KXBTCD-25MAY2222-T111999.99,DELTA,6,250,9,350,714,yes,2,-2000
2025-05-22T18:07:49.802439,KXBTCD-25MAY2222-T111999.99,DELTA,6,250,9,350,715,yes,5,-1000
2025-05-22T18:07:49.821284,KXBTCD-25MAY2222-T111999.99,DELTA,6,250,9,350,716,yes,3,-1250
2025-05-22T18:07:49.901496,KXBTCD-25MAY2222-T111999.99,DELTA,6,1250,9,350,717,yes,6,1000
2025-05-22T18:07:49.902386,KXBTCD-25MAY2222-T111999.99,DELTA,6,1250,9,350,718,yes,3,2000
2025-05-22T18:07:49.902846,KXBTCD-25MAY2222-T111999.99,DELTA,6,1250,9,350,719,yes,4,1250
2025-05-22T18:07:50.243490,KXBTCD-25MAY2222-T111999.99,DELTA,6,1250,9,350,720,yes,2,30
2025-05-22T18:07:50.244370,KXBTCD-25MAY2222-T111999.99,DELTA,6,1250,9,350,721,yes,3,14
2025-05-22T18:07:50.245179,KXBTCD-25MAY2222-T111999.99,DELTA,6,1250,9,350,722,yes,4,-30
2025-05-22T18:07:50.245651,KXBTCD-25MAY2222-T111999.99,DELTA,6,1250,9,350,723,yes,5,-14
2025-05-22T18:07:50.246078,KXBTCD-25MAY2222-T111999.99,DELTA,6,1250,9,350,724,no,85,-30
2025-05-22T18:07:50.246475,KXBTCD-25MAY2222-T111999.99,DELTA,6,1250,9,350,725,no,87,30
2025-05-22T18:07:50.246844,KXBTCD-25MAY2222-T111999.99,DELTA,6,1250,9,350,726,no,88,14
2025-05-22T18:07:50.262330,KXBTCD-25MAY2222-T111999.99,DELTA,6,1250,9,350,727,no,86,-14
2025-05-22T18:07:52.642431,KXBTCD-25MAY2222-T111999.99,DELTA,6,1250,9,350,728,no,50,-200
2025-05-22T18:07:52.643130,KXBTCD-25MAY2222-T111999.99,DELTA,6,1250,9,350,729,no,60,200
2025-05-22T18:07:52.682418,KXBTCD-25MAY2222-T111999.99,DELTA,6,1250,9,350,730,yes,3,-2000
2025-05-22T18:07:52.683382,KXBTCD-25MAY2222-T111999.99,DELTA,6,1000,9,350,731,yes,6,-250
2025-05-22T18:07:52.684604,KXBTCD-25MAY2222-T111999.99,DELTA,5,100,9,350,732,yes,6,-1000
2025-05-22T18:07:52.705724,KXBTCD-25MAY2222-T111999.99,DELTA,5,100,9,350,733,yes,4,-1250
2025-05-22T18:07:52.822912,KXBTCD-25MAY2222-T111999.99,DELTA,5,100,9,350,734,yes,2,2000
2025-05-22T18:07:52.823041,KXBTCD-25MAY2222-T111999.99,DELTA,5,1100,9,350,735,yes,5,1000
2025-05-22T18:07:52.823120,KXBTCD-25MAY2222-T111999.99,DELTA,5,1100,9,350,736,yes,3,1250
2025-05-22T18:07:52.862291,KXBTCD-25MAY2222-T111999.99,DELTA,5,1100,9,350,737,no,88,-1000
2025-05-22T18:07:52.941041,KXBTCD-25MAY2222-T111999.99,DELTA,5,1100,9,350,738,yes,3,-80000
2025-05-22T18:07:52.961339,KXBTCD-25MAY2222-T111999.99,DELTA,5,1100,9,350,739,yes,2,-2000
2025-05-22T18:07:52.980736,KXBTCD-25MAY2222-T111999.99,DELTA,5,100,9,350,740,yes,5,-1000
2025-05-22T18:07:52.980898,KXBTCD-25MAY2222-T111999.99,DELTA,5,100,9,350,741,yes,3,-1250
2025-05-22T18:07:53.022633,KXBTCD-25MAY2222-T111999.99,DELTA,5,100,9,1350,742,no,91,1000
2025-05-22T18:07:53.061946,KXBTCD-25MAY2222-T111999.99,DELTA,5,100,9,1350,743,yes,2,80000
2025-05-22T18:07:53.122693,KXBTCD-25MAY2222-T111999.99,DELTA,5,100,9,1350,744,yes,4,1000
2025-05-22T18:07:53.123469,KXBTCD-25MAY2222-T111999.99,DELTA,5,100,9,1350,745,yes,2,1250
2025-05-22T18:07:53.580512,KXBTCD-25MAY2222-T111999.99,DELTA,5,100,9,1350,746,no,87,-100
2025-05-22T18:07:54.322048,KXBTCD-25MAY2222-T111999.99,DELTA,5,3,9,1350,747,yes,5,-97
2025-05-22T18:07:55.002959,KXBTCD-25MAY2222-T111999.99,DELTA,5,3,9,1350,748,no,88,100
2025-05-22T18:07:55.325944,KXBTCD-25MAY2222-T111999.99,DELTA,5,3,9,1350,749,no,88,-100
2025-05-22T18:07:55.881741,KXBTCD-25MAY2222-T111999.99,DELTA,5,3,9,1350,750,yes,4,97
2025-05-22T18:07:56.203181,KXBTCD-25MAY2222-T111999.99,DELTA,5,3,9,1350,751,no,76,-250
2025-05-22T18:07:56.203883,KXBTCD-25MAY2222-T111999.99,DELTA,5,3,9,1350,752,no,86,250
2025-05-22T18:07:56.262656,KXBTCD-25MAY2222-T111999.99,DELTA,5,3,9,1350,753,no,85,-2000
2025-05-22T18:07:56.280716,KXBTCD-25MAY2222-T111999.99,DELTA,5,3,9,1350,754,no,85,-1250
2025-05-22T18:07:56.320451,KXBTCD-25MAY2222-T111999.99,DELTA,5,3,9,1350,755,no,87,2000
2025-05-22T18:07:56.342458,KXBTCD-25MAY2222-T111999.99,DELTA,5,3,9,1350,756,no,87,1250
2025-05-22T18:07:56.840868,KXBTCD-25MAY2222-T111999.99,DELTA,5,3,9,1350,757,yes,3,-500
2025-05-22T18:07:56.903023,KXBTCD-25MAY2222-T111999.99,DELTA,5,3,9,1350,758,yes,2,500
2025-05-22T18:07:56.982839,KXBTCD-25MAY2222-T111999.99,DELTA,5,3,9,1350,759,no,89,100
2025-05-22T18:07:57.120671,KXBTCD-25MAY2222-T111999.99,DELTA,5,3,9,1000,760,no,91,-350
2025-05-22T18:07:57.202657,KXBTCD-25MAY2222-T111999.99,DELTA,5,3,11,100,761,no,91,-1000
2025-05-22T18:07:57.224307,KXBTCD-25MAY2222-T111999.99,DELTA,5,3,7,50,762,no,93,50
2025-05-22T18:07:57.262614,KXBTCD-25MAY2222-T111999.99,DELTA,5,3,7,50,763,no,90,1000
2025-05-22T18:07:58.089844,KXBTCD-25MAY2222-T111999.99,DELTA,5,3,7,50,764,no,86,2
2025-05-22T18:07:59.802001,KXBTCD-25MAY2222-T111999.99,DELTA,5,3,10,1000,765,no,93,-50
2025-05-22T18:07:59.821915,KXBTCD-25MAY2222-T111999.99,DELTA,5,3,7,150,766,no,93,150
2025-05-22T18:08:00.139433,KXBTCD-25MAY2222-T111999.99,DELTA,5,3,10,1000,767,no,93,-150
2025-05-22T18:08:00.141634,KXBTCD-25MAY2222-T111999.99,DELTA,5,3,8,500,768,no,92,500
2025-05-22T18:08:03.702507,KXBTCD-25MAY2222-T111999.99,DELTA,5,3,8,500,769,yes,2,-30
2025-05-22T18:08:03.703099,KXBTCD-25MAY2222-T111999.99,DELTA,5,3,8,500,770,yes,1,30
2025-05-22T18:08:03.703423,KXBTCD-25MAY2222-T111999.99,DELTA,5,3,8,500,771,yes,4,-1000
2025-05-22T18:08:03.704062,KXBTCD-25MAY2222-T111999.99,DELTA,5,3,8,500,772,no,87,-30
2025-05-22T18:08:03.704465,KXBTCD-25MAY2222-T111999.99,DELTA,5,3,8,500,773,no,88,30
2025-05-22T18:08:03.704810,KXBTCD-25MAY2222-T111999.99,DELTA,5,3,8,500,774,yes,2,-1250
2025-05-22T18:08:03.722183,KXBTCD-25MAY2222-T111999.99,DELTA,5,3,8,500,775,yes,2,-80000
2025-05-22T18:08:03.722649,KXBTCD-25MAY2222-T111999.99,DELTA,5,3,8,500,776,yes,2,14
2025-05-22T18:08:03.722972,KXBTCD-25MAY2222-T111999.99,DELTA,5,3,8,500,777,no,90,-1000
2025-05-22T18:08:03.723246,KXBTCD-25MAY2222-T111999.99,DELTA,5,3,8,500,778,yes,3,-14
2025-05-22T18:08:03.741963,KXBTCD-25MAY2222-T111999.99,DELTA,5,3,8,500,779,no,89,14
2025-05-22T18:08:03.742499,KXBTCD-25MAY2222-T111999.99,DELTA,5,3,8,500,780,no,88,-14
2025-05-22T18:08:03.761743,KXBTCD-25MAY2222-T111999.99,DELTA,5,3,8,500,781,yes,4,-250
2025-05-22T18:08:03.842414,KXBTCD-25MAY2222-T111999.99,DELTA,5,3,8,500,782,yes,3,1000
2025-05-22T18:08:03.843136,KXBTCD-25MAY2222-T111999.99,DELTA,5,3,8,500,783,yes,1,80000
2025-05-22T18:08:03.843852,KXBTCD-25MAY2222-T111999.99,DELTA,5,3,8,1500,784,no,92,1000
2025-05-22T18:08:06.181315,KXBTCD-25MAY2222-T111999.99,DELTA,5,3,8,1500,785,no,88,250
2025-05-22T18:08:06.202151,KXBTCD-25MAY2222-T111999.99,DELTA,5,3,8,1500,786,no,78,-250
2025-05-22T18:08:06.243256,KXBTCD-25MAY2222-T111999.99,DELTA,5,3,8,1500,787,no,87,-2000
2025-05-22T18:08:06.260573,KXBTCD-25MAY2222-T111999.99,DELTA,5,3,8,1500,788,no,87,-1250
2025-05-22T18:08:06.300591,KXBTCD-25MAY2222-T111999.99,DELTA,5,3,8,1500,789,no,89,1250
2025-05-22T18:08:06.300804,KXBTCD-25MAY2222-T111999.99,DELTA,5,3,8,1500,790,no,89,2000
2025-05-22T18:08:09.002461,KXBTCD-25MAY2222-T111999.99,DELTA,5,3,8,1500,791,yes,3,-1000
2025-05-22T18:08:09.002838,KXBTCD-25MAY2222-T111999.99,DELTA,5,3,8,1500,792,yes,2,1250
2025-05-22T18:08:09.021595,KXBTCD-25MAY2222-T111999.99,DELTA,5,3,8,1500,793,yes,1,-80000
2025-05-22T18:08:09.021725,KXBTCD-25MAY2222-T111999.99,DELTA,5,3,8,1500,794,no,89,-2000
2025-05-22T18:08:09.041694,KXBTCD-25MAY2222-T111999.99,DELTA,5,3,8,500,795,no,92,-1000
2025-05-22T18:08:09.142285,KXBTCD-25MAY2222-T111999.99,DELTA,5,3,8,500,796,no,90,1000
2025-05-22T18:08:09.142539,KXBTCD-25MAY2222-T111999.99,DELTA,5,3,8,500,797,yes,4,1000
2025-05-22T18:08:09.142679,KXBTCD-25MAY2222-T111999.99,DELTA,5,3,8,500,798,no,88,2000
2025-05-22T18:08:09.142776,KXBTCD-25MAY2222-T111999.99,DELTA,5,3,8,500,799,yes,2,80000
2025-05-22T18:08:09.181259,KXBTCD-25MAY2222-T111999.99,DELTA,5,3,8,500,800,no,78,250
2025-05-22T18:08:09.201370,KXBTCD-25MAY2222-T111999.99,DELTA,5,3,8,500,801,no,88,-250
2025-05-22T18:08:09.441252,KXBTCD-25MAY2222-T111999.99,DELTA,5,3,8,500,802,no,88,-2000
2025-05-22T18:08:09.461548,KXBTCD-25MAY2222-T111999.99,DELTA,5,3,8,500,803,no,89,-1250
2025-05-22T18:08:09.581484,KXBTCD-25MAY2222-T111999.99,DELTA,5,3,8,500,804,no,87,2000
2025-05-22T18:08:09.582280,KXBTCD-25MAY2222-T111999.99,DELTA,5,3,8,500,805,no,87,1250
2025-05-22T18:08:10.182198,KXBTCD-25MAY2222-T111999.99,DELTA,5,3,8,500,806,yes,4,250
2025-05-22T18:08:11.160989,KXBTCD-25MAY2222-T111999.99,DELTA,5,3,8,500,807,yes,4,-250
2025-05-22T18:08:14.822212,KXBTCD-25MAY2222-T111999.99,DELTA,5,3,8,500,808,yes,4,-1000
2025-05-22T18:08:14.823106,KXBTCD-25MAY2222-T111999.99,DELTA,5,3,8,500,809,yes,2,-1250
2025-05-22T18:08:14.842730,KXBTCD-25MAY2222-T111999.99,DELTA,5,3,8,500,810,yes,2,-80000
2025-05-22T18:08:14.844028,KXBTCD-25MAY2222-T111999.99,DELTA,5,3,8,500,811,no,90,-1000
2025-05-22T18:08:14.902296,KXBTCD-25MAY2222-T111999.99,DELTA,5,3,8,500,812,yes,3,1000
2025-05-22T18:08:14.902850,KXBTCD-25MAY2222-T111999.99,DELTA,5,3,8,500,813,yes,1,80000
2025-05-22T18:08:14.903220,KXBTCD-25MAY2222-T111999.99,DELTA,5,3,8,1500,814,no,92,1000
2025-05-22T18:08:15.601349,KXBTCD-25MAY2222-T111999.99,DELTA,5,3,8,1500,815,yes,2,1250
2025-05-22T18:08:15.603071,KXBTCD-25MAY2222-T111999.99,DELTA,5,3,8,1500,816,yes,3,-1000
2025-05-22T18:08:15.603858,KXBTCD-25MAY2222-T111999.99,DELTA,5,3,8,1500,817,yes,1,-80000
2025-05-22T18:08:15.622137,KXBTCD-25MAY2222-T111999.99,DELTA,5,3,8,500,818,no,92,-1000
2025-05-22T18:08:15.661856,KXBTCD-25MAY2222-T111999.99,DELTA,5,3,8,500,819,no,90,1000
2025-05-22T18:08:15.662838,KXBTCD-25MAY2222-T111999.99,DELTA,5,3,8,500,820,yes,4,1000
2025-05-22T18:08:15.702201,KXBTCD-25MAY2222-T111999.99,DELTA,5,3,8,500,821,yes,2,80000
2025-05-22T18:08:25.263138,KXBTCD-25MAY2222-T111999.99,DELTA,5,3,8,500,822,yes,4,-1000
2025-05-22T18:08:25.281112,KXBTCD-25MAY2222-T111999.99,DELTA,5,3,8,500,823,yes,2,-1250
2025-05-22T18:08:25.281916,KXBTCD-25MAY2222-T111999.99,DELTA,5,3,8,500,824,yes,2,-80000
2025-05-22T18:08:25.301447,KXBTCD-25MAY2222-T111999.99,DELTA,5,3,8,500,825,no,90,-1000
2025-05-22T18:08:25.637282,KXBTCD-25MAY2222-T111999.99,DELTA,5,3,8,500,826,yes,1,80000
2025-05-22T18:08:25.638326,KXBTCD-25MAY2222-T111999.99,DELTA,5,3,8,500,827,yes,3,1000
2025-05-22T18:08:25.639260,KXBTCD-25MAY2222-T111999.99,DELTA,5,3,8,1500,828,no,92,1000
2025-05-22T18:08:26.047617,KXBTCD-25MAY2222-T111999.99,DELTA,5,3,8,1500,829,yes,3,-1000
2025-05-22T18:08:26.048595,KXBTCD-25MAY2222-T111999.99,DELTA,5,3,8,1500,830,yes,2,1250
2025-05-22T18:08:26.049310,KXBTCD-25MAY2222-T111999.99,DELTA,5,3,8,1500,831,yes,1,-80000
2025-05-22T18:08:26.049949,KXBTCD-25MAY2222-T111999.99,DELTA,5,3,8,500,832,no,92,-1000
2025-05-22T18:08:26.202897,KXBTCD-25MAY2222-T111999.99,DELTA,5,3,8,500,833,yes,4,1000
2025-05-22T18:08:26.203845,KXBTCD-25MAY2222-T111999.99,DELTA,5,3,8,500,834,yes,2,80000
2025-05-22T18:08:26.204363,KXBTCD-25MAY2222-T111999.99,DELTA,5,3,8,500,835,no,90,1000
2025-05-22T18:08:27.101276,KXBTCD-25MAY2222-T111999.99,DELTA,5,3,7,800,836,no,93,800
2025-05-22T18:08:29.225076,KXBTCD-25MAY2222-T111999.99,DELTA,5,3,7,800,837,yes,4,250
2025-05-22T18:08:34.183346,KXBTCD-25MAY2222-T111999.99,DELTA,5,3,7,800,838,yes,4,-250
2025-05-22T18:08:40.362799,KXBTCD-25MAY2222-T111999.99,DELTA,5,3,7,800,839,no,89,-100
2025-05-22T18:08:40.363572,KXBTCD-25MAY2222-T111999.99,DELTA,5,3,7,800,840,yes,4,-97
2025-05-22T18:08:40.421820,KXBTCD-25MAY2222-T111999.99,DELTA,5,3,7,800,841,yes,4,-1000
2025-05-22T18:08:40.442228,KXBTCD-25MAY2222-T111999.99,DELTA,5,3,7,800,842,no,90,-1000
2025-05-22T18:08:40.502288,KXBTCD-25MAY2222-T111999.99,DELTA,5,3,7,800,843,no,89,1000
2025-05-22T18:08:40.503489,KXBTCD-25MAY2222-T111999.99,DELTA,5,3,7,800,844,yes,3,1000
2025-05-22T18:08:42.049234,KXBTCD-25MAY2222-T111999.99,DELTA,5,3,7,800,845,yes,3,97
2025-05-22T18:08:42.083046,KXBTCD-25MAY2222-T111999.99,DELTA,5,3,7,800,846,no,89,100
2025-05-22T18:08:42.101265,KXBTCD-25MAY2222-T111999.99,DELTA,5,3,7,800,847,yes,3,-1000
2025-05-22T18:08:42.193429,KXBTCD-25MAY2222-T111999.99,DELTA,5,3,7,800,848,no,89,-1000
2025-05-22T18:08:42.193861,KXBTCD-25MAY2222-T111999.99,DELTA,5,3,7,800,849,yes,4,1000
2025-05-22T18:08:42.194271,KXBTCD-25MAY2222-T111999.99,DELTA,5,3,7,800,850,no,90,1000
2025-05-22T18:08:47.402394,KXBTCD-25MAY2222-T111999.99,DELTA,5,3,7,800,851,no,89,-100
2025-05-22T18:08:47.480934,KXBTCD-25MAY2222-T111999.99,DELTA,5,3,7,800,852,no,90,-1000
2025-05-22T18:08:47.542824,KXBTCD-25MAY2222-T111999.99,DELTA,5,3,7,800,853,no,89,1000
2025-05-22T18:08:48.202470,KXBTCD-25MAY2222-T111999.99,DELTA,5,3,7,800,854,no,88,250
2025-05-22T18:08:48.203117,KXBTCD-25MAY2222-T111999.99,DELTA,5,3,7,800,855,no,78,-250
2025-05-22T18:08:48.262190,KXBTCD-25MAY2222-T111999.99,DELTA,5,3,7,800,856,no,87,-2000
2025-05-22T18:08:48.282225,KXBTCD-25MAY2222-T111999.99,DELTA,5,3,7,800,857,no,87,-1250
2025-05-22T18:08:48.321512,KXBTCD-25MAY2222-T111999.99,DELTA,5,3,7,800,858,no,88,2000
2025-05-22T18:08:48.322022,KXBTCD-25MAY2222-T111999.99,DELTA,5,3,7,800,859,no,89,1250
2025-05-22T18:08:49.381140,KXBTCD-25MAY2222-T111999.99,DELTA,5,3,7,800,860,no,89,100
2025-05-22T18:08:49.441764,KXBTCD-25MAY2222-T111999.99,DELTA,5,3,7,800,861,no,89,-1000
2025-05-22T18:08:49.481634,KXBTCD-25MAY2222-T111999.99,DELTA,5,3,7,800,862,no,90,1000
2025-05-22T18:08:49.664278,KXBTCD-25MAY2222-T111999.99,DELTA,5,3,7,800,863,no,89,-100
2025-05-22T18:08:49.724391,KXBTCD-25MAY2222-T111999.99,DELTA,5,3,7,800,864,no,90,-1000
2025-05-22T18:08:49.761704,KXBTCD-25MAY2222-T111999.99,DELTA,5,3,7,800,865,no,89,1000
2025-05-22T18:08:51.422670,KXBTCD-25MAY2222-T111999.99,DELTA,5,3,7,800,866,no,90,100
2025-05-22T18:08:51.481245,KXBTCD-25MAY2222-T111999.99,DELTA,5,3,7,800,867,no,89,-1000
2025-05-22T18:08:51.542181,KXBTCD-25MAY2222-T111999.99,DELTA,5,3,7,800,868,no,91,1000
2025-05-22T18:08:54.182807,KXBTCD-25MAY2222-T111999.99,DELTA,5,3,7,800,869,no,78,250
2025-05-22T18:08:54.184306,KXBTCD-25MAY2222-T111999.99,DELTA,5,3,7,800,870,no,88,-250
2025-05-22T18:08:54.241734,KXBTCD-25MAY2222-T111999.99,DELTA,5,3,7,800,871,no,88,-2000
2025-05-22T18:08:54.243310,KXBTCD-25MAY2222-T111999.99,DELTA,5,3,7,800,872,no,89,-1250
2025-05-22T18:08:54.303585,KXBTCD-25MAY2222-T111999.99,DELTA,5,3,7,800,873,no,87,2000
2025-05-22T18:08:54.304436,KXBTCD-25MAY2222-T111999.99,DELTA,5,3,7,800,874,no,87,1250
2025-05-22T18:09:02.862883,KXBTCD-25MAY2222-T111999.99,DELTA,4,1000,7,800,875,yes,5,-3
2025-05-22T18:09:02.863681,KXBTCD-25MAY2222-T111999.99,DELTA,4,1000,8,500,876,no,93,-800
2025-05-22T18:09:02.863950,KXBTCD-25MAY2222-T111999.99,DELTA,4,1000,5,797,877,no,95,797
2025-05-22T18:09:13.361100,KXBTCD-25MAY2222-T111999.99,DELTA,4,1000,5,797,878,yes,2,2000
2025-05-22T18:09:13.461944,KXBTCD-25MAY2222-T111999.99,DELTA,4,1000,5,797,879,yes,2,-1250
2025-05-22T18:09:13.462938,KXBTCD-25MAY2222-T111999.99,DELTA,4,1000,5,797,880,yes,2,-80000
2025-05-22T18:09:13.480718,KXBTCD-25MAY2222-T111999.99,DELTA,4,1000,5,797,881,no,91,-1000
2025-05-22T18:09:13.543608,KXBTCD-25MAY2222-T111999.99,DELTA,4,1000,5,797,882,no,90,1000
2025-05-22T18:09:13.544658,KXBTCD-25MAY2222-T111999.99,DELTA,4,1000,5,797,883,yes,3,1250
2025-05-22T18:09:13.545375,KXBTCD-25MAY2222-T111999.99,DELTA,4,1000,5,797,884,yes,3,80000
2025-05-22T18:09:15.183031,KXBTCD-25MAY2222-T111999.99,DELTA,4,1250,5,797,885,yes,4,250
2025-05-22T18:09:15.714618,KXBTCD-25MAY2222-T111999.99,DELTA,4,1250,5,797,886,yes,1,-30
2025-05-22T18:09:15.714847,KXBTCD-25MAY2222-T111999.99,DELTA,4,1250,5,797,887,yes,2,30
2025-05-22T18:09:15.715122,KXBTCD-25MAY2222-T111999.99,DELTA,4,1250,5,797,888,yes,3,14
2025-05-22T18:09:15.715268,KXBTCD-25MAY2222-T111999.99,DELTA,4,1250,5,797,889,yes,2,-14
2025-05-22T18:09:15.715370,KXBTCD-25MAY2222-T111999.99,DELTA,4,1250,5,797,890,no,88,-30
2025-05-22T18:09:15.715458,KXBTCD-25MAY2222-T111999.99,DELTA,4,1250,5,797,891,no,87,30
2025-05-22T18:09:15.715633,KXBTCD-25MAY2222-T111999.99,DELTA,4,1250,5,797,892,no,89,-14
2025-05-22T18:09:15.715796,KXBTCD-25MAY2222-T111999.99,DELTA,4,1250,5,797,893,no,88,14
2025-05-22T18:09:15.882204,KXBTCD-25MAY2222-T111999.99,DELTA,4,1250,5,797,894,no,86,-250
2025-05-22T18:09:15.962377,KXBTCD-25MAY2222-T111999.99,DELTA,4,1250,5,797,895,no,76,250
2025-05-22T18:09:15.965294,KXBTCD-25MAY2222-T111999.99,DELTA,4,1250,5,797,896,yes,2,-2000
2025-05-22T18:09:16.016279,KXBTCD-25MAY2222-T111999.99,DELTA,4,1250,5,797,897,yes,3,-1250
2025-05-22T18:09:16.017020,KXBTCD-25MAY2222-T111999.99,DELTA,4,1250,5,797,898,no,87,-2000
2025-05-22T18:09:16.017582,KXBTCD-25MAY2222-T111999.99,DELTA,4,1250,5,797,899,no,90,-1000
2025-05-22T18:09:16.041333,KXBTCD-25MAY2222-T111999.99,DELTA,4,1250,5,797,900,no,90,-100
2025-05-22T18:09:16.042050,KXBTCD-25MAY2222-T111999.99,DELTA,4,1250,5,797,901,no,87,-1250
2025-05-22T18:09:16.102263,KXBTCD-25MAY2222-T111999.99,DELTA,4,2500,5,797,902,yes,4,1250
2025-05-22T18:09:16.103209,KXBTCD-25MAY2222-T111999.99,DELTA,4,2500,5,797,903,no,88,1000
2025-05-22T18:09:16.103775,KXBTCD-25MAY2222-T111999.99,DELTA,4,2500,5,797,904,yes,3,2000
2025-05-22T18:09:16.161633,KXBTCD-25MAY2222-T111999.99,DELTA,4,2500,5,797,905,no,85,1250
2025-05-22T18:09:16.162391,KXBTCD-25MAY2222-T111999.99,DELTA,4,2500,5,797,906,no,85,2000
2025-05-22T18:09:16.162981,KXBTCD-25MAY2222-T111999.99,DELTA,4,2500,5,797,907,no,92,-500
2025-05-22T18:09:16.163542,KXBTCD-25MAY2222-T111999.99,DELTA,4,2500,12,1014,908,no,95,-797
2025-05-22T18:09:16.223666,KXBTCD-25MAY2222-T111999.99,DELTA,4,2500,9,500,909,no,91,500
2025-05-22T18:09:16.241731,KXBTCD-25MAY2222-T111999.99,DELTA,4,1500,9,500,910,yes,4,-1000
2025-05-22T18:09:16.281980,KXBTCD-25MAY2222-T111999.99,DELTA,4,1500,9,500,911,no,87,797
2025-05-22T18:09:16.282720,KXBTCD-25MAY2222-T111999.99,DELTA,5,1000,9,500,912,yes,5,1000
2025-05-22T18:09:16.364443,KXBTCD-25MAY2222-T111999.99,DELTA,5,1000,9,500,913,no,85,-1250
2025-05-22T18:09:16.402716,KXBTCD-25MAY2222-T111999.99,DELTA,5,1000,9,500,914,no,87,1250
2025-05-22T18:09:16.583705,KXBTCD-25MAY2222-T111999.99,DELTA,5,1000,9,500,915,yes,3,-97
2025-05-22T18:09:16.584721,KXBTCD-25MAY2222-T111999.99,DELTA,5,1000,9,500,916,yes,2,-500
2025-05-22T18:09:16.641941,KXBTCD-25MAY2222-T111999.99,DELTA,5,1000,9,500,917,yes,4,100
2025-05-22T18:09:16.721832,KXBTCD-25MAY2222-T111999.99,DELTA,5,1000,9,500,918,yes,4,-100
2025-05-22T18:09:16.740969,KXBTCD-25MAY2222-T111999.99,DELTA,5,1000,9,500,919,no,60,-200
2025-05-22T18:09:16.741307,KXBTCD-25MAY2222-T111999.99,DELTA,5,1000,9,500,920,no,50,200
2025-05-22T18:09:16.760850,KXBTCD-25MAY2222-T111999.99,DELTA,5,1000,9,500,921,yes,4,350
2025-05-22T18:09:17.582635,KXBTCD-25MAY2222-T111999.99,DELTA,5,1000,9,500,922,no,37,-875
2025-05-22T18:09:17.583714,KXBTCD-25MAY2222-T111999.99,DELTA,5,1000,9,500,923,no,50,648
2025-05-22T18:09:18.802717,KXBTCD-25MAY2222-T111999.99,DELTA,5,1000,9,500,924,no,87,100
2025-05-22T18:09:18.803401,KXBTCD-25MAY2222-T111999.99,DELTA,5,1097,9,500,925,yes,5,97
2025-05-22T18:09:18.861240,KXBTCD-25MAY2222-T111999.99,DELTA,5,97,9,500,926,yes,5,-1000
2025-05-22T18:09:18.921760,KXBTCD-25MAY2222-T111999.99,DELTA,6,1000,9,500,927,yes,6,1000
2025-05-22T18:09:19.521232,KXBTCD-25MAY2222-T111999.99,DELTA,6,1000,9,500,928,yes,5,-97
2025-05-22T18:09:19.541496,KXBTCD-25MAY2222-T111999.99,DELTA,6,1000,9,500,929,yes,4,-350
2025-05-22T18:09:19.622481,KXBTCD-25MAY2222-T111999.99,DELTA,6,1000,9,500,930,yes,3,500
2025-05-22T18:09:19.622658,KXBTCD-25MAY2222-T111999.99,DELTA,4,1500,9,500,931,yes,6,-1000
2025-05-22T18:09:19.660309,KXBTCD-25MAY2222-T111999.99,DELTA,5,1000,9,500,932,yes,5,1000
2025-05-22T18:09:20.182726,KXBTCD-25MAY2222-T111999.99,DELTA,5,1000,9,500,933,no,50,-648
2025-05-22T18:09:20.183814,KXBTCD-25MAY2222-T111999.99,DELTA,5,1000,9,500,934,no,37,875
2025-05-22T18:09:20.184547,KXBTCD-25MAY2222-T111999.99,DELTA,5,1000,9,500,935,no,87,-797
2025-05-22T18:09:20.222792,KXBTCD-25MAY2222-T111999.99,DELTA,5,1000,9,500,936,no,86,250
2025-05-22T18:09:20.223572,KXBTCD-25MAY2222-T111999.99,DELTA,5,1000,9,500,937,no,76,-250
2025-05-22T18:09:20.243209,KXBTCD-25MAY2222-T111999.99,DELTA,5,1000,9,500,938,no,87,-1250
2025-05-22T18:09:20.281836,KXBTCD-25MAY2222-T111999.99,DELTA,5,1000,9,500,939,no,87,1250
2025-05-22T18:09:20.282818,KXBTCD-25MAY2222-T111999.99,DELTA,5,1000,9,500,940,no,88,797
2025-05-22T18:09:20.283327,KXBTCD-25MAY2222-T111999.99,DELTA,5,1000,9,500,941,no,85,-2000
2025-05-22T18:09:20.322001,KXBTCD-25MAY2222-T111999.99,DELTA,5,1000,9,500,942,no,86,2000
2025-05-22T18:09:20.382301,KXBTCD-25MAY2222-T111999.99,DELTA,5,1000,9,500,943,no,88,-1000
2025-05-22T18:09:20.441692,KXBTCD-25MAY2222-T111999.99,DELTA,5,1000,9,500,944,no,89,1000
2025-05-22T18:09:20.743036,KXBTCD-25MAY2222-T111999.99,DELTA,5,1000,9,500,945,no,86,2
2025-05-22T18:09:21.202480,KXBTCD-25MAY2222-T111999.99,DELTA,5,1000,9,500,946,yes,4,-250
2025-05-22T18:09:21.261599,KXBTCD-25MAY2222-T111999.99,DELTA,4,1250,9,500,947,yes,5,-1000
2025-05-22T18:09:21.422693,KXBTCD-25MAY2222-T111999.99,DELTA,4,1250,9,500,948,no,50,-200
2025-05-22T18:09:21.423622,KXBTCD-25MAY2222-T111999.99,DELTA,4,1250,9,500,949,no,60,200
2025-05-22T18:09:21.644025,KXBTCD-25MAY2222-T111999.99,DELTA,4,2250,9,500,950,yes,4,1000
2025-05-22T18:09:21.764162,KXBTCD-25MAY2222-T111999.99,DELTA,4,2250,9,500,951,yes,3,-2000
2025-05-22T18:09:21.783407,KXBTCD-25MAY2222-T111999.99,DELTA,4,1000,9,500,952,yes,4,-1250
2025-05-22T18:09:21.784319,KXBTCD-25MAY2222-T111999.99,DELTA,4,1000,9,500,953,no,86,-2000
2025-05-22T18:09:21.802827,KXBTCD-25MAY2222-T111999.99,DELTA,4,1000,9,500,954,no,87,-1250
2025-05-22T18:09:21.866937,KXBTCD-25MAY2222-T111999.99,DELTA,4,1000,9,500,955,no,87,2000
2025-05-22T18:09:21.867610,KXBTCD-25MAY2222-T111999.99,DELTA,4,1000,9,500,956,yes,3,1250
2025-05-22T18:09:21.868124,KXBTCD-25MAY2222-T111999.99,DELTA,4,1000,9,500,957,no,88,1250
2025-05-22T18:09:21.962719,KXBTCD-25MAY2222-T111999.99,DELTA,4,1000,9,500,958,yes,2,2000
2025-05-22T18:09:22.022240,KXBTCD-25MAY2222-T111999.99,DELTA,5,97,9,500,959,yes,5,97
2025-05-22T18:09:22.241759,KXBTCD-25MAY2222-T111999.99,DELTA,5,97,9,500,960,yes,4,-1000
2025-05-22T18:09:22.283141,KXBTCD-25MAY2222-T111999.99,DELTA,5,1097,9,500,961,yes,5,1000
2025-05-22T18:09:22.442252,KXBTCD-25MAY2222-T111999.99,DELTA,5,1097,9,500,962,yes,2,-2000
2025-05-22T18:09:22.443491,KXBTCD-25MAY2222-T111999.99,DELTA,5,97,9,500,963,yes,5,-1000
2025-05-22T18:09:22.462042,KXBTCD-25MAY2222-T111999.99,DELTA,5,97,9,500,964,yes,3,-1250
2025-05-22T18:09:22.462815,KXBTCD-25MAY2222-T111999.99,DELTA,5,97,9,500,965,no,87,-2000
2025-05-22T18:09:22.481617,KXBTCD-25MAY2222-T111999.99,DELTA,5,97,9,500,966,no,88,-1250
2025-05-22T18:09:22.523209,KXBTCD-25MAY2222-T111999.99,DELTA,5,97,9,500,967,no,87,1250
2025-05-22T18:09:22.523934,KXBTCD-25MAY2222-T111999.99,DELTA,5,97,9,500,968,yes,4,1250
2025-05-22T18:09:22.524362,KXBTCD-25MAY2222-T111999.99,DELTA,5,97,9,500,969,no,86,2000
2025-05-22T18:09:22.582099,KXBTCD-25MAY2222-T111999.99,DELTA,5,97,9,500,970,yes,3,2000
2025-05-22T18:09:22.622487,KXBTCD-25MAY2222-T111999.99,DELTA,6,1000,9,500,971,yes,6,1000
2025-05-22T18:09:22.841882,KXBTCD-25MAY2222-T111999.99,DELTA,6,1000,9,500,972,yes,3,-2000
2025-05-22T18:09:22.842803,KXBTCD-25MAY2222-T111999.99,DELTA,5,97,9,500,973,yes,6,-1000
2025-05-22T18:09:22.862228,KXBTCD-25MAY2222-T111999.99,DELTA,5,97,9,500,974,yes,4,-1250
2025-05-22T18:09:22.862835,KXBTCD-25MAY2222-T111999.99,DELTA,5,97,9,500,975,no,86,-2000
2025-05-22T18:09:22.884335,KXBTCD-25MAY2222-T111999.99,DELTA,5,97,9,500,976,no,87,-1250
2025-05-22T18:09:22.922968,KXBTCD-25MAY2222-T111999.99,DELTA,3,80514,9,500,977,yes,5,-97
2025-05-22T18:09:22.942185,KXBTCD-25MAY2222-T111999.99,DELTA,3,80514,9,500,978,no,88,1250
2025-05-22T18:09:22.943106,KXBTCD-25MAY2222-T111999.99,DELTA,5,1000,9,500,979,yes,5,1000
2025-05-22T18:09:22.943829,KXBTCD-25MAY2222-T111999.99,DELTA,5,1000,9,500,980,no,87,2000
2025-05-22T18:09:22.944443,KXBTCD-25MAY2222-T111999.99,DELTA,5,1000,9,500,981,yes,2,2000
2025-05-22T18:09:22.982128,KXBTCD-25MAY2222-T111999.99,DELTA,3,80514,9,500,982,yes,5,-1000
2025-05-22T18:09:23.022600,KXBTCD-25MAY2222-T111999.99,DELTA,4,1000,9,500,983,yes,4,1000
2025-05-22T18:09:23.162001,KXBTCD-25MAY2222-T111999.99,DELTA,4,1000,9,500,984,yes,3,1250
2025-05-22T18:09:24.201506,KXBTCD-25MAY2222-T111999.99,DELTA,6,97,9,500,985,yes,6,97
2025-05-22T18:09:29.082146,KXBTCD-25MAY2222-T111999.99,DELTA,6,97,9,500,986,no,37,-875
2025-05-22T18:09:31.801684,KXBTCD-25MAY2222-T111999.99,DELTA,6,97,9,500,987,no,37,875
2025-05-22T18:09:31.862369,KXBTCD-25MAY2222-T111999.99,DELTA,4,1000,9,500,988,yes,6,-97
2025-05-22T18:09:31.883402,KXBTCD-25MAY2222-T111999.99,DELTA,4,1000,9,500,989,no,87,-100
2025-05-22T18:09:34.144330,KXBTCD-25MAY2222-T111999.99,DELTA,4,1000,9,500,990,no,86,-1
2025-05-22T18:09:34.145360,KXBTCD-25MAY2222-T111999.99,DELTA,5,97,9,500,991,yes,5,97
2025-05-22T18:09:34.146092,KXBTCD-25MAY2222-T111999.99,DELTA,5,97,9,500,992,no,87,100
2025-05-22T18:09:34.183257,KXBTCD-25MAY2222-T111999.99,DELTA,5,97,9,500,993,yes,4,-1000
2025-05-22T18:09:34.242599,KXBTCD-25MAY2222-T111999.99,DELTA,5,1097,9,500,994,yes,5,1000
2025-05-22T18:09:34.562203,KXBTCD-25MAY2222-T111999.99,DELTA,5,1097,9,500,995,no,87,-100
2025-05-22T18:09:36.363429,KXBTCD-25MAY2222-T111999.99,DELTA,5,1097,9,500,996,no,88,100
2025-05-22T18:09:37.623576,KXBTCD-25MAY2222-T111999.99,DELTA,5,1097,9,500,997,yes,2,-2000
2025-05-22T18:09:37.624773,KXBTCD-25MAY2222-T111999.99,DELTA,5,97,9,500,998,yes,5,-1000
2025-05-22T18:09:37.644875,KXBTCD-25MAY2222-T111999.99,DELTA,5,97,9,500,999,yes,3,-1250
2025-05-22T18:09:37.645674,KXBTCD-25MAY2222-T111999.99,DELTA,5,97,9,500,1000,no,87,-2000
2025-05-22T18:09:37.662409,KXBTCD-25MAY2222-T111999.99,DELTA,5,97,9,500,1001,no,88,-1250
2025-05-22T18:09:37.703234,KXBTCD-25MAY2222-T111999.99,DELTA,5,97,9,500,1002,yes,3,2000
2025-05-22T18:09:37.722037,KXBTCD-25MAY2222-T111999.99,DELTA,5,97,9,500,1003,yes,4,1250
2025-05-22T18:09:37.741530,KXBTCD-25MAY2222-T111999.99,DELTA,5,97,9,500,1004,no,87,1250
2025-05-22T18:09:37.842419,KXBTCD-25MAY2222-T111999.99,DELTA,5,97,9,500,1005,no,86,2000
2025-05-22T18:09:38.123126,KXBTCD-25MAY2222-T111999.99,DELTA,6,1000,9,500,1006,yes,6,1000
2025-05-22T18:09:42.642060,KXBTCD-25MAY2222-T111999.99,DELTA,6,1000,9,500,1007,yes,3,-2000
2025-05-22T18:09:42.643691,KXBTCD-25MAY2222-T111999.99,DELTA,5,97,9,500,1008,yes,6,-1000
2025-05-22T18:09:42.662870,KXBTCD-25MAY2222-T111999.99,DELTA,5,97,9,500,1009,yes,4,-1250
2025-05-22T18:09:42.663520,KXBTCD-25MAY2222-T111999.99,DELTA,5,97,9,500,1010,no,86,-2000
2025-05-22T18:09:42.682288,KXBTCD-25MAY2222-T111999.99,DELTA,5,97,9,500,1011,no,87,-1250
2025-05-22T18:09:42.743025,KXBTCD-25MAY2222-T111999.99,DELTA,5,97,9,500,1012,yes,3,1250
2025-05-22T18:09:42.743604,KXBTCD-25MAY2222-T111999.99,DELTA,5,97,9,500,1013,no,87,2000
2025-05-22T18:09:42.868112,KXBTCD-25MAY2222-T111999.99,DELTA,5,1097,9,500,1014,yes,5,1000
2025-05-22T18:09:42.905664,KXBTCD-25MAY2222-T111999.99,DELTA,5,1097,9,500,1015,yes,2,2000
2025-05-22T18:09:43.087575,KXBTCD-25MAY2222-T111999.99,DELTA,5,1097,9,500,1016,no,88,1250
2025-05-22T18:09:45.304573,KXBTCD-25MAY2222-T111999.99,DELTA,5,1097,9,500,1017,yes,3,-500
2025-05-22T18:09:45.305575,KXBTCD-25MAY2222-T111999.99,DELTA,5,1097,9,500,1018,yes,2,500
2025-05-22T18:09:46.581476,KXBTCD-25MAY2222-T111999.99,DELTA,5,1097,9,500,1019,no,88,-100
2025-05-22T18:09:46.601851,KXBTCD-25MAY2222-T111999.99,DELTA,5,1000,9,500,1020,yes,5,-97
2025-05-22T18:09:46.822467,KXBTCD-25MAY2222-T111999.99,DELTA,5,1000,11,1000,1021,no,91,-500
2025-05-22T18:09:46.861766,KXBTCD-25MAY2222-T111999.99,DELTA,5,1000,7,50,1022,no,93,50
2025-05-22T18:09:46.960985,KXBTCD-25MAY2222-T111999.99,DELTA,5,1000,11,1000,1023,no,93,-50
2025-05-22T18:09:47.002514,KXBTCD-25MAY2222-T111999.99,DELTA,5,1000,8,500,1024,no,92,500
2025-05-22T18:09:47.302801,KXBTCD-25MAY2222-T111999.99,DELTA,3,81264,8,500,1025,yes,5,-1000
2025-05-22T18:09:47.345111,KXBTCD-25MAY2222-T111999.99,DELTA,3,82264,8,500,1026,yes,3,1000
2025-05-22T18:09:48.282119,KXBTCD-25MAY2222-T111999.99,DELTA,3,82361,8,500,1027,yes,3,97
2025-05-22T18:09:48.301038,KXBTCD-25MAY2222-T111999.99,DELTA,3,82361,8,500,1028,no,89,100
2025-05-22T18:09:48.342220,KXBTCD-25MAY2222-T111999.99,DELTA,3,81361,8,500,1029,yes,3,-1000
2025-05-22T18:09:48.361013,KXBTCD-25MAY2222-T111999.99,DELTA,3,81361,8,500,1030,no,89,-1000
2025-05-22T18:09:48.382427,KXBTCD-25MAY2222-T111999.99,DELTA,4,1000,8,500,1031,yes,4,1000
2025-05-22T18:09:48.421460,KXBTCD-25MAY2222-T111999.99,DELTA,4,1000,8,500,1032,no,90,1000
2025-05-22T18:09:56.722543,KXBTCD-25MAY2222-T111999.99,DELTA,4,1000,8,500,1033,yes,3,-97
2025-05-22T18:09:56.782333,KXBTCD-25MAY2222-T111999.99,DELTA,3,81264,8,500,1034,yes,4,-1000
2025-05-22T18:09:56.821677,KXBTCD-25MAY2222-T111999.99,DELTA,3,82264,8,500,1035,yes,3,1000
2025-05-22T18:09:57.799664,KXBTCD-25MAY2222-T111999.99,DELTA,3,82264,8,500,1036,no,60,-200
2025-05-22T18:09:57.800693,KXBTCD-25MAY2222-T111999.99,DELTA,3,82264,8,500,1037,no,50,200
2025-05-22T18:09:58.162460,KXBTCD-25MAY2222-T111999.99,DELTA,3,82264,8,500,1038,no,86,-250
2025-05-22T18:09:58.183749,KXBTCD-25MAY2222-T111999.99,DELTA,4,250,8,500,1039,yes,4,250
2025-05-22T18:09:58.203695,KXBTCD-25MAY2222-T111999.99,DELTA,4,250,8,500,1040,no,76,250
2025-05-22T18:09:58.222361,KXBTCD-25MAY2222-T111999.99,DELTA,4,250,8,500,1041,no,87,-2000
2025-05-22T18:09:58.242360,KXBTCD-25MAY2222-T111999.99,DELTA,4,250,8,500,1042,yes,3,-1000
2025-05-22T18:09:58.282804,KXBTCD-25MAY2222-T111999.99,DELTA,4,250,8,500,1043,no,85,2000
2025-05-22T18:09:58.283804,KXBTCD-25MAY2222-T111999.99,DELTA,5,1000,8,500,1044,yes,5,1000
2025-05-22T18:09:58.521424,KXBTCD-25MAY2222-T111999.99,DELTA,5,1000,8,500,1045,yes,4,97
2025-05-22T18:09:59.142201,KXBTCD-25MAY2222-T111999.99,DELTA,5,1000,8,500,1046,no,76,-250
2025-05-22T18:09:59.143430,KXBTCD-25MAY2222-T111999.99,DELTA,5,1000,8,500,1047,no,86,250
2025-05-22T18:09:59.201680,KXBTCD-25MAY2222-T111999.99,DELTA,5,1000,8,500,1048,no,85,-2000
2025-05-22T18:09:59.243102,KXBTCD-25MAY2222-T111999.99,DELTA,5,1000,8,500,1049,no,87,2000
2025-05-22T18:09:59.581815,KXBTCD-25MAY2222-T111999.99,DELTA,5,1000,8,500,1050,yes,2,-2000
2025-05-22T18:09:59.601868,KXBTCD-25MAY2222-T111999.99,DELTA,5,1000,8,500,1051,yes,3,-1250
2025-05-22T18:09:59.603235,KXBTCD-25MAY2222-T111999.99,DELTA,5,1000,8,500,1052,no,87,-2000
2025-05-22T18:09:59.621409,KXBTCD-25MAY2222-T111999.99,DELTA,5,1000,8,500,1053,no,90,-1000
2025-05-22T18:09:59.621781,KXBTCD-25MAY2222-T111999.99,DELTA,5,1000,8,500,1054,no,88,-1250
2025-05-22T18:09:59.702298,KXBTCD-25MAY2222-T111999.99,DELTA,5,1000,8,500,1055,no,86,2000
2025-05-22T18:09:59.702494,KXBTCD-25MAY2222-T111999.99,DELTA,5,1000,8,500,1056,no,87,1250
2025-05-22T18:09:59.702599,KXBTCD-25MAY2222-T111999.99,DELTA,5,1000,8,500,1057,yes,4,1250
2025-05-22T18:09:59.702687,KXBTCD-25MAY2222-T111999.99,DELTA,5,1000,8,500,1058,no,89,1000
2025-05-22T18:09:59.702768,KXBTCD-25MAY2222-T111999.99,DELTA,5,1000,8,500,1059,yes,3,2000
2025-05-22T18:10:00.162131,KXBTCD-25MAY2222-T111999.99,DELTA,5,1000,8,500,1060,no,86,-250
2025-05-22T18:10:00.163146,KXBTCD-25MAY2222-T111999.99,DELTA,5,1000,8,500,1061,no,76,250
2025-05-22T18:10:00.222828,KXBTCD-25MAY2222-T111999.99,DELTA,5,1000,8,500,1062,no,86,-2000
2025-05-22T18:10:00.241720,KXBTCD-25MAY2222-T111999.99,DELTA,5,1000,8,500,1063,no,87,-1250
2025-05-22T18:10:00.301993,KXBTCD-25MAY2222-T111999.99,DELTA,5,1000,8,500,1064,no,85,1250
2025-05-22T18:10:00.303008,KXBTCD-25MAY2222-T111999.99,DELTA,5,1000,8,500,1065,no,85,2000
2025-05-22T18:10:00.702131,KXBTCD-25MAY2222-T111999.99,DELTA,5,1000,8,500,1066,yes,3,-2000
2025-05-22T18:10:00.723635,KXBTCD-25MAY2222-T111999.99,DELTA,5,1000,8,500,1067,yes,4,-1250
2025-05-22T18:10:00.724399,KXBTCD-25MAY2222-T111999.99,DELTA,5,1000,8,500,1068,no,89,-1000
2025-05-22T18:10:00.744983,KXBTCD-25MAY2222-T111999.99,DELTA,5,1000,8,500,1069,no,85,-1250
2025-05-22T18:10:00.852167,KXBTCD-25MAY2222-T111999.99,DELTA,5,1000,8,500,1070,no,90,1000
2025-05-22T18:10:00.852905,KXBTCD-25MAY2222-T111999.99,DELTA,5,1000,8,500,1071,no,88,1250
2025-05-22T18:10:00.853304,KXBTCD-25MAY2222-T111999.99,DELTA,5,1000,8,500,1072,yes,2,2000
2025-05-22T18:10:00.853677,KXBTCD-25MAY2222-T111999.99,DELTA,5,1000,8,500,1073,yes,3,1250
2025-05-22T18:10:01.102537,KXBTCD-25MAY2222-T111999.99,DELTA,5,1000,8,500,1074,yes,2,-2000
2025-05-22T18:10:01.122928,KXBTCD-25MAY2222-T111999.99,DELTA,5,1000,8,500,1075,yes,3,-1250
2025-05-22T18:10:01.123645,KXBTCD-25MAY2222-T111999.99,DELTA,5,1000,8,500,1076,no,90,-1000
2025-05-22T18:10:01.142854,KXBTCD-25MAY2222-T111999.99,DELTA,5,1000,8,500,1077,no,88,-1250
2025-05-22T18:10:01.182514,KXBTCD-25MAY2222-T111999.99,DELTA,5,1000,8,500,1078,no,85,1250
2025-05-22T18:10:01.183882,KXBTCD-25MAY2222-T111999.99,DELTA,5,1000,8,500,1079,yes,4,1250
2025-05-22T18:10:01.184493,KXBTCD-25MAY2222-T111999.99,DELTA,5,1000,8,500,1080,no,89,1000
2025-05-22T18:10:01.184999,KXBTCD-25MAY2222-T111999.99,DELTA,5,1000,8,500,1081,yes,3,2000
2025-05-22T18:10:01.563499,KXBTCD-25MAY2222-T111999.99,DELTA,5,1000,8,500,1082,yes,3,-2000
2025-05-22T18:10:01.564613,KXBTCD-25MAY2222-T111999.99,DELTA,5,1000,8,500,1083,yes,4,-1250
2025-05-22T18:10:01.582412,KXBTCD-25MAY2222-T111999.99,DELTA,5,1000,8,500,1084,no,89,-1000
2025-05-22T18:10:01.583019,KXBTCD-25MAY2222-T111999.99,DELTA,5,1000,8,500,1085,no,85,-1250
2025-05-22T18:10:01.642824,KXBTCD-25MAY2222-T111999.99,DELTA,5,1000,8,500,1086,yes,3,1250
2025-05-22T18:10:01.643935,KXBTCD-25MAY2222-T111999.99,DELTA,5,1000,8,500,1087,no,88,1250
2025-05-22T18:10:01.644699,KXBTCD-25MAY2222-T111999.99,DELTA,5,1000,8,500,1088,yes,2,2000
2025-05-22T18:10:01.645387,KXBTCD-25MAY2222-T111999.99,DELTA,5,1000,8,500,1089,no,90,1000
2025-05-22T18:10:02.749261,KXBTCD-25MAY2222-T111999.99,DELTA,5,1000,8,500,1090,yes,2,-2000
2025-05-22T18:10:02.750338,KXBTCD-25MAY2222-T111999.99,DELTA,5,1000,8,500,1091,yes,3,-1250
2025-05-22T18:10:02.769982,KXBTCD-25MAY2222-T111999.99,DELTA,5,1000,8,500,1092,no,90,-1000
2025-05-22T18:10:02.770876,KXBTCD-25MAY2222-T111999.99,DELTA,5,1000,8,500,1093,no,88,-1250
2025-05-22T18:10:02.945767,KXBTCD-25MAY2222-T111999.99,DELTA,5,1000,8,500,1094,no,85,1250
2025-05-22T18:10:02.982467,KXBTCD-25MAY2222-T111999.99,DELTA,5,1000,8,500,1095,yes,4,1250
2025-05-22T18:10:03.081610,KXBTCD-25MAY2222-T111999.99,DELTA,5,1000,8,500,1096,yes,3,2000
2025-05-22T18:10:03.102053,KXBTCD-25MAY2222-T111999.99,DELTA,5,1000,8,500,1097,no,89,1000
2025-05-22T18:10:03.202853,KXBTCD-25MAY2222-T111999.99,DELTA,5,1000,8,500,1098,no,76,-250
2025-05-22T18:10:03.292812,KXBTCD-25MAY2222-T111999.99,DELTA,5,1000,8,500,1099,no,86,250
2025-05-22T18:10:04.201531,KXBTCD-25MAY2222-T111999.99,DELTA,5,1000,8,500,1100,no,85,-2000
2025-05-22T18:10:04.222931,KXBTCD-25MAY2222-T111999.99,DELTA,5,1000,8,500,1101,no,85,-1250
2025-05-22T18:10:04.282920,KXBTCD-25MAY2222-T111999.99,DELTA,5,1000,8,500,1102,no,86,2000
2025-05-22T18:10:04.301893,KXBTCD-25MAY2222-T111999.99,DELTA,5,1000,8,500,1103,no,87,1250
2025-05-22T18:10:07.181823,KXBTCD-25MAY2222-T111999.99,DELTA,5,1000,8,500,1104,no,76,250
2025-05-22T18:10:07.182642,KXBTCD-25MAY2222-T111999.99,DELTA,5,1000,8,500,1105,no,86,-250
2025-05-22T18:10:07.663299,KXBTCD-25MAY2222-T111999.99,DELTA,5,1000,8,500,1106,no,86,-2000
