timestamp,market_ticker,type,yes_bid_price_cents,yes_bid_qty,yes_ask_price_cents,yes_ask_qty_on_no_side,sequence_num,delta_side,delta_price_cents,delta_quantity
2025-05-23T17:00:51.269521,KXBTCD-25MAY2321-T107249.99,SNAPSHOT,33,3000,57,100,1,,,
2025-05-23T17:00:52.157560,KXBTCD-25MAY2321-T107249.99,DELTA,33,3000,57,100,2,yes,4,-8100
2025-05-23T17:00:52.158515,KXBTCD-25MAY2321-T107249.99,DELTA,33,3000,57,100,3,yes,6,5400
2025-05-23T17:00:52.196433,KXBTCD-25MAY2321-T107249.99,DELTA,33,3000,57,100,4,no,4,-8100
2025-05-23T17:00:52.196801,KXBTCD-25MAY2321-T107249.99,DELTA,33,3000,57,100,5,no,6,5400
2025-05-23T17:00:52.216249,KXBTCD-25MAY2321-T107249.99,DELTA,33,3000,57,100,6,yes,5,-20000
2025-05-23T17:00:52.236241,KXBTCD-25MAY2321-T107249.99,DELTA,50,100,57,100,7,yes,50,100
2025-05-23T17:00:52.256557,KXBTCD-25MAY2321-T107249.99,DELTA,50,100,57,100,8,no,5,-20000
2025-05-23T17:00:52.256755,KXBTCD-25MAY2321-T107249.99,DELTA,50,100,57,100,9,yes,7,20000
2025-05-23T17:00:52.256859,KXBTCD-25MAY2321-T107249.99,DELTA,50,100,57,100,10,no,5,-2000
2025-05-23T17:00:52.274991,KXBTCD-25MAY2321-T107249.99,DELTA,50,100,56,9,11,no,44,9
2025-05-23T17:00:52.275235,KXBTCD-25MAY2321-T107249.99,DELTA,50,100,56,9,12,yes,34,9
2025-05-23T17:00:52.275332,KXBTCD-25MAY2321-T107249.99,DELTA,50,100,56,9,13,no,5,-1000
2025-05-23T17:00:52.295281,KXBTCD-25MAY2321-T107249.99,DELTA,50,100,56,9,14,yes,31,-1000
2025-05-23T17:00:52.315707,KXBTCD-25MAY2321-T107249.99,DELTA,50,100,56,9,15,no,7,20000
2025-05-23T17:00:52.315921,KXBTCD-25MAY2321-T107249.99,DELTA,50,100,56,9,16,no,7,1000
2025-05-23T17:00:52.316015,KXBTCD-25MAY2321-T107249.99,DELTA,50,100,56,9,17,no,7,2000
2025-05-23T17:00:52.335024,KXBTCD-25MAY2321-T107249.99,DELTA,51,1000,56,9,18,yes,51,1000
2025-05-23T17:00:53.237584,KXBTCD-25MAY2321-T107249.99,DELTA,51,1000,56,9,19,yes,50,30
2025-05-23T17:00:53.239572,KXBTCD-25MAY2321-T107249.99,DELTA,51,1000,56,9,20,no,39,30
2025-05-23T17:00:53.336015,KXBTCD-25MAY2321-T107249.99,DELTA,51,1000,56,9,21,yes,34,-9
2025-05-23T17:00:53.355058,KXBTCD-25MAY2321-T107249.99,DELTA,51,1000,57,100,22,no,44,-9
2025-05-23T17:00:54.195917,KXBTCD-25MAY2321-T107249.99,DELTA,51,1000,57,100,23,no,7,-1000
2025-05-23T17:00:54.256828,KXBTCD-25MAY2321-T107249.99,DELTA,51,1000,57,100,24,no,40,1000
2025-05-23T17:00:54.277375,KXBTCD-25MAY2321-T107249.99,DELTA,51,1000,57,100,25,no,10,200
2025-05-23T17:00:54.375046,KXBTCD-25MAY2321-T107249.99,DELTA,51,1000,57,100,26,no,7,-2000
2025-05-23T17:00:54.435838,KXBTCD-25MAY2321-T107249.99,DELTA,51,1000,57,100,27,no,11,2000
2025-05-23T17:00:54.455978,KXBTCD-25MAY2321-T107249.99,DELTA,51,1000,57,100,28,yes,50,-30
2025-05-23T17:00:54.456642,KXBTCD-25MAY2321-T107249.99,DELTA,51,1000,57,100,29,yes,47,30
2025-05-23T17:00:54.457144,KXBTCD-25MAY2321-T107249.99,DELTA,51,1000,57,100,30,no,42,30
2025-05-23T17:00:54.457594,KXBTCD-25MAY2321-T107249.99,DELTA,51,1000,57,100,31,no,39,-30
2025-05-23T17:00:54.556563,KXBTCD-25MAY2321-T107249.99,DELTA,51,1000,57,100,32,no,40,-1000
2025-05-23T17:00:54.616146,KXBTCD-25MAY2321-T107249.99,DELTA,51,1000,57,100,33,no,11,1000
2025-05-23T17:00:54.696355,KXBTCD-25MAY2321-T107249.99,DELTA,51,1000,57,100,34,yes,30,-200
2025-05-23T17:00:54.697378,KXBTCD-25MAY2321-T107249.99,DELTA,51,1000,57,100,35,yes,20,200
2025-05-23T17:00:54.716523,KXBTCD-25MAY2321-T107249.99,DELTA,51,1000,57,100,36,no,10,-200
2025-05-23T17:00:54.717469,KXBTCD-25MAY2321-T107249.99,DELTA,51,1000,57,100,37,no,20,200
2025-05-23T17:00:54.758067,KXBTCD-25MAY2321-T107249.99,DELTA,51,1000,57,100,38,yes,31,-2000
2025-05-23T17:00:54.796544,KXBTCD-25MAY2321-T107249.99,DELTA,51,1000,57,100,39,no,11,-2000
2025-05-23T17:00:54.797231,KXBTCD-25MAY2321-T107249.99,DELTA,51,1000,57,100,40,no,11,-1000
2025-05-23T17:00:54.816434,KXBTCD-25MAY2321-T107249.99,DELTA,51,1000,57,100,41,yes,48,14
2025-05-23T17:00:54.817806,KXBTCD-25MAY2321-T107249.99,DELTA,51,1000,57,114,42,no,43,14
2025-05-23T17:00:54.818482,KXBTCD-25MAY2321-T107249.99,DELTA,51,1000,57,114,43,yes,21,2000
2025-05-23T17:00:54.866021,KXBTCD-25MAY2321-T107249.99,DELTA,51,1000,57,114,44,no,21,2000
2025-05-23T17:00:54.866848,KXBTCD-25MAY2321-T107249.99,DELTA,51,1000,57,114,45,no,21,1000
2025-05-23T17:00:55.137562,KXBTCD-25MAY2321-T107249.99,DELTA,51,1000,57,114,46,yes,50,-100
2025-05-23T17:00:55.195782,KXBTCD-25MAY2321-T107249.99,DELTA,48,14,57,114,47,yes,51,-1000
2025-05-23T17:00:55.256500,KXBTCD-25MAY2321-T107249.99,DELTA,48,1014,57,114,48,yes,48,1000
2025-05-23T17:00:55.317110,KXBTCD-25MAY2321-T107249.99,DELTA,48,1014,57,114,49,yes,47,-30
2025-05-23T17:00:55.318600,KXBTCD-25MAY2321-T107249.99,DELTA,48,1014,57,114,50,yes,46,30
2025-05-23T17:00:55.336411,KXBTCD-25MAY2321-T107249.99,DELTA,48,1014,57,114,51,no,42,-30
2025-05-23T17:00:55.336900,KXBTCD-25MAY2321-T107249.99,DELTA,48,1014,57,144,52,no,43,30
2025-05-23T17:00:55.337078,KXBTCD-25MAY2321-T107249.99,DELTA,48,1014,57,44,53,no,43,-100
2025-05-23T17:00:55.356783,KXBTCD-25MAY2321-T107249.99,DELTA,48,1014,57,44,54,no,21,-1000
2025-05-23T17:00:55.395852,KXBTCD-25MAY2321-T107249.99,DELTA,48,14,57,44,55,yes,48,-1000
2025-05-23T17:00:55.416495,KXBTCD-25MAY2321-T107249.99,DELTA,48,14,57,44,56,no,21,1000
2025-05-23T17:00:55.455734,KXBTCD-25MAY2321-T107249.99,DELTA,48,14,57,44,57,yes,47,1000
2025-05-23T17:00:55.876680,KXBTCD-25MAY2321-T107249.99,DELTA,48,14,57,44,58,yes,46,100
2025-05-23T17:00:55.976052,KXBTCD-25MAY2321-T107249.99,DELTA,48,14,57,44,59,yes,6,-5400
2025-05-23T17:00:55.976455,KXBTCD-25MAY2321-T107249.99,DELTA,48,14,57,44,60,yes,8,4050
2025-05-23T17:00:56.015722,KXBTCD-25MAY2321-T107249.99,DELTA,48,14,57,44,61,no,6,-5400
2025-05-23T17:00:56.016053,KXBTCD-25MAY2321-T107249.99,DELTA,48,14,57,44,62,no,8,4050
2025-05-23T17:00:56.036373,KXBTCD-25MAY2321-T107249.99,DELTA,48,14,57,44,63,yes,7,-20000
2025-05-23T17:00:56.079174,KXBTCD-25MAY2321-T107249.99,DELTA,48,14,57,44,64,no,7,-20000
2025-05-23T17:00:56.095497,KXBTCD-25MAY2321-T107249.99,DELTA,48,14,57,44,65,yes,9,20000
2025-05-23T17:00:56.116159,KXBTCD-25MAY2321-T107249.99,DELTA,48,14,57,44,66,no,9,20000
2025-05-23T17:00:56.435734,KXBTCD-25MAY2321-T107249.99,DELTA,48,14,54,100,67,no,46,100
2025-05-23T17:00:57.056223,KXBTCD-25MAY2321-T107249.99,DELTA,48,14,54,100,68,yes,8,-4050
2025-05-23T17:00:57.056943,KXBTCD-25MAY2321-T107249.99,DELTA,48,14,54,100,69,yes,10,3240
2025-05-23T17:00:57.116972,KXBTCD-25MAY2321-T107249.99,DELTA,48,14,54,100,70,no,8,-4050
2025-05-23T17:00:57.118023,KXBTCD-25MAY2321-T107249.99,DELTA,48,14,54,100,71,no,10,3240
2025-05-23T17:00:57.118726,KXBTCD-25MAY2321-T107249.99,DELTA,48,14,54,100,72,yes,9,-20000
2025-05-23T17:00:57.155353,KXBTCD-25MAY2321-T107249.99,DELTA,48,14,54,100,73,yes,11,20000
2025-05-23T17:00:57.176713,KXBTCD-25MAY2321-T107249.99,DELTA,48,14,54,100,74,no,9,-20000
2025-05-23T17:00:57.216950,KXBTCD-25MAY2321-T107249.99,DELTA,48,14,54,100,75,no,11,20000
2025-05-23T17:00:57.619136,KXBTCD-25MAY2321-T107249.99,DELTA,48,14,54,100,76,yes,46,14
2025-05-23T17:00:57.619931,KXBTCD-25MAY2321-T107249.99,DELTA,47,1000,54,100,77,yes,48,-14
2025-05-23T17:00:57.620408,KXBTCD-25MAY2321-T107249.99,DELTA,47,1000,54,100,78,no,43,-14
2025-05-23T17:00:57.620887,KXBTCD-25MAY2321-T107249.99,DELTA,47,1000,54,100,79,no,45,14
2025-05-23T17:00:57.996237,KXBTCD-25MAY2321-T107249.99,DELTA,47,1000,54,100,80,no,21,-1000
2025-05-23T17:00:58.036246,KXBTCD-25MAY2321-T107249.99,DELTA,47,1000,54,100,81,no,43,1000
2025-05-23T17:00:58.155617,KXBTCD-25MAY2321-T107249.99,DELTA,47,1000,54,100,82,yes,10,-3240
2025-05-23T17:00:58.155924,KXBTCD-25MAY2321-T107249.99,DELTA,47,1000,54,100,83,yes,12,2700
2025-05-23T17:00:58.195357,KXBTCD-25MAY2321-T107249.99,DELTA,47,1000,54,100,84,no,10,-3240
2025-05-23T17:00:58.195558,KXBTCD-25MAY2321-T107249.99,DELTA,47,1000,54,100,85,no,12,2700
2025-05-23T17:00:58.215072,KXBTCD-25MAY2321-T107249.99,DELTA,47,1000,54,100,86,yes,11,-20000
2025-05-23T17:00:58.255297,KXBTCD-25MAY2321-T107249.99,DELTA,47,1000,54,100,87,no,11,-20000
2025-05-23T17:00:59.257053,KXBTCD-25MAY2321-T107249.99,DELTA,47,1000,54,100,88,yes,12,-2700
2025-05-23T17:00:59.257746,KXBTCD-25MAY2321-T107249.99,DELTA,47,1000,54,100,89,yes,4,8100
2025-05-23T17:00:59.275223,KXBTCD-25MAY2321-T107249.99,DELTA,47,1000,54,100,90,no,12,-2700
2025-05-23T17:00:59.275800,KXBTCD-25MAY2321-T107249.99,DELTA,47,1000,54,100,91,no,4,8100
2025-05-23T17:00:59.276536,KXBTCD-25MAY2321-T107249.99,DELTA,47,1000,54,100,92,no,43,-1000
2025-05-23T17:00:59.297088,KXBTCD-25MAY2321-T107249.99,DELTA,47,1000,54,100,93,yes,5,20000
2025-05-23T17:00:59.315527,KXBTCD-25MAY2321-T107249.99,DELTA,47,1000,54,100,94,no,20,-200
2025-05-23T17:00:59.315790,KXBTCD-25MAY2321-T107249.99,DELTA,47,1000,54,100,95,no,30,200
2025-05-23T17:00:59.335387,KXBTCD-25MAY2321-T107249.99,DELTA,47,1000,54,100,96,no,44,1000
2025-05-23T17:00:59.355124,KXBTCD-25MAY2321-T107249.99,DELTA,47,1000,54,100,97,no,5,20000
2025-05-23T17:00:59.375555,KXBTCD-25MAY2321-T107249.99,DELTA,47,1000,54,100,98,yes,44,30
2025-05-23T17:00:59.376802,KXBTCD-25MAY2321-T107249.99,DELTA,47,1000,54,100,99,yes,46,-30
2025-05-23T17:00:59.395325,KXBTCD-25MAY2321-T107249.99,DELTA,47,1000,54,100,100,no,43,-30
2025-05-23T17:00:59.395524,KXBTCD-25MAY2321-T107249.99,DELTA,47,1000,54,100,101,no,45,30
2025-05-23T17:00:59.416138,KXBTCD-25MAY2321-T107249.99,DELTA,47,1000,54,100,102,no,21,-2000
2025-05-23T17:00:59.456077,KXBTCD-25MAY2321-T107249.99,DELTA,47,1000,54,100,103,no,44,-1000
2025-05-23T17:00:59.476092,KXBTCD-25MAY2321-T107249.99,DELTA,47,1000,54,100,104,yes,46,-14
2025-05-23T17:00:59.476304,KXBTCD-25MAY2321-T107249.99,DELTA,47,1000,54,100,105,yes,44,14
2025-05-23T17:00:59.476404,KXBTCD-25MAY2321-T107249.99,DELTA,47,1000,54,100,106,no,45,-14
2025-05-23T17:00:59.476472,KXBTCD-25MAY2321-T107249.99,DELTA,47,1000,54,100,107,no,31,2000
2025-05-23T17:00:59.495259,KXBTCD-25MAY2321-T107249.99,DELTA,47,1000,53,14,108,no,47,14
2025-05-23T17:00:59.515841,KXBTCD-25MAY2321-T107249.99,DELTA,47,1000,53,14,109,no,16,-3000
2025-05-23T17:00:59.535891,KXBTCD-25MAY2321-T107249.99,DELTA,47,1000,53,14,110,no,46,1000
2025-05-23T17:00:59.577632,KXBTCD-25MAY2321-T107249.99,DELTA,47,1000,53,14,111,no,22,3000
2025-05-23T17:00:59.594576,KXBTCD-25MAY2321-T107249.99,DELTA,47,1000,53,14,112,no,46,-1000
2025-05-23T17:00:59.635757,KXBTCD-25MAY2321-T107249.99,DELTA,47,1000,53,14,113,no,45,1000
2025-05-23T17:00:59.675700,KXBTCD-25MAY2321-T107249.99,DELTA,47,1000,53,14,114,no,46,-100
2025-05-23T17:00:59.695087,KXBTCD-25MAY2321-T107249.99,DELTA,47,1000,53,14,115,yes,20,-200
2025-05-23T17:00:59.695292,KXBTCD-25MAY2321-T107249.99,DELTA,47,1000,53,14,116,yes,10,200
2025-05-23T17:00:59.755566,KXBTCD-25MAY2321-T107249.99,DELTA,47,1000,53,14,117,yes,21,-2000
2025-05-23T17:00:59.795943,KXBTCD-25MAY2321-T107249.99,DELTA,47,1000,53,14,118,yes,11,2000
2025-05-23T17:01:00.116414,KXBTCD-25MAY2321-T107249.99,DELTA,47,1000,53,14,119,no,45,-1000
2025-05-23T17:01:00.135748,KXBTCD-25MAY2321-T107249.99,DELTA,47,1000,53,14,120,yes,46,-100
2025-05-23T17:01:00.177034,KXBTCD-25MAY2321-T107249.99,DELTA,47,1000,53,14,121,no,31,1000
2025-05-23T17:01:00.215831,KXBTCD-25MAY2321-T107249.99,DELTA,44,44,53,14,122,yes,47,-1000
2025-05-23T17:01:00.236132,KXBTCD-25MAY2321-T107249.99,DELTA,44,44,53,14,123,yes,10,-200
2025-05-23T17:01:00.236636,KXBTCD-25MAY2321-T107249.99,DELTA,44,44,53,14,124,yes,20,200
2025-05-23T17:01:00.255898,KXBTCD-25MAY2321-T107249.99,DELTA,45,1000,53,14,125,yes,45,1000
2025-05-23T17:01:00.295173,KXBTCD-25MAY2321-T107249.99,DELTA,45,1000,53,14,126,yes,11,-2000
2025-05-23T17:01:00.334896,KXBTCD-25MAY2321-T107249.99,DELTA,45,1000,53,14,127,yes,21,2000
2025-05-23T17:01:00.355559,KXBTCD-25MAY2321-T107249.99,DELTA,45,1000,53,14,128,yes,4,-8100
2025-05-23T17:01:00.356420,KXBTCD-25MAY2321-T107249.99,DELTA,45,1000,53,14,129,yes,12,2700
2025-05-23T17:01:00.416295,KXBTCD-25MAY2321-T107249.99,DELTA,45,1000,53,14,130,no,4,-8100
2025-05-23T17:01:00.417228,KXBTCD-25MAY2321-T107249.99,DELTA,45,1000,53,14,131,no,6,5400
2025-05-23T17:01:00.417910,KXBTCD-25MAY2321-T107249.99,DELTA,45,1000,53,14,132,yes,5,-20000
2025-05-23T17:01:00.492713,KXBTCD-25MAY2321-T107249.99,DELTA,45,1000,53,14,133,no,5,-20000
2025-05-23T17:01:00.516617,KXBTCD-25MAY2321-T107249.99,DELTA,45,1000,53,14,134,no,7,20000
2025-05-23T17:01:00.655646,KXBTCD-25MAY2321-T107249.99,DELTA,45,1000,52,100,135,no,48,100
2025-05-23T17:01:01.202947,KXBTCD-25MAY2321-T107249.99,DELTA,45,1000,52,100,136,no,31,-1000
2025-05-23T17:01:01.204301,KXBTCD-25MAY2321-T107249.99,DELTA,45,1000,52,100,137,no,45,1000
2025-05-23T17:01:01.255241,KXBTCD-25MAY2321-T107249.99,DELTA,45,1000,52,100,138,yes,44,100
2025-05-23T17:01:01.355264,KXBTCD-25MAY2321-T107249.99,DELTA,45,1000,52,100,139,yes,33,-3000
2025-05-23T17:01:01.356000,KXBTCD-25MAY2321-T107249.99,DELTA,45,1000,52,100,140,yes,1,-8000
2025-05-23T17:01:01.375469,KXBTCD-25MAY2321-T107249.99,DELTA,45,1000,52,100,141,no,45,-1000
2025-05-23T17:01:01.416592,KXBTCD-25MAY2321-T107249.99,DELTA,45,1000,52,100,142,yes,25,3000
2025-05-23T17:01:01.417366,KXBTCD-25MAY2321-T107249.99,DELTA,45,1000,52,100,143,no,46,1000
2025-05-23T17:01:01.475367,KXBTCD-25MAY2321-T107249.99,DELTA,45,1000,52,100,144,yes,20,-200
2025-05-23T17:01:01.476291,KXBTCD-25MAY2321-T107249.99,DELTA,45,1000,52,100,145,yes,10,200
2025-05-23T17:01:01.535696,KXBTCD-25MAY2321-T107249.99,DELTA,45,1000,52,100,146,yes,21,-2000
2025-05-23T17:01:01.555411,KXBTCD-25MAY2321-T107249.99,DELTA,45,1000,52,100,147,yes,43,30
2025-05-23T17:01:01.555668,KXBTCD-25MAY2321-T107249.99,DELTA,45,1000,52,100,148,yes,44,-30
2025-05-23T17:01:01.576287,KXBTCD-25MAY2321-T107249.99,DELTA,45,1000,52,100,149,yes,44,-100
2025-05-23T17:01:01.576429,KXBTCD-25MAY2321-T107249.99,DELTA,45,1000,52,100,150,no,46,30
2025-05-23T17:01:01.576527,KXBTCD-25MAY2321-T107249.99,DELTA,45,1000,52,100,151,no,45,-30
2025-05-23T17:01:01.595567,KXBTCD-25MAY2321-T107249.99,DELTA,45,1000,52,100,152,yes,13,2000
2025-05-23T17:01:01.655995,KXBTCD-25MAY2321-T107249.99,DELTA,44,14,52,100,153,yes,45,-1000
2025-05-23T17:01:01.656659,KXBTCD-25MAY2321-T107249.99,DELTA,44,14,52,100,154,no,46,-1000
2025-05-23T17:01:01.716193,KXBTCD-25MAY2321-T107249.99,DELTA,44,1014,52,100,155,yes,44,1000
2025-05-23T17:01:01.716965,KXBTCD-25MAY2321-T107249.99,DELTA,44,1014,52,100,156,no,47,1000
2025-05-23T17:01:01.876543,KXBTCD-25MAY2321-T107249.99,DELTA,44,1014,52,100,157,no,47,-1000
2025-05-23T17:01:01.916160,KXBTCD-25MAY2321-T107249.99,DELTA,44,1014,52,100,158,no,46,1000
2025-05-23T17:01:02.016018,KXBTCD-25MAY2321-T107249.99,DELTA,44,1014,53,14,159,no,48,-100
2025-05-23T17:01:02.437107,KXBTCD-25MAY2321-T107249.99,DELTA,44,1014,53,14,160,no,46,-1000
2025-05-23T17:01:02.437545,KXBTCD-25MAY2321-T107249.99,DELTA,44,1014,53,14,161,yes,1,8000
2025-05-23T17:01:02.476037,KXBTCD-25MAY2321-T107249.99,DELTA,44,1014,53,14,162,no,31,1000
2025-05-23T17:01:02.595103,KXBTCD-25MAY2321-T107249.99,DELTA,44,1114,53,14,163,yes,44,100
2025-05-23T17:01:02.694156,KXBTCD-25MAY2321-T107249.99,DELTA,44,114,53,14,164,yes,44,-1000
2025-05-23T17:01:02.736288,KXBTCD-25MAY2321-T107249.99,DELTA,45,1000,53,14,165,yes,45,1000
2025-05-23T17:01:02.795409,KXBTCD-25MAY2321-T107249.99,DELTA,45,1000,53,14,166,yes,12,-2700
2025-05-23T17:01:02.796342,KXBTCD-25MAY2321-T107249.99,DELTA,45,1000,53,14,167,yes,14,2314
2025-05-23T17:01:02.835688,KXBTCD-25MAY2321-T107249.99,DELTA,45,1000,53,14,168,no,6,-5400
2025-05-23T17:01:02.836263,KXBTCD-25MAY2321-T107249.99,DELTA,45,1000,53,14,169,no,8,4050
2025-05-23T17:01:02.875400,KXBTCD-25MAY2321-T107249.99,DELTA,45,1000,53,14,170,yes,13,-2000
2025-05-23T17:01:02.895914,KXBTCD-25MAY2321-T107249.99,DELTA,45,1000,53,14,171,no,7,-20000
2025-05-23T17:01:02.896135,KXBTCD-25MAY2321-T107249.99,DELTA,45,1000,53,14,172,yes,44,30
2025-05-23T17:01:02.896415,KXBTCD-25MAY2321-T107249.99,DELTA,45,1000,53,14,173,yes,10,-200
2025-05-23T17:01:02.896541,KXBTCD-25MAY2321-T107249.99,DELTA,45,1000,53,14,174,yes,20,200
2025-05-23T17:01:02.896619,KXBTCD-25MAY2321-T107249.99,DELTA,45,1000,53,14,175,yes,43,-30
2025-05-23T17:01:02.916004,KXBTCD-25MAY2321-T107249.99,DELTA,45,1000,53,14,176,no,46,-30
2025-05-23T17:01:02.916202,KXBTCD-25MAY2321-T107249.99,DELTA,45,1000,53,14,177,no,45,30
2025-05-23T17:01:02.916289,KXBTCD-25MAY2321-T107249.99,DELTA,45,1000,53,14,178,yes,15,2000
2025-05-23T17:01:02.916355,KXBTCD-25MAY2321-T107249.99,DELTA,46,14,53,14,179,yes,46,14
2025-05-23T17:01:02.916465,KXBTCD-25MAY2321-T107249.99,DELTA,46,14,53,14,180,yes,44,-14
2025-05-23T17:01:02.916525,KXBTCD-25MAY2321-T107249.99,DELTA,46,14,53,14,181,no,45,14
2025-05-23T17:01:02.935352,KXBTCD-25MAY2321-T107249.99,DELTA,46,14,55,44,182,no,47,-14
2025-05-23T17:01:02.955379,KXBTCD-25MAY2321-T107249.99,DELTA,46,14,55,44,183,no,9,20000
2025-05-23T17:01:02.955614,KXBTCD-25MAY2321-T107249.99,DELTA,46,14,55,44,184,yes,15,-2000
2025-05-23T17:01:03.016994,KXBTCD-25MAY2321-T107249.99,DELTA,46,14,55,44,185,yes,21,2000
2025-05-23T17:01:03.276827,KXBTCD-25MAY2321-T107249.99,DELTA,46,14,52,100,186,no,48,100
2025-05-23T17:01:03.436498,KXBTCD-25MAY2321-T107249.99,DELTA,46,14,52,100,187,yes,44,-100
2025-05-23T17:01:03.675751,KXBTCD-25MAY2321-T107249.99,DELTA,46,14,55,44,188,no,48,-100
2025-05-23T17:01:03.796906,KXBTCD-25MAY2321-T107249.99,DELTA,46,14,55,44,189,yes,44,14
2025-05-23T17:01:03.815739,KXBTCD-25MAY2321-T107249.99,DELTA,45,1000,55,44,190,yes,46,-14
2025-05-23T17:01:03.816454,KXBTCD-25MAY2321-T107249.99,DELTA,45,1000,53,14,191,no,47,14
2025-05-23T17:01:03.817111,KXBTCD-25MAY2321-T107249.99,DELTA,45,1000,53,14,192,no,45,-14
2025-05-23T17:01:03.936803,KXBTCD-25MAY2321-T107249.99,DELTA,45,1000,53,14,193,yes,44,-30
2025-05-23T17:01:03.937531,KXBTCD-25MAY2321-T107249.99,DELTA,45,1000,53,14,194,yes,43,30
2025-05-23T17:01:03.938652,KXBTCD-25MAY2321-T107249.99,DELTA,45,1000,53,14,195,no,45,-30
2025-05-23T17:01:03.939347,KXBTCD-25MAY2321-T107249.99,DELTA,45,1000,53,14,196,no,46,30
2025-05-23T17:01:03.995797,KXBTCD-25MAY2321-T107249.99,DELTA,44,14,53,14,197,yes,45,-1000
2025-05-23T17:01:04.036548,KXBTCD-25MAY2321-T107249.99,DELTA,44,14,53,14,198,yes,1,-8000
2025-05-23T17:01:04.037670,KXBTCD-25MAY2321-T107249.99,DELTA,44,14,53,14,199,no,31,-1000
2025-05-23T17:01:04.076419,KXBTCD-25MAY2321-T107249.99,DELTA,44,1014,53,14,200,yes,44,1000
2025-05-23T17:01:04.096836,KXBTCD-25MAY2321-T107249.99,DELTA,44,1014,53,14,201,yes,20,-200
2025-05-23T17:01:04.097737,KXBTCD-25MAY2321-T107249.99,DELTA,44,1014,53,14,202,yes,10,200
2025-05-23T17:01:04.098507,KXBTCD-25MAY2321-T107249.99,DELTA,44,1014,53,14,203,no,46,1000
2025-05-23T17:01:04.175514,KXBTCD-25MAY2321-T107249.99,DELTA,44,1014,53,14,204,yes,21,-2000
2025-05-23T17:01:04.215879,KXBTCD-25MAY2321-T107249.99,DELTA,44,1014,53,14,205,yes,15,2000
2025-05-23T17:01:04.455526,KXBTCD-25MAY2321-T107249.99,DELTA,44,1014,52,100,206,no,48,100
2025-05-23T17:01:04.455911,KXBTCD-25MAY2321-T107249.99,DELTA,44,1114,52,100,207,yes,44,100
2025-05-23T17:01:04.515373,KXBTCD-25MAY2321-T107249.99,DELTA,44,114,52,100,208,yes,44,-1000
2025-05-23T17:01:04.576163,KXBTCD-25MAY2321-T107249.99,DELTA,45,1000,52,100,209,yes,45,1000
2025-05-23T17:01:05.895443,KXBTCD-25MAY2321-T107249.99,DELTA,45,1000,52,100,210,no,46,-1000
2025-05-23T17:01:05.937853,KXBTCD-25MAY2321-T107249.99,DELTA,45,1000,52,100,211,no,47,1000
2025-05-23T17:01:06.276346,KXBTCD-25MAY2321-T107249.99,DELTA,45,1000,53,1014,212,no,48,-100
2025-05-23T17:01:07.295794,KXBTCD-25MAY2321-T107249.99,DELTA,45,1000,53,14,213,no,47,-1000
2025-05-23T17:01:07.335763,KXBTCD-25MAY2321-T107249.99,DELTA,45,1000,53,14,214,no,46,1000
2025-05-23T17:01:07.656174,KXBTCD-25MAY2321-T107249.99,DELTA,45,1000,53,14,215,no,46,-1000
2025-05-23T17:01:07.656603,KXBTCD-25MAY2321-T107249.99,DELTA,45,1000,51,100,216,no,49,100
2025-05-23T17:01:07.657294,KXBTCD-25MAY2321-T107249.99,DELTA,45,1000,51,100,217,no,31,1000
2025-05-23T17:01:08.275018,KXBTCD-25MAY2321-T107249.99,DELTA,45,1000,51,100,218,yes,14,-2314
2025-05-23T17:01:08.275273,KXBTCD-25MAY2321-T107249.99,DELTA,45,1000,51,100,219,yes,11,2945
2025-05-23T17:01:08.314583,KXBTCD-25MAY2321-T107249.99,DELTA,45,1000,51,100,220,no,8,-4050
2025-05-23T17:01:08.314843,KXBTCD-25MAY2321-T107249.99,DELTA,45,1000,51,100,221,no,10,3240
2025-05-23T17:01:08.355622,KXBTCD-25MAY2321-T107249.99,DELTA,45,1000,51,100,222,yes,15,-2000
2025-05-23T17:01:08.375386,KXBTCD-25MAY2321-T107249.99,DELTA,45,1000,51,100,223,no,9,-20000
2025-05-23T17:01:08.415140,KXBTCD-25MAY2321-T107249.99,DELTA,45,1000,51,100,224,yes,12,2000
2025-05-23T17:01:08.415413,KXBTCD-25MAY2321-T107249.99,DELTA,45,1000,51,100,225,no,11,20000
2025-05-23T17:01:08.736583,KXBTCD-25MAY2321-T107249.99,DELTA,45,1000,51,100,226,yes,1,8000
2025-05-23T17:01:08.916559,KXBTCD-25MAY2321-T107249.99,DELTA,45,1000,51,100,227,yes,44,30
2025-05-23T17:01:08.917222,KXBTCD-25MAY2321-T107249.99,DELTA,45,1000,51,100,228,yes,43,-30
2025-05-23T17:01:08.918000,KXBTCD-25MAY2321-T107249.99,DELTA,45,1000,51,100,229,no,46,-30
2025-05-23T17:01:08.918290,KXBTCD-25MAY2321-T107249.99,DELTA,45,1000,51,100,230,no,45,30
2025-05-23T17:01:09.056713,KXBTCD-25MAY2321-T107249.99,DELTA,45,1000,51,100,231,yes,10,-200
2025-05-23T17:01:09.057409,KXBTCD-25MAY2321-T107249.99,DELTA,45,1000,51,100,232,yes,20,200
2025-05-23T17:01:09.114972,KXBTCD-25MAY2321-T107249.99,DELTA,45,1000,51,100,233,yes,44,-14
2025-05-23T17:01:09.115237,KXBTCD-25MAY2321-T107249.99,DELTA,46,14,51,100,234,yes,46,14
2025-05-23T17:01:09.115359,KXBTCD-25MAY2321-T107249.99,DELTA,46,14,51,100,235,no,45,14
2025-05-23T17:01:09.115731,KXBTCD-25MAY2321-T107249.99,DELTA,46,14,51,100,236,no,47,-14
2025-05-23T17:01:09.115885,KXBTCD-25MAY2321-T107249.99,DELTA,46,14,51,100,237,yes,12,-2000
2025-05-23T17:01:09.155696,KXBTCD-25MAY2321-T107249.99,DELTA,46,14,51,100,238,yes,44,-100
2025-05-23T17:01:09.176866,KXBTCD-25MAY2321-T107249.99,DELTA,46,14,51,100,239,yes,21,2000
2025-05-23T17:01:09.177236,KXBTCD-25MAY2321-T107249.99,DELTA,46,14,55,44,240,no,49,-100
2025-05-23T17:01:09.595502,KXBTCD-25MAY2321-T107249.99,DELTA,46,14,55,44,241,yes,11,-2945
2025-05-23T17:01:09.596212,KXBTCD-25MAY2321-T107249.99,DELTA,46,14,55,44,242,yes,4,8100
2025-05-23T17:01:09.655446,KXBTCD-25MAY2321-T107249.99,DELTA,46,14,55,44,243,no,10,-3240
2025-05-23T17:01:09.656231,KXBTCD-25MAY2321-T107249.99,DELTA,46,14,55,44,244,no,12,2700
2025-05-23T17:01:09.675631,KXBTCD-25MAY2321-T107249.99,DELTA,46,14,55,44,245,yes,5,20000
2025-05-23T17:01:09.715055,KXBTCD-25MAY2321-T107249.99,DELTA,46,14,55,44,246,no,11,-20000
2025-05-23T17:01:09.775267,KXBTCD-25MAY2321-T107249.99,DELTA,46,14,55,44,247,no,31,-1000
2025-05-23T17:01:09.814508,KXBTCD-25MAY2321-T107249.99,DELTA,46,14,55,1044,248,no,45,1000
2025-05-23T17:01:10.261582,KXBTCD-25MAY2321-T107249.99,DELTA,46,14,55,44,249,no,45,-1000
2025-05-23T17:01:10.315762,KXBTCD-25MAY2321-T107249.99,DELTA,46,14,55,44,250,no,31,1000
2025-05-23T17:01:10.755683,KXBTCD-25MAY2321-T107249.99,DELTA,46,14,53,100,251,no,47,100
2025-05-23T17:01:10.777511,KXBTCD-25MAY2321-T107249.99,DELTA,46,14,53,100,252,yes,44,100
2025-05-23T17:01:10.888020,KXBTCD-25MAY2321-T107249.99,DELTA,46,14,53,100,253,yes,4,-8100
2025-05-23T17:01:10.888229,KXBTCD-25MAY2321-T107249.99,DELTA,46,14,53,100,254,yes,6,5400
2025-05-23T17:01:10.935011,KXBTCD-25MAY2321-T107249.99,DELTA,46,14,53,100,255,no,12,-2700
2025-05-23T17:01:10.935235,KXBTCD-25MAY2321-T107249.99,DELTA,46,14,53,100,256,no,4,8100
2025-05-23T17:01:10.954192,KXBTCD-25MAY2321-T107249.99,DELTA,46,14,53,100,257,yes,5,-20000
2025-05-23T17:01:10.994148,KXBTCD-25MAY2321-T107249.99,DELTA,46,14,53,100,258,no,5,20000
2025-05-23T17:01:10.994385,KXBTCD-25MAY2321-T107249.99,DELTA,46,14,53,100,259,yes,7,20000
2025-05-23T17:01:11.015486,KXBTCD-25MAY2321-T107249.99,DELTA,46,14,53,100,260,yes,44,-100
2025-05-23T17:01:11.335853,KXBTCD-25MAY2321-T107249.99,DELTA,46,14,53,100,261,no,31,-1000
2025-05-23T17:01:11.376411,KXBTCD-25MAY2321-T107249.99,DELTA,46,14,53,100,262,no,45,1000
2025-05-23T17:01:11.955886,KXBTCD-25MAY2321-T107249.99,DELTA,46,14,53,100,263,yes,45,100
2025-05-23T17:01:12.017269,KXBTCD-25MAY2321-T107249.99,DELTA,46,14,53,100,264,yes,45,-1000
2025-05-23T17:01:12.075806,KXBTCD-25MAY2321-T107249.99,DELTA,46,1014,53,100,265,yes,46,1000
2025-05-23T17:01:12.116644,KXBTCD-25MAY2321-T107249.99,DELTA,46,1014,53,100,266,yes,6,-5400
2025-05-23T17:01:12.116817,KXBTCD-25MAY2321-T107249.99,DELTA,46,1014,53,100,267,yes,8,4050
2025-05-23T17:01:12.136011,KXBTCD-25MAY2321-T107249.99,DELTA,46,1014,53,100,268,yes,43,14
2025-05-23T17:01:12.136169,KXBTCD-25MAY2321-T107249.99,DELTA,46,1014,53,100,269,yes,42,30
2025-05-23T17:01:12.136340,KXBTCD-25MAY2321-T107249.99,DELTA,46,1000,53,100,270,yes,46,-14
2025-05-23T17:01:12.136685,KXBTCD-25MAY2321-T107249.99,DELTA,46,1000,53,100,271,yes,44,-30
2025-05-23T17:01:12.136886,KXBTCD-25MAY2321-T107249.99,DELTA,46,1000,53,130,272,no,47,30
2025-05-23T17:01:12.137028,KXBTCD-25MAY2321-T107249.99,DELTA,46,1000,53,130,273,no,45,-30
2025-05-23T17:01:12.137141,KXBTCD-25MAY2321-T107249.99,DELTA,46,1000,53,130,274,no,45,-14
2025-05-23T17:01:12.137254,KXBTCD-25MAY2321-T107249.99,DELTA,46,1000,52,14,275,no,48,14
2025-05-23T17:01:12.155060,KXBTCD-25MAY2321-T107249.99,DELTA,46,1000,52,14,276,no,4,-8100
2025-05-23T17:01:12.155246,KXBTCD-25MAY2321-T107249.99,DELTA,46,1000,52,14,277,no,6,5400
2025-05-23T17:01:12.195286,KXBTCD-25MAY2321-T107249.99,DELTA,46,1000,52,14,278,yes,7,-20000
2025-05-23T17:01:12.195463,KXBTCD-25MAY2321-T107249.99,DELTA,46,1000,52,14,279,no,45,-1000
2025-05-23T17:01:12.215850,KXBTCD-25MAY2321-T107249.99,DELTA,46,1000,52,14,280,yes,20,-200
2025-05-23T17:01:12.216009,KXBTCD-25MAY2321-T107249.99,DELTA,46,1000,52,14,281,yes,10,200
2025-05-23T17:01:12.235372,KXBTCD-25MAY2321-T107249.99,DELTA,46,1000,52,14,282,yes,9,20000
2025-05-23T17:01:12.235534,KXBTCD-25MAY2321-T107249.99,DELTA,46,1000,52,14,283,no,5,-20000
2025-05-23T17:01:12.235649,KXBTCD-25MAY2321-T107249.99,DELTA,46,1000,52,14,284,no,31,1000
2025-05-23T17:01:12.275290,KXBTCD-25MAY2321-T107249.99,DELTA,46,1000,52,14,285,yes,21,-2000
2025-05-23T17:01:12.295295,KXBTCD-25MAY2321-T107249.99,DELTA,46,1000,52,14,286,no,7,20000
2025-05-23T17:01:12.315439,KXBTCD-25MAY2321-T107249.99,DELTA,46,1000,52,14,287,yes,11,2000
2025-05-23T17:01:12.435759,KXBTCD-25MAY2321-T107249.99,DELTA,46,1000,52,14,288,no,47,-100
2025-05-23T17:01:12.536226,KXBTCD-25MAY2321-T107249.99,DELTA,46,1000,52,14,289,yes,1,-8000
2025-05-23T17:01:12.554990,KXBTCD-25MAY2321-T107249.99,DELTA,46,1000,52,14,290,no,31,-1000
2025-05-23T17:01:12.635560,KXBTCD-25MAY2321-T107249.99,DELTA,46,1000,52,14,291,no,47,1000
2025-05-23T17:01:12.654890,KXBTCD-25MAY2321-T107249.99,DELTA,46,1000,52,14,292,yes,45,-100
2025-05-23T17:01:12.714546,KXBTCD-25MAY2321-T107249.99,DELTA,43,14,52,14,293,yes,46,-1000
2025-05-23T17:01:12.775879,KXBTCD-25MAY2321-T107249.99,DELTA,43,1014,52,14,294,yes,43,1000
2025-05-23T17:01:13.376021,KXBTCD-25MAY2321-T107249.99,DELTA,43,1014,52,14,295,yes,8,-4050
2025-05-23T17:01:13.376527,KXBTCD-25MAY2321-T107249.99,DELTA,43,1014,52,14,296,yes,12,2700
2025-05-23T17:01:13.415632,KXBTCD-25MAY2321-T107249.99,DELTA,43,1014,52,14,297,no,6,-5400
2025-05-23T17:01:13.416202,KXBTCD-25MAY2321-T107249.99,DELTA,43,1014,52,14,298,no,8,4050
2025-05-23T17:01:13.436032,KXBTCD-25MAY2321-T107249.99,DELTA,43,1014,52,14,299,yes,9,-20000
2025-05-23T17:01:13.436228,KXBTCD-25MAY2321-T107249.99,DELTA,43,1014,52,14,300,yes,11,-2000
2025-05-23T17:01:13.496408,KXBTCD-25MAY2321-T107249.99,DELTA,43,1014,52,14,301,yes,13,2000
2025-05-23T17:01:13.515936,KXBTCD-25MAY2321-T107249.99,DELTA,43,1014,52,14,302,no,7,-20000
2025-05-23T17:01:13.516066,KXBTCD-25MAY2321-T107249.99,DELTA,43,1014,52,14,303,no,47,-1000
2025-05-23T17:01:13.575364,KXBTCD-25MAY2321-T107249.99,DELTA,43,1014,52,14,304,no,9,20000
2025-05-23T17:01:13.575823,KXBTCD-25MAY2321-T107249.99,DELTA,43,1014,52,1014,305,no,48,1000
2025-05-23T17:01:13.599427,KXBTCD-25MAY2321-T107249.99,DELTA,43,1014,51,100,306,no,49,100
2025-05-23T17:01:14.108555,KXBTCD-25MAY2321-T107249.99,DELTA,43,1014,51,100,307,no,48,-1000
2025-05-23T17:01:14.108962,KXBTCD-25MAY2321-T107249.99,DELTA,43,1014,51,100,308,no,47,1000
2025-05-23T17:01:14.183758,KXBTCD-25MAY2321-T107249.99,DELTA,43,1014,51,100,309,yes,42,100
2025-05-23T17:01:14.195675,KXBTCD-25MAY2321-T107249.99,DELTA,43,1014,51,100,310,no,47,-1000
2025-05-23T17:01:14.235815,KXBTCD-25MAY2321-T107249.99,DELTA,43,1014,51,100,311,yes,41,30
2025-05-23T17:01:14.236150,KXBTCD-25MAY2321-T107249.99,DELTA,43,1014,51,100,312,yes,42,-30
2025-05-23T17:01:14.236334,KXBTCD-25MAY2321-T107249.99,DELTA,43,1000,51,100,313,yes,43,-14
2025-05-23T17:01:14.236496,KXBTCD-25MAY2321-T107249.99,DELTA,43,1000,51,100,314,no,47,-30
2025-05-23T17:01:14.236728,KXBTCD-25MAY2321-T107249.99,DELTA,43,1000,51,100,315,no,48,30
2025-05-23T17:01:14.237036,KXBTCD-25MAY2321-T107249.99,DELTA,43,1000,51,100,316,yes,42,14
2025-05-23T17:01:14.257031,KXBTCD-25MAY2321-T107249.99,DELTA,43,1000,51,100,317,no,48,-14
2025-05-23T17:01:14.257616,KXBTCD-25MAY2321-T107249.99,DELTA,43,1000,51,114,318,no,49,14
2025-05-23T17:01:14.275492,KXBTCD-25MAY2321-T107249.99,DELTA,43,1000,51,114,319,no,48,1000
2025-05-23T17:01:14.296243,KXBTCD-25MAY2321-T107249.99,DELTA,43,1000,51,14,320,no,49,-100
2025-05-23T17:01:14.316926,KXBTCD-25MAY2321-T107249.99,DELTA,43,1000,51,14,321,yes,13,-2000
2025-05-23T17:01:14.317151,KXBTCD-25MAY2321-T107249.99,DELTA,43,1000,51,14,322,no,48,-1000
2025-05-23T17:01:14.317284,KXBTCD-25MAY2321-T107249.99,DELTA,43,1000,51,14,323,no,31,-2000
2025-05-23T17:01:14.317405,KXBTCD-25MAY2321-T107249.99,DELTA,43,1000,51,14,324,no,9,-20000
2025-05-23T17:01:14.317812,KXBTCD-25MAY2321-T107249.99,DELTA,42,114,51,14,325,yes,43,-1000
2025-05-23T17:01:14.335592,KXBTCD-25MAY2321-T107249.99,DELTA,42,114,51,14,326,no,1,8000
2025-05-23T17:01:14.375348,KXBTCD-25MAY2321-T107249.99,DELTA,42,114,51,14,327,yes,10,-200
2025-05-23T17:01:14.535083,KXBTCD-25MAY2321-T107249.99,DELTA,42,114,51,14,328,yes,40,14
2025-05-23T17:01:14.535335,KXBTCD-25MAY2321-T107249.99,DELTA,42,100,51,14,329,yes,42,-14
2025-05-23T17:01:14.535480,KXBTCD-25MAY2321-T107249.99,DELTA,42,100,49,14,330,no,51,14
2025-05-23T17:01:14.535892,KXBTCD-25MAY2321-T107249.99,DELTA,42,100,49,14,331,yes,41,-30
2025-05-23T17:01:14.536121,KXBTCD-25MAY2321-T107249.99,DELTA,42,100,49,14,332,yes,39,30
2025-05-23T17:01:14.555772,KXBTCD-25MAY2321-T107249.99,DELTA,42,100,49,14,333,no,50,30
2025-05-23T17:01:14.555963,KXBTCD-25MAY2321-T107249.99,DELTA,42,100,49,14,334,no,49,-14
2025-05-23T17:01:14.556108,KXBTCD-25MAY2321-T107249.99,DELTA,42,100,49,14,335,no,48,-30
2025-05-23T17:01:14.995286,KXBTCD-25MAY2321-T107249.99,DELTA,40,14,49,14,336,yes,42,-100
2025-05-23T17:01:15.015552,KXBTCD-25MAY2321-T107249.99,DELTA,40,14,49,1014,337,no,51,1000
2025-05-23T17:01:15.176938,KXBTCD-25MAY2321-T107249.99,DELTA,40,14,49,1014,338,no,22,-3000
2025-05-23T17:01:15.256907,KXBTCD-25MAY2321-T107249.99,DELTA,40,14,49,1014,339,no,29,3000
2025-05-23T17:01:15.296307,KXBTCD-25MAY2321-T107249.99,DELTA,40,14,48,100,340,no,52,100
2025-05-23T17:01:15.435314,KXBTCD-25MAY2321-T107249.99,DELTA,40,1014,48,100,341,yes,40,1000
2025-05-23T17:01:15.874402,KXBTCD-25MAY2321-T107249.99,DELTA,40,1114,48,100,342,yes,40,100
2025-05-23T17:01:15.935025,KXBTCD-25MAY2321-T107249.99,DELTA,40,114,48,100,343,yes,40,-1000
2025-05-23T17:01:15.955303,KXBTCD-25MAY2321-T107249.99,DELTA,40,114,49,1014,344,no,52,-100
2025-05-23T17:01:15.974661,KXBTCD-25MAY2321-T107249.99,DELTA,41,1000,49,1014,345,yes,41,1000
2025-05-23T17:01:16.396613,KXBTCD-25MAY2321-T107249.99,DELTA,41,1000,49,14,346,no,51,-1000
2025-05-23T17:01:16.495625,KXBTCD-25MAY2321-T107249.99,DELTA,41,1000,49,14,347,no,50,1000
2025-05-23T17:01:16.575858,KXBTCD-25MAY2321-T107249.99,DELTA,41,1000,49,14,348,no,50,-1000
2025-05-23T17:01:16.615803,KXBTCD-25MAY2321-T107249.99,DELTA,41,1000,49,14,349,no,31,1000
2025-05-23T17:01:16.676271,KXBTCD-25MAY2321-T107249.99,DELTA,42,14,49,14,350,yes,42,14
2025-05-23T17:01:16.676464,KXBTCD-25MAY2321-T107249.99,DELTA,42,14,49,14,351,yes,40,-14
2025-05-23T17:01:16.676552,KXBTCD-25MAY2321-T107249.99,DELTA,42,14,49,14,352,yes,41,30
2025-05-23T17:01:16.695390,KXBTCD-25MAY2321-T107249.99,DELTA,42,14,49,14,353,yes,39,-30
2025-05-23T17:01:16.695603,KXBTCD-25MAY2321-T107249.99,DELTA,42,14,50,30,354,no,51,-14
2025-05-23T17:01:16.695692,KXBTCD-25MAY2321-T107249.99,DELTA,42,14,50,30,355,no,49,14
2025-05-23T17:01:16.695753,KXBTCD-25MAY2321-T107249.99,DELTA,42,14,50,30,356,no,48,30
2025-05-23T17:01:16.695814,KXBTCD-25MAY2321-T107249.99,DELTA,42,14,51,14,357,no,50,-30
2025-05-23T17:01:16.754858,KXBTCD-25MAY2321-T107249.99,DELTA,42,14,51,14,358,yes,41,-1000
2025-05-23T17:01:16.755005,KXBTCD-25MAY2321-T107249.99,DELTA,42,14,51,14,359,yes,12,-2700
2025-05-23T17:01:16.755126,KXBTCD-25MAY2321-T107249.99,DELTA,42,14,51,14,360,yes,4,8100
2025-05-23T17:01:16.794418,KXBTCD-25MAY2321-T107249.99,DELTA,42,14,51,14,361,no,31,-1000
2025-05-23T17:01:16.815653,KXBTCD-25MAY2321-T107249.99,DELTA,42,14,51,14,362,no,8,-4050
2025-05-23T17:01:16.815779,KXBTCD-25MAY2321-T107249.99,DELTA,42,14,51,14,363,no,4,8100
2025-05-23T17:01:16.836161,KXBTCD-25MAY2321-T107249.99,DELTA,42,1014,51,14,364,yes,42,1000
2025-05-23T17:01:16.855685,KXBTCD-25MAY2321-T107249.99,DELTA,42,1014,51,14,365,no,1,-8000
2025-05-23T17:01:16.856207,KXBTCD-25MAY2321-T107249.99,DELTA,42,1014,51,14,366,no,48,1000
2025-05-23T17:01:16.955963,KXBTCD-25MAY2321-T107249.99,DELTA,42,1014,51,14,367,yes,5,20000
2025-05-23T17:01:17.016790,KXBTCD-25MAY2321-T107249.99,DELTA,42,1014,51,14,368,no,5,20000
2025-05-23T17:01:17.154866,KXBTCD-25MAY2321-T107249.99,DELTA,42,1014,51,14,369,no,48,-1000
2025-05-23T17:01:17.195262,KXBTCD-25MAY2321-T107249.99,DELTA,42,1014,51,14,370,no,31,1000
2025-05-23T17:01:17.235254,KXBTCD-25MAY2321-T107249.99,DELTA,42,1014,51,14,371,yes,5,2000
2025-05-23T17:01:17.337354,KXBTCD-25MAY2321-T107249.99,DELTA,42,1014,51,14,372,yes,40,-100
2025-05-23T17:01:17.476430,KXBTCD-25MAY2321-T107249.99,DELTA,42,1014,50,100,373,no,50,100
2025-05-23T17:01:17.595838,KXBTCD-25MAY2321-T107249.99,DELTA,42,1014,50,100,374,no,31,-1000
2025-05-23T17:01:17.677349,KXBTCD-25MAY2321-T107249.99,DELTA,42,1014,50,100,375,no,48,1000
2025-05-23T17:01:17.835501,KXBTCD-25MAY2321-T107249.99,DELTA,42,1014,50,100,376,no,1,8000
2025-05-23T17:01:17.835889,KXBTCD-25MAY2321-T107249.99,DELTA,42,1014,50,100,377,no,48,-1000
2025-05-23T17:01:17.896940,KXBTCD-25MAY2321-T107249.99,DELTA,42,1014,50,1100,378,no,50,1000
2025-05-23T17:01:18.255744,KXBTCD-25MAY2321-T107249.99,DELTA,42,1014,50,1000,379,no,50,-100
2025-05-23T17:01:18.315610,KXBTCD-25MAY2321-T107249.99,DELTA,42,1014,51,14,380,no,50,-1000
2025-05-23T17:01:18.375637,KXBTCD-25MAY2321-T107249.99,DELTA,42,1014,51,1014,381,no,49,1000
2025-05-23T17:01:18.695218,KXBTCD-25MAY2321-T107249.99,DELTA,42,1014,51,1014,382,yes,40,100
2025-05-23T17:01:21.197996,KXBTCD-25MAY2321-T107249.99,DELTA,42,1014,49,100,383,no,51,100
2025-05-23T17:01:21.495403,KXBTCD-25MAY2321-T107249.99,DELTA,42,1014,49,100,384,no,49,-1000
2025-05-23T17:01:21.495795,KXBTCD-25MAY2321-T107249.99,DELTA,42,1014,49,100,385,yes,4,-8100
2025-05-23T17:01:21.495930,KXBTCD-25MAY2321-T107249.99,DELTA,42,1014,49,100,386,yes,6,5400
2025-05-23T17:01:21.496018,KXBTCD-25MAY2321-T107249.99,DELTA,42,1014,49,100,387,no,1,-8000
2025-05-23T17:01:21.555942,KXBTCD-25MAY2321-T107249.99,DELTA,42,1014,49,100,388,no,4,-8100
2025-05-23T17:01:21.556099,KXBTCD-25MAY2321-T107249.99,DELTA,42,1014,49,100,389,no,6,5400
2025-05-23T17:01:21.576275,KXBTCD-25MAY2321-T107249.99,DELTA,42,1014,49,100,390,yes,5,-20000
2025-05-23T17:01:21.576393,KXBTCD-25MAY2321-T107249.99,DELTA,42,1014,49,100,391,no,31,1000
2025-05-23T17:01:21.576460,KXBTCD-25MAY2321-T107249.99,DELTA,42,1014,49,100,392,yes,5,-2000
2025-05-23T17:01:21.634936,KXBTCD-25MAY2321-T107249.99,DELTA,42,1014,49,100,393,yes,7,2000
2025-05-23T17:01:21.635096,KXBTCD-25MAY2321-T107249.99,DELTA,42,1014,49,100,394,no,5,-20000
2025-05-23T17:01:21.635410,KXBTCD-25MAY2321-T107249.99,DELTA,42,1014,49,100,395,yes,7,20000
2025-05-23T17:01:21.695441,KXBTCD-25MAY2321-T107249.99,DELTA,42,1014,49,100,396,no,7,20000
2025-05-23T17:01:21.695654,KXBTCD-25MAY2321-T107249.99,DELTA,42,1014,49,100,397,yes,40,-100
2025-05-23T17:01:22.416533,KXBTCD-25MAY2321-T107249.99,DELTA,42,1014,49,70,398,no,51,-30
2025-05-23T17:01:22.716820,KXBTCD-25MAY2321-T107249.99,DELTA,42,1014,49,70,399,no,31,-1000
2025-05-23T17:01:22.736842,KXBTCD-25MAY2321-T107249.99,DELTA,42,1014,49,70,400,yes,6,-5400
2025-05-23T17:01:22.737495,KXBTCD-25MAY2321-T107249.99,DELTA,42,1014,49,70,401,yes,8,4050
2025-05-23T17:01:22.756859,KXBTCD-25MAY2321-T107249.99,DELTA,42,1014,49,70,402,no,48,1000
2025-05-23T17:01:22.775597,KXBTCD-25MAY2321-T107249.99,DELTA,42,1014,49,70,403,no,6,-5400
2025-05-23T17:01:22.776480,KXBTCD-25MAY2321-T107249.99,DELTA,42,1014,49,70,404,no,8,4050
2025-05-23T17:01:22.816130,KXBTCD-25MAY2321-T107249.99,DELTA,42,1014,49,70,405,yes,7,-20000
2025-05-23T17:01:22.817526,KXBTCD-25MAY2321-T107249.99,DELTA,42,1014,49,70,406,yes,7,-2000
2025-05-23T17:01:22.837778,KXBTCD-25MAY2321-T107249.99,DELTA,42,1114,49,70,407,yes,42,100
2025-05-23T17:01:22.838611,KXBTCD-25MAY2321-T107249.99,DELTA,42,1114,49,70,408,no,7,-20000
2025-05-23T17:01:22.857235,KXBTCD-25MAY2321-T107249.99,DELTA,42,1114,49,70,409,yes,9,2000
2025-05-23T17:01:22.857639,KXBTCD-25MAY2321-T107249.99,DELTA,42,1114,49,70,410,yes,9,20000
2025-05-23T17:01:22.894008,KXBTCD-25MAY2321-T107249.99,DELTA,42,1114,49,70,411,no,9,20000
2025-05-23T17:01:22.894238,KXBTCD-25MAY2321-T107249.99,DELTA,42,114,49,70,412,yes,42,-1000
2025-05-23T17:01:22.935122,KXBTCD-25MAY2321-T107249.99,DELTA,42,114,49,70,413,no,1,8000
2025-05-23T17:01:22.935257,KXBTCD-25MAY2321-T107249.99,DELTA,42,114,49,70,414,no,48,-1000
2025-05-23T17:01:22.955757,KXBTCD-25MAY2321-T107249.99,DELTA,43,1000,49,70,415,yes,43,1000
2025-05-23T17:01:22.994852,KXBTCD-25MAY2321-T107249.99,DELTA,43,1000,49,70,416,no,49,1000
2025-05-23T17:01:23.925964,KXBTCD-25MAY2321-T107249.99,DELTA,43,1000,49,70,417,yes,8,-4050
2025-05-23T17:01:23.926694,KXBTCD-25MAY2321-T107249.99,DELTA,43,1000,49,70,418,yes,9,3600
2025-05-23T17:01:23.980873,KXBTCD-25MAY2321-T107249.99,DELTA,43,1000,49,70,419,no,8,-4050
2025-05-23T17:01:23.981324,KXBTCD-25MAY2321-T107249.99,DELTA,43,1000,49,70,420,no,10,3240
2025-05-23T17:01:23.981682,KXBTCD-25MAY2321-T107249.99,DELTA,43,1000,49,70,421,yes,9,-20000
2025-05-23T17:01:23.981843,KXBTCD-25MAY2321-T107249.99,DELTA,43,1000,49,70,422,yes,9,-2000
2025-05-23T17:01:24.038039,KXBTCD-25MAY2321-T107249.99,DELTA,43,1000,49,70,423,yes,10,2000
2025-05-23T17:01:24.038883,KXBTCD-25MAY2321-T107249.99,DELTA,43,1000,49,70,424,yes,10,20000
2025-05-23T17:01:24.039564,KXBTCD-25MAY2321-T107249.99,DELTA,43,1000,49,70,425,no,9,-20000
2025-05-23T17:01:24.075924,KXBTCD-25MAY2321-T107249.99,DELTA,43,1000,49,70,426,no,11,20000
2025-05-23T17:01:25.077304,KXBTCD-25MAY2321-T107249.99,DELTA,43,1000,49,70,427,yes,40,14
2025-05-23T17:01:25.077596,KXBTCD-25MAY2321-T107249.99,DELTA,43,1000,49,70,428,yes,41,-30
2025-05-23T17:01:25.077762,KXBTCD-25MAY2321-T107249.99,DELTA,43,1000,49,70,429,yes,39,30
2025-05-23T17:01:25.077910,KXBTCD-25MAY2321-T107249.99,DELTA,43,1000,49,70,430,yes,42,-14
2025-05-23T17:01:25.078051,KXBTCD-25MAY2321-T107249.99,DELTA,43,1000,49,70,431,no,50,30
2025-05-23T17:01:25.078169,KXBTCD-25MAY2321-T107249.99,DELTA,43,1000,49,70,432,no,49,-14
2025-05-23T17:01:25.078283,KXBTCD-25MAY2321-T107249.99,DELTA,43,1000,49,84,433,no,51,14
2025-05-23T17:01:25.078396,KXBTCD-25MAY2321-T107249.99,DELTA,43,1000,49,84,434,no,48,-30
2025-05-23T17:01:25.155793,KXBTCD-25MAY2321-T107249.99,DELTA,43,1000,49,84,435,no,49,-1000
2025-05-23T17:01:25.175501,KXBTCD-25MAY2321-T107249.99,DELTA,43,1000,49,84,436,yes,9,-3600
2025-05-23T17:01:25.176411,KXBTCD-25MAY2321-T107249.99,DELTA,43,1000,49,84,437,yes,4,8100
2025-05-23T17:01:25.215860,KXBTCD-25MAY2321-T107249.99,DELTA,43,1000,49,84,438,no,50,1000
2025-05-23T17:01:25.216755,KXBTCD-25MAY2321-T107249.99,DELTA,43,1000,49,84,439,no,10,-3240
2025-05-23T17:01:25.217474,KXBTCD-25MAY2321-T107249.99,DELTA,43,1000,49,84,440,no,11,2945
2025-05-23T17:01:25.236632,KXBTCD-25MAY2321-T107249.99,DELTA,43,1000,49,84,441,yes,10,-20000
2025-05-23T17:01:25.256136,KXBTCD-25MAY2321-T107249.99,DELTA,43,1000,49,84,442,yes,10,-2000
2025-05-23T17:01:25.296110,KXBTCD-25MAY2321-T107249.99,DELTA,43,1000,49,84,443,no,11,-20000
2025-05-23T17:01:25.316043,KXBTCD-25MAY2321-T107249.99,DELTA,43,1000,49,84,444,yes,5,20000
2025-05-23T17:01:25.316874,KXBTCD-25MAY2321-T107249.99,DELTA,43,1000,49,84,445,yes,5,2000
2025-05-23T17:01:25.335600,KXBTCD-25MAY2321-T107249.99,DELTA,43,1000,49,84,446,no,50,-1000
2025-05-23T17:01:25.376527,KXBTCD-25MAY2321-T107249.99,DELTA,43,1000,49,84,447,no,31,1000
2025-05-23T17:01:25.656317,KXBTCD-25MAY2321-T107249.99,DELTA,43,1000,49,84,448,no,31,-1000
2025-05-23T17:01:25.695321,KXBTCD-25MAY2321-T107249.99,DELTA,43,1000,49,84,449,no,50,1000
2025-05-23T17:01:26.175077,KXBTCD-25MAY2321-T107249.99,DELTA,43,1000,49,84,450,no,50,-1000
2025-05-23T17:01:26.255326,KXBTCD-25MAY2321-T107249.99,DELTA,43,1000,49,84,451,no,31,1000
2025-05-23T17:01:26.295141,KXBTCD-25MAY2321-T107249.99,DELTA,43,1000,49,84,452,no,1,-8000
2025-05-23T17:01:26.375200,KXBTCD-25MAY2321-T107249.99,DELTA,43,1000,49,84,453,yes,4,-8100
2025-05-23T17:01:26.375846,KXBTCD-25MAY2321-T107249.99,DELTA,43,1000,49,84,454,yes,6,5400
2025-05-23T17:01:26.436748,KXBTCD-25MAY2321-T107249.99,DELTA,43,1000,49,84,455,no,11,-2945
2025-05-23T17:01:26.437499,KXBTCD-25MAY2321-T107249.99,DELTA,43,1000,49,84,456,no,4,8100
2025-05-23T17:01:26.437907,KXBTCD-25MAY2321-T107249.99,DELTA,43,1000,49,84,457,yes,5,-20000
2025-05-23T17:01:26.438257,KXBTCD-25MAY2321-T107249.99,DELTA,43,1000,49,84,458,yes,5,-2000
2025-05-23T17:01:26.475625,KXBTCD-25MAY2321-T107249.99,DELTA,43,1000,49,84,459,yes,7,2000
2025-05-23T17:01:26.496112,KXBTCD-25MAY2321-T107249.99,DELTA,43,1000,49,84,460,yes,7,20000
2025-05-23T17:01:26.497043,KXBTCD-25MAY2321-T107249.99,DELTA,43,1000,49,84,461,no,5,20000
2025-05-23T17:01:26.616137,KXBTCD-25MAY2321-T107249.99,DELTA,43,1000,49,84,462,yes,40,-14
2025-05-23T17:01:26.616398,KXBTCD-25MAY2321-T107249.99,DELTA,43,1000,49,84,463,yes,41,30
2025-05-23T17:01:26.616735,KXBTCD-25MAY2321-T107249.99,DELTA,43,1000,49,84,464,yes,39,-30
2025-05-23T17:01:26.616839,KXBTCD-25MAY2321-T107249.99,DELTA,43,1000,49,84,465,yes,42,14
2025-05-23T17:01:26.635282,KXBTCD-25MAY2321-T107249.99,DELTA,43,1000,49,84,466,no,49,14
2025-05-23T17:01:26.635439,KXBTCD-25MAY2321-T107249.99,DELTA,43,1000,49,70,467,no,51,-14
2025-05-23T17:01:26.635551,KXBTCD-25MAY2321-T107249.99,DELTA,43,1000,49,70,468,no,48,30
2025-05-23T17:01:26.635665,KXBTCD-25MAY2321-T107249.99,DELTA,43,1000,49,70,469,no,50,-30
2025-05-23T17:01:26.694663,KXBTCD-25MAY2321-T107249.99,DELTA,43,1000,49,70,470,no,31,-1000
2025-05-23T17:01:26.736320,KXBTCD-25MAY2321-T107249.99,DELTA,43,1000,49,70,471,no,48,1000
2025-05-23T17:01:27.277681,KXBTCD-25MAY2321-T107249.99,DELTA,43,1000,49,70,472,no,48,-1000
2025-05-23T17:01:27.315927,KXBTCD-25MAY2321-T107249.99,DELTA,43,1000,49,70,473,yes,10,200
2025-05-23T17:01:27.336001,KXBTCD-25MAY2321-T107249.99,DELTA,43,1000,49,70,474,no,31,1000
2025-05-23T17:01:27.376093,KXBTCD-25MAY2321-T107249.99,DELTA,43,1014,49,70,475,yes,43,14
2025-05-23T17:01:27.376389,KXBTCD-25MAY2321-T107249.99,DELTA,43,1014,49,70,476,yes,7,-2000
2025-05-23T17:01:27.376485,KXBTCD-25MAY2321-T107249.99,DELTA,43,1014,49,70,477,yes,42,-14
2025-05-23T17:01:27.376738,KXBTCD-25MAY2321-T107249.99,DELTA,43,1014,49,70,478,yes,42,30
2025-05-23T17:01:27.376865,KXBTCD-25MAY2321-T107249.99,DELTA,43,1014,49,70,479,yes,41,-30
2025-05-23T17:01:27.396201,KXBTCD-25MAY2321-T107249.99,DELTA,43,1014,49,70,480,no,47,30
2025-05-23T17:01:27.396466,KXBTCD-25MAY2321-T107249.99,DELTA,43,1014,49,70,481,no,49,-14
2025-05-23T17:01:27.396532,KXBTCD-25MAY2321-T107249.99,DELTA,43,1014,49,70,482,no,48,14
2025-05-23T17:01:27.396588,KXBTCD-25MAY2321-T107249.99,DELTA,43,1014,49,70,483,no,48,-30
2025-05-23T17:01:27.436122,KXBTCD-25MAY2321-T107249.99,DELTA,43,1014,49,70,484,yes,11,2000
2025-05-23T17:01:27.455527,KXBTCD-25MAY2321-T107249.99,DELTA,43,1014,49,70,485,no,31,-1000
2025-05-23T17:01:27.495634,KXBTCD-25MAY2321-T107249.99,DELTA,43,1014,52,14,486,no,51,-70
2025-05-23T17:01:27.495735,KXBTCD-25MAY2321-T107249.99,DELTA,43,1014,52,14,487,yes,42,-100
2025-05-23T17:01:27.516135,KXBTCD-25MAY2321-T107249.99,DELTA,43,1014,52,14,488,no,47,1000
2025-05-23T17:01:28.316357,KXBTCD-25MAY2321-T107249.99,DELTA,44,100,52,14,489,yes,44,100
2025-05-23T17:01:28.317097,KXBTCD-25MAY2321-T107249.99,DELTA,44,100,52,114,490,no,48,100
2025-05-23T17:01:28.415403,KXBTCD-25MAY2321-T107249.99,DELTA,44,100,52,114,491,yes,43,-1000
2025-05-23T17:01:28.455334,KXBTCD-25MAY2321-T107249.99,DELTA,45,1000,52,114,492,yes,45,1000
2025-05-23T17:01:29.116088,KXBTCD-25MAY2321-T107249.99,DELTA,45,1000,52,114,493,yes,6,-5400
2025-05-23T17:01:29.116984,KXBTCD-25MAY2321-T107249.99,DELTA,45,1000,52,114,494,yes,8,4050
2025-05-23T17:01:29.176025,KXBTCD-25MAY2321-T107249.99,DELTA,45,1000,52,114,495,yes,7,-20000
2025-05-23T17:01:29.194918,KXBTCD-25MAY2321-T107249.99,DELTA,45,1000,52,114,496,no,47,-1000
2025-05-23T17:01:29.215919,KXBTCD-25MAY2321-T107249.99,DELTA,45,1000,52,114,497,no,4,-8100
2025-05-23T17:01:29.217002,KXBTCD-25MAY2321-T107249.99,DELTA,45,1000,52,114,498,no,6,5400
2025-05-23T17:01:29.236672,KXBTCD-25MAY2321-T107249.99,DELTA,45,1000,52,114,499,yes,9,20000
2025-05-23T17:01:29.255958,KXBTCD-25MAY2321-T107249.99,DELTA,45,1000,52,114,500,no,31,1000
2025-05-23T17:01:29.315351,KXBTCD-25MAY2321-T107249.99,DELTA,45,1000,52,114,501,no,5,-20000
2025-05-23T17:01:29.356374,KXBTCD-25MAY2321-T107249.99,DELTA,45,1000,52,114,502,no,7,20000
2025-05-23T17:01:31.412237,KXBTCD-25MAY2321-T107249.99,DELTA,45,1000,52,114,503,yes,1,8000
2025-05-23T17:01:31.496372,KXBTCD-25MAY2321-T107249.99,DELTA,45,1000,52,114,504,no,29,-3000
2025-05-23T17:01:31.536147,KXBTCD-25MAY2321-T107249.99,DELTA,45,1000,52,114,505,no,20,3000
2025-05-23T17:01:32.035720,KXBTCD-25MAY2321-T107249.99,DELTA,45,1000,52,114,506,yes,44,-100
2025-05-23T17:01:32.098419,KXBTCD-25MAY2321-T107249.99,DELTA,43,14,52,114,507,yes,45,-1000
2025-05-23T17:01:32.216853,KXBTCD-25MAY2321-T107249.99,DELTA,43,1014,52,114,508,yes,43,1000
2025-05-23T17:01:32.514894,KXBTCD-25MAY2321-T107249.99,DELTA,43,1014,52,14,509,no,48,-100
2025-05-23T17:01:32.735738,KXBTCD-25MAY2321-T107249.99,DELTA,43,1014,52,14,510,yes,1,-8000
2025-05-23T17:01:33.075376,KXBTCD-25MAY2321-T107249.99,DELTA,44,100,52,14,511,yes,44,100
2025-05-23T17:01:33.136000,KXBTCD-25MAY2321-T107249.99,DELTA,44,100,52,14,512,yes,43,-1000
2025-05-23T17:01:33.215448,KXBTCD-25MAY2321-T107249.99,DELTA,45,1000,52,14,513,yes,45,1000
2025-05-23T17:01:33.695703,KXBTCD-25MAY2321-T107249.99,DELTA,45,1000,52,114,514,no,48,100
2025-05-23T17:01:34.354824,KXBTCD-25MAY2321-T107249.99,DELTA,45,1000,52,114,515,yes,8,-4050
2025-05-23T17:01:34.355142,KXBTCD-25MAY2321-T107249.99,DELTA,45,1000,52,114,516,yes,9,3600
2025-05-23T17:01:34.415531,KXBTCD-25MAY2321-T107249.99,DELTA,45,1000,52,114,517,no,6,-5400
2025-05-23T17:01:34.415879,KXBTCD-25MAY2321-T107249.99,DELTA,45,1000,52,114,518,no,8,4050
2025-05-23T17:01:34.416010,KXBTCD-25MAY2321-T107249.99,DELTA,45,1000,52,114,519,yes,9,-20000
2025-05-23T17:01:34.455979,KXBTCD-25MAY2321-T107249.99,DELTA,45,1000,52,114,520,yes,10,20000
2025-05-23T17:01:34.476036,KXBTCD-25MAY2321-T107249.99,DELTA,45,1000,52,114,521,no,7,-20000
2025-05-23T17:01:34.516040,KXBTCD-25MAY2321-T107249.99,DELTA,45,1000,52,114,522,no,9,20000
2025-05-23T17:01:35.405049,KXBTCD-25MAY2321-T107249.99,DELTA,45,1000,52,114,523,no,31,-1000
2025-05-23T17:01:35.406682,KXBTCD-25MAY2321-T107249.99,DELTA,45,1000,52,114,524,no,47,1000
2025-05-23T17:01:35.576478,KXBTCD-25MAY2321-T107249.99,DELTA,45,1000,52,114,525,yes,9,-3600
2025-05-23T17:01:35.577419,KXBTCD-25MAY2321-T107249.99,DELTA,45,1000,52,114,526,yes,4,8100
2025-05-23T17:01:35.635868,KXBTCD-25MAY2321-T107249.99,DELTA,45,1000,52,114,527,no,8,-4050
2025-05-23T17:01:35.636386,KXBTCD-25MAY2321-T107249.99,DELTA,45,1000,52,114,528,no,10,3240
2025-05-23T17:01:35.636645,KXBTCD-25MAY2321-T107249.99,DELTA,45,1000,52,114,529,yes,10,-20000
2025-05-23T17:01:35.697517,KXBTCD-25MAY2321-T107249.99,DELTA,45,1000,52,114,530,yes,5,20000
2025-05-23T17:01:35.698264,KXBTCD-25MAY2321-T107249.99,DELTA,45,1000,52,114,531,no,9,-20000
2025-05-23T17:01:35.756317,KXBTCD-25MAY2321-T107249.99,DELTA,45,1000,52,114,532,no,11,20000
2025-05-23T17:01:36.476184,KXBTCD-25MAY2321-T107249.99,DELTA,45,1000,52,14,533,no,48,-100
2025-05-23T17:01:36.797883,KXBTCD-25MAY2321-T107249.99,DELTA,45,1000,52,14,534,yes,4,-8100
2025-05-23T17:01:36.799056,KXBTCD-25MAY2321-T107249.99,DELTA,45,1000,52,14,535,yes,6,5400
2025-05-23T17:01:36.856647,KXBTCD-25MAY2321-T107249.99,DELTA,45,1000,52,14,536,no,10,-3240
2025-05-23T17:01:36.857585,KXBTCD-25MAY2321-T107249.99,DELTA,45,1000,52,14,537,no,11,2945
2025-05-23T17:01:36.858143,KXBTCD-25MAY2321-T107249.99,DELTA,45,1000,52,14,538,yes,5,-20000
2025-05-23T17:01:36.916384,KXBTCD-25MAY2321-T107249.99,DELTA,45,1000,52,14,539,yes,7,20000
2025-05-23T17:01:36.917435,KXBTCD-25MAY2321-T107249.99,DELTA,45,1000,52,14,540,no,11,-20000
2025-05-23T17:01:37.176750,KXBTCD-25MAY2321-T107249.99,DELTA,45,1000,52,114,541,no,48,100
2025-05-23T17:01:37.452320,KXBTCD-25MAY2321-T107249.99,DELTA,45,1000,52,114,542,no,47,-1000
2025-05-23T17:01:37.455415,KXBTCD-25MAY2321-T107249.99,DELTA,45,1000,52,114,543,no,31,1000
2025-05-23T17:01:38.035650,KXBTCD-25MAY2321-T107249.99,DELTA,45,1000,52,114,544,yes,6,-5400
2025-05-23T17:01:38.036219,KXBTCD-25MAY2321-T107249.99,DELTA,45,1000,52,114,545,yes,8,4050
2025-05-23T17:01:38.096826,KXBTCD-25MAY2321-T107249.99,DELTA,45,1000,52,114,546,no,11,-2945
2025-05-23T17:01:38.097774,KXBTCD-25MAY2321-T107249.99,DELTA,45,1000,52,114,547,no,4,8100
2025-05-23T17:01:38.098420,KXBTCD-25MAY2321-T107249.99,DELTA,45,1000,52,114,548,yes,7,-20000
2025-05-23T17:01:38.155947,KXBTCD-25MAY2321-T107249.99,DELTA,45,1000,52,114,549,yes,9,20000
2025-05-23T17:01:38.175355,KXBTCD-25MAY2321-T107249.99,DELTA,45,1000,52,114,550,no,5,20000
2025-05-23T17:01:38.356718,KXBTCD-25MAY2321-T107249.99,DELTA,45,1000,52,114,551,no,31,-1000
2025-05-23T17:01:38.416213,KXBTCD-25MAY2321-T107249.99,DELTA,45,1000,52,114,552,no,47,1000
2025-05-23T17:01:38.595810,KXBTCD-25MAY2321-T107249.99,DELTA,45,1000,52,114,553,no,47,-1000
2025-05-23T17:01:38.656234,KXBTCD-25MAY2321-T107249.99,DELTA,45,1000,52,1114,554,no,48,1000
2025-05-23T17:01:39.057260,KXBTCD-25MAY2321-T107249.99,DELTA,45,1000,52,1014,555,no,48,-100
2025-05-23T17:01:39.116655,KXBTCD-25MAY2321-T107249.99,DELTA,45,1000,52,1014,556,yes,41,30
2025-05-23T17:01:39.117680,KXBTCD-25MAY2321-T107249.99,DELTA,45,1000,52,1014,557,yes,43,-14
2025-05-23T17:01:39.118448,KXBTCD-25MAY2321-T107249.99,DELTA,45,1000,52,1014,558,yes,42,-30
2025-05-23T17:01:39.119076,KXBTCD-25MAY2321-T107249.99,DELTA,45,1000,52,1014,559,yes,42,14
2025-05-23T17:01:39.136264,KXBTCD-25MAY2321-T107249.99,DELTA,45,1000,51,14,560,no,49,14
2025-05-23T17:01:39.136804,KXBTCD-25MAY2321-T107249.99,DELTA,45,1000,51,14,561,no,48,30
2025-05-23T17:01:39.137310,KXBTCD-25MAY2321-T107249.99,DELTA,45,1000,51,14,562,no,47,-30
2025-05-23T17:01:39.137750,KXBTCD-25MAY2321-T107249.99,DELTA,45,1000,51,14,563,no,48,-14
2025-05-23T17:01:39.495460,KXBTCD-25MAY2321-T107249.99,DELTA,45,1000,51,14,564,no,48,-1000
2025-05-23T17:01:39.514889,KXBTCD-25MAY2321-T107249.99,DELTA,45,1000,51,14,565,yes,44,-100
2025-05-23T17:01:39.534274,KXBTCD-25MAY2321-T107249.99,DELTA,45,1000,51,14,566,no,31,1000
2025-05-23T17:01:39.595008,KXBTCD-25MAY2321-T107249.99,DELTA,42,14,51,14,567,yes,45,-1000
2025-05-23T17:01:39.655237,KXBTCD-25MAY2321-T107249.99,DELTA,42,1014,51,14,568,yes,42,1000
2025-05-23T17:01:40.118926,KXBTCD-25MAY2321-T107249.99,DELTA,42,1014,51,14,569,no,31,-1000
2025-05-23T17:01:40.137452,KXBTCD-25MAY2321-T107249.99,DELTA,42,1014,51,14,570,no,48,1000
2025-05-23T17:01:40.196756,KXBTCD-25MAY2321-T107249.99,DELTA,42,1014,50,100,571,no,50,100
2025-05-23T17:01:40.816597,KXBTCD-25MAY2321-T107249.99,DELTA,42,1114,50,100,572,yes,42,100
2025-05-23T17:01:40.896030,KXBTCD-25MAY2321-T107249.99,DELTA,42,114,50,100,573,yes,42,-1000
2025-05-23T17:01:40.956942,KXBTCD-25MAY2321-T107249.99,DELTA,43,1000,50,100,574,yes,43,1000
2025-05-23T17:01:41.056928,KXBTCD-25MAY2321-T107249.99,DELTA,43,1000,45,12,575,no,55,12
2025-05-23T17:01:42.355713,KXBTCD-25MAY2321-T107249.99,DELTA,43,1000,45,12,576,no,48,-1000
2025-05-23T17:01:42.415507,KXBTCD-25MAY2321-T107249.99,DELTA,43,1000,45,12,577,no,31,1000
2025-05-23T17:01:42.535368,KXBTCD-25MAY2321-T107249.99,DELTA,43,1000,45,12,578,yes,8,-4050
2025-05-23T17:01:42.535585,KXBTCD-25MAY2321-T107249.99,DELTA,43,1000,45,12,579,yes,9,3600
2025-05-23T17:01:42.578961,KXBTCD-25MAY2321-T107249.99,DELTA,43,1000,45,12,580,no,4,-8100
2025-05-23T17:01:42.579619,KXBTCD-25MAY2321-T107249.99,DELTA,43,1000,45,12,581,no,6,5400
2025-05-23T17:01:42.595863,KXBTCD-25MAY2321-T107249.99,DELTA,43,1000,45,12,582,yes,9,-20000
2025-05-23T17:01:42.635637,KXBTCD-25MAY2321-T107249.99,DELTA,43,1000,45,12,583,no,5,-20000
2025-05-23T17:01:42.636657,KXBTCD-25MAY2321-T107249.99,DELTA,43,1000,45,12,584,yes,10,20000
2025-05-23T17:01:42.673676,KXBTCD-25MAY2321-T107249.99,DELTA,43,1000,45,12,585,no,7,20000
2025-05-23T17:01:43.556392,KXBTCD-25MAY2321-T107249.99,DELTA,43,1000,45,12,586,yes,42,-100
2025-05-23T17:01:43.616099,KXBTCD-25MAY2321-T107249.99,DELTA,42,14,45,12,587,yes,43,-1000
2025-05-23T17:01:43.655468,KXBTCD-25MAY2321-T107249.99,DELTA,42,1014,45,12,588,yes,42,1000
2025-05-23T17:01:44.595982,KXBTCD-25MAY2321-T107249.99,DELTA,43,100,45,12,589,yes,43,100
2025-05-23T17:01:44.675563,KXBTCD-25MAY2321-T107249.99,DELTA,43,100,45,12,590,yes,42,-1000
2025-05-23T17:01:44.735842,KXBTCD-25MAY2321-T107249.99,DELTA,44,1000,45,12,591,yes,44,1000
2025-05-23T17:01:45.676180,KXBTCD-25MAY2321-T107249.99,DELTA,44,1000,45,12,592,no,31,2000
2025-05-23T17:01:47.356717,KXBTCD-25MAY2321-T107249.99,DELTA,44,1000,45,12,593,yes,1,8000
2025-05-23T17:01:47.357051,KXBTCD-25MAY2321-T107249.99,DELTA,44,1000,50,100,594,no,55,-12
2025-05-23T17:01:47.415387,KXBTCD-25MAY2321-T107249.99,DELTA,44,1000,51,14,595,no,50,-100
2025-05-23T17:01:47.637670,KXBTCD-25MAY2321-T107249.99,DELTA,44,1000,51,14,596,yes,43,-100
2025-05-23T17:01:47.697670,KXBTCD-25MAY2321-T107249.99,DELTA,42,14,51,14,597,yes,44,-1000
2025-05-23T17:01:47.739779,KXBTCD-25MAY2321-T107249.99,DELTA,42,1014,51,14,598,yes,42,1000
2025-05-23T17:01:48.176062,KXBTCD-25MAY2321-T107249.99,DELTA,42,1044,51,14,599,yes,42,30
2025-05-23T17:01:48.195881,KXBTCD-25MAY2321-T107249.99,DELTA,42,1044,51,14,600,yes,41,-30
2025-05-23T17:01:48.196445,KXBTCD-25MAY2321-T107249.99,DELTA,42,1030,51,14,601,yes,42,-14
2025-05-23T17:01:48.197043,KXBTCD-25MAY2321-T107249.99,DELTA,42,1030,51,14,602,no,47,30
2025-05-23T17:01:48.197393,KXBTCD-25MAY2321-T107249.99,DELTA,42,1030,51,14,603,no,48,-30
2025-05-23T17:01:48.197693,KXBTCD-25MAY2321-T107249.99,DELTA,42,1030,53,30,604,no,49,-14
2025-05-23T17:01:48.215198,KXBTCD-25MAY2321-T107249.99,DELTA,43,14,53,30,605,yes,43,14
2025-05-23T17:01:48.215784,KXBTCD-25MAY2321-T107249.99,DELTA,43,14,52,100,606,no,48,100
2025-05-23T17:01:48.216699,KXBTCD-25MAY2321-T107249.99,DELTA,43,14,52,114,607,no,48,14
2025-05-23T17:01:48.256899,KXBTCD-25MAY2321-T107249.99,DELTA,43,14,52,114,608,yes,42,-1000
2025-05-23T17:01:48.335985,KXBTCD-25MAY2321-T107249.99,DELTA,43,1014,52,114,609,yes,43,1000
2025-05-23T17:01:48.556701,KXBTCD-25MAY2321-T107249.99,DELTA,43,1014,52,114,610,yes,9,-3600
2025-05-23T17:01:48.557268,KXBTCD-25MAY2321-T107249.99,DELTA,43,1014,52,114,611,yes,12,2700
2025-05-23T17:01:48.597041,KXBTCD-25MAY2321-T107249.99,DELTA,43,1014,52,114,612,no,6,-5400
2025-05-23T17:01:48.598057,KXBTCD-25MAY2321-T107249.99,DELTA,43,1014,52,114,613,no,8,4050
2025-05-23T17:01:48.636265,KXBTCD-25MAY2321-T107249.99,DELTA,43,1014,52,114,614,yes,10,-20000
2025-05-23T17:01:48.637000,KXBTCD-25MAY2321-T107249.99,DELTA,43,1014,52,114,615,yes,11,-2000
2025-05-23T17:01:48.675272,KXBTCD-25MAY2321-T107249.99,DELTA,43,1014,52,114,616,no,7,-20000
2025-05-23T17:01:48.695556,KXBTCD-25MAY2321-T107249.99,DELTA,43,1014,52,114,617,yes,13,2000
2025-05-23T17:01:48.735770,KXBTCD-25MAY2321-T107249.99,DELTA,43,1014,52,114,618,no,9,20000
2025-05-23T17:01:48.775683,KXBTCD-25MAY2321-T107249.99,DELTA,44,100,52,114,619,yes,44,100
2025-05-23T17:01:48.836066,KXBTCD-25MAY2321-T107249.99,DELTA,44,100,52,114,620,yes,43,-1000
2025-05-23T17:01:48.896379,KXBTCD-25MAY2321-T107249.99,DELTA,45,1000,52,114,621,yes,45,1000
2025-05-23T17:01:49.595009,KXBTCD-25MAY2321-T107249.99,DELTA,45,1000,52,114,622,yes,12,-2700
2025-05-23T17:01:49.595301,KXBTCD-25MAY2321-T107249.99,DELTA,45,1000,52,114,623,yes,11,2945
2025-05-23T17:01:49.635646,KXBTCD-25MAY2321-T107249.99,DELTA,45,1000,52,114,624,no,8,-4050
2025-05-23T17:01:49.635852,KXBTCD-25MAY2321-T107249.99,DELTA,45,1000,52,114,625,no,10,3240
2025-05-23T17:01:49.675839,KXBTCD-25MAY2321-T107249.99,DELTA,45,1000,52,114,626,yes,13,-2000
2025-05-23T17:01:49.695545,KXBTCD-25MAY2321-T107249.99,DELTA,45,1000,52,114,627,no,9,-20000
2025-05-23T17:01:49.736663,KXBTCD-25MAY2321-T107249.99,DELTA,45,1000,52,114,628,yes,12,2000
2025-05-23T17:01:49.775467,KXBTCD-25MAY2321-T107249.99,DELTA,45,1000,52,114,629,no,11,20000
2025-05-23T17:01:49.914698,KXBTCD-25MAY2321-T107249.99,DELTA,45,1000,52,114,630,yes,44,-100
2025-05-23T17:01:49.977941,KXBTCD-25MAY2321-T107249.99,DELTA,43,14,52,114,631,yes,45,-1000
2025-05-23T17:01:50.036099,KXBTCD-25MAY2321-T107249.99,DELTA,43,1014,52,114,632,yes,43,1000
2025-05-23T17:01:50.515559,KXBTCD-25MAY2321-T107249.99,DELTA,43,1014,52,114,633,yes,11,-2945
2025-05-23T17:01:50.515910,KXBTCD-25MAY2321-T107249.99,DELTA,43,1014,52,114,634,yes,12,2700
2025-05-23T17:01:50.555647,KXBTCD-25MAY2321-T107249.99,DELTA,43,1014,52,114,635,no,10,-3240
2025-05-23T17:01:50.556444,KXBTCD-25MAY2321-T107249.99,DELTA,43,1014,52,114,636,no,12,2700
2025-05-23T17:01:50.596424,KXBTCD-25MAY2321-T107249.99,DELTA,43,1014,52,114,637,yes,12,-2000
2025-05-23T17:01:50.636417,KXBTCD-25MAY2321-T107249.99,DELTA,43,1014,52,114,638,no,11,-20000
2025-05-23T17:01:50.636933,KXBTCD-25MAY2321-T107249.99,DELTA,43,1014,52,114,639,yes,13,2000
2025-05-23T17:01:50.936218,KXBTCD-25MAY2321-T107249.99,DELTA,44,140,52,114,640,yes,44,140
2025-05-23T17:01:50.996476,KXBTCD-25MAY2321-T107249.99,DELTA,44,140,52,114,641,yes,43,-1000
2025-05-23T17:01:51.036285,KXBTCD-25MAY2321-T107249.99,DELTA,45,1000,52,114,642,yes,45,1000
2025-05-23T17:01:51.116469,KXBTCD-25MAY2321-T107249.99,DELTA,45,1000,52,114,643,yes,44,100
2025-05-23T17:01:51.217458,KXBTCD-25MAY2321-T107249.99,DELTA,45,1000,52,114,644,yes,13,-2000
2025-05-23T17:01:51.417013,KXBTCD-25MAY2321-T107249.99,DELTA,45,3000,52,114,645,yes,45,2000
2025-05-23T17:01:51.417510,KXBTCD-25MAY2321-T107249.99,DELTA,45,4250,52,114,646,yes,45,1250
2025-05-23T17:01:51.417789,KXBTCD-25MAY2321-T107249.99,DELTA,45,4250,52,114,647,yes,12,-2700
2025-05-23T17:01:51.417960,KXBTCD-25MAY2321-T107249.99,DELTA,45,4250,52,114,648,yes,11,2945
2025-05-23T17:01:51.475119,KXBTCD-25MAY2321-T107249.99,DELTA,45,4250,52,114,649,no,12,-2700
2025-05-23T17:01:51.475858,KXBTCD-25MAY2321-T107249.99,DELTA,45,4250,52,114,650,no,4,8100
2025-05-23T17:01:51.535391,KXBTCD-25MAY2321-T107249.99,DELTA,45,4250,52,114,651,no,5,20000
2025-05-23T17:01:52.403025,KXBTCD-25MAY2321-T107249.99,DELTA,45,3000,52,114,652,yes,45,-1250
2025-05-23T17:01:52.404255,KXBTCD-25MAY2321-T107249.99,DELTA,45,3000,52,114,653,yes,1,-8000
2025-05-23T17:01:52.404457,KXBTCD-25MAY2321-T107249.99,DELTA,45,3000,52,114,654,yes,44,1250
2025-05-23T17:01:52.404604,KXBTCD-25MAY2321-T107249.99,DELTA,45,3000,52,114,655,no,4,-8100
2025-05-23T17:01:52.404695,KXBTCD-25MAY2321-T107249.99,DELTA,45,3000,52,114,656,no,6,5400
2025-05-23T17:01:52.435909,KXBTCD-25MAY2321-T107249.99,DELTA,45,3000,52,114,657,yes,1,8000
2025-05-23T17:01:52.454778,KXBTCD-25MAY2321-T107249.99,DELTA,45,3000,52,114,658,no,5,-20000
2025-05-23T17:01:52.475465,KXBTCD-25MAY2321-T107249.99,DELTA,45,3000,52,114,659,yes,1,-8000
2025-05-23T17:01:52.494735,KXBTCD-25MAY2321-T107249.99,DELTA,45,3000,52,114,660,no,7,20000
2025-05-23T17:01:52.895979,KXBTCD-25MAY2321-T107249.99,DELTA,45,3000,52,114,661,yes,44,-1250
2025-05-23T17:01:53.516189,KXBTCD-25MAY2321-T107249.99,DELTA,45,3000,52,114,662,yes,44,1250
2025-05-23T17:01:55.056894,KXBTCD-25MAY2321-T107249.99,DELTA,45,3000,52,114,663,yes,44,-1250
2025-05-23T17:01:55.475926,KXBTCD-25MAY2321-T107249.99,DELTA,45,3000,52,114,664,no,6,-5400
2025-05-23T17:01:55.476461,KXBTCD-25MAY2321-T107249.99,DELTA,45,3000,52,114,665,no,8,4050
2025-05-23T17:01:55.514180,KXBTCD-25MAY2321-T107249.99,DELTA,45,3000,52,114,666,no,7,-20000
2025-05-23T17:01:55.574214,KXBTCD-25MAY2321-T107249.99,DELTA,45,3000,52,114,667,no,9,20000
2025-05-23T17:01:55.755018,KXBTCD-25MAY2321-T107249.99,DELTA,45,3000,52,114,668,no,31,-1000
2025-05-23T17:01:55.796321,KXBTCD-25MAY2321-T107249.99,DELTA,45,3000,52,114,669,no,47,1000
2025-05-23T17:01:56.216469,KXBTCD-25MAY2321-T107249.99,DELTA,45,3000,52,14,670,no,48,-100
2025-05-23T17:01:56.276248,KXBTCD-25MAY2321-T107249.99,DELTA,45,3000,52,14,671,yes,44,-140
2025-05-23T17:01:56.276654,KXBTCD-25MAY2321-T107249.99,DELTA,46,140,52,14,672,yes,46,140
2025-05-23T17:01:56.395779,KXBTCD-25MAY2321-T107249.99,DELTA,46,140,52,14,673,yes,45,-2000
2025-05-23T17:01:56.396284,KXBTCD-25MAY2321-T107249.99,DELTA,46,140,52,14,674,yes,45,-1000
2025-05-23T17:01:56.455615,KXBTCD-25MAY2321-T107249.99,DELTA,46,140,52,14,675,yes,12,2000
2025-05-23T17:01:56.455929,KXBTCD-25MAY2321-T107249.99,DELTA,47,1000,52,14,676,yes,47,1000
2025-05-23T17:01:57.635478,KXBTCD-25MAY2321-T107249.99,DELTA,47,1000,51,100,677,no,49,100
2025-05-23T17:01:58.815983,KXBTCD-25MAY2321-T107249.99,DELTA,47,1000,51,100,678,yes,41,30
2025-05-23T17:01:58.816442,KXBTCD-25MAY2321-T107249.99,DELTA,47,1000,51,100,679,yes,43,-14
2025-05-23T17:01:58.816733,KXBTCD-25MAY2321-T107249.99,DELTA,47,1000,51,100,680,no,48,-14
2025-05-23T17:01:58.816943,KXBTCD-25MAY2321-T107249.99,DELTA,47,1000,51,100,681,no,48,30
2025-05-23T17:01:58.836250,KXBTCD-25MAY2321-T107249.99,DELTA,47,1000,51,100,682,yes,42,-30
2025-05-23T17:01:58.837139,KXBTCD-25MAY2321-T107249.99,DELTA,47,1000,51,100,683,yes,42,14
2025-05-23T17:01:58.837696,KXBTCD-25MAY2321-T107249.99,DELTA,47,1000,51,114,684,no,49,14
2025-05-23T17:01:58.838110,KXBTCD-25MAY2321-T107249.99,DELTA,47,1000,51,114,685,no,47,-30
2025-05-23T17:01:58.916341,KXBTCD-25MAY2321-T107249.99,DELTA,47,1000,51,114,686,no,47,-1000
2025-05-23T17:01:58.956304,KXBTCD-25MAY2321-T107249.99,DELTA,47,1000,51,114,687,no,31,1000
2025-05-23T17:01:59.336490,KXBTCD-25MAY2321-T107249.99,DELTA,46,140,51,114,688,yes,47,-1000
2025-05-23T17:01:59.355717,KXBTCD-25MAY2321-T107249.99,DELTA,46,140,51,114,689,no,31,-1000
2025-05-23T17:01:59.415397,KXBTCD-25MAY2321-T107249.99,DELTA,46,1140,51,114,690,yes,46,1000
2025-05-23T17:01:59.415634,KXBTCD-25MAY2321-T107249.99,DELTA,46,1140,51,114,691,no,48,1000
2025-05-23T17:01:59.538995,KXBTCD-25MAY2321-T107249.99,DELTA,46,1140,51,114,692,yes,44,-100
2025-05-23T17:01:59.555490,KXBTCD-25MAY2321-T107249.99,DELTA,46,1140,51,14,693,no,49,-100
2025-05-23T17:02:00.276890,KXBTCD-25MAY2321-T107249.99,DELTA,46,1140,50,100,694,no,50,100
2025-05-23T17:02:00.296279,KXBTCD-25MAY2321-T107249.99,DELTA,46,1140,50,100,695,yes,42,100
2025-05-23T17:02:00.335762,KXBTCD-25MAY2321-T107249.99,DELTA,46,140,50,100,696,yes,46,-1000
2025-05-23T17:02:00.336528,KXBTCD-25MAY2321-T107249.99,DELTA,46,140,50,100,697,no,48,-1000
2025-05-23T17:02:00.396872,KXBTCD-25MAY2321-T107249.99,DELTA,46,140,50,100,698,yes,43,1000
2025-05-23T17:02:00.416059,KXBTCD-25MAY2321-T107249.99,DELTA,46,140,50,100,699,no,49,1000
2025-05-23T17:02:00.436337,KXBTCD-25MAY2321-T107249.99,DELTA,46,140,50,100,700,no,1,8000
2025-05-23T17:02:00.515462,KXBTCD-25MAY2321-T107249.99,DELTA,46,140,50,100,701,no,49,-1000
2025-05-23T17:02:00.515927,KXBTCD-25MAY2321-T107249.99,DELTA,46,140,50,100,702,no,20,-3000
2025-05-23T17:02:00.575502,KXBTCD-25MAY2321-T107249.99,DELTA,46,140,50,100,703,no,26,3000
2025-05-23T17:02:00.576222,KXBTCD-25MAY2321-T107249.99,DELTA,46,140,50,100,704,no,49,1000
2025-05-23T17:02:00.595736,KXBTCD-25MAY2321-T107249.99,DELTA,46,140,50,100,705,yes,10,-200
2025-05-23T17:02:01.015942,KXBTCD-25MAY2321-T107249.99,DELTA,46,140,50,100,706,yes,42,-14
2025-05-23T17:02:01.016761,KXBTCD-25MAY2321-T107249.99,DELTA,46,140,50,100,707,yes,40,14
2025-05-23T17:02:01.017291,KXBTCD-25MAY2321-T107249.99,DELTA,46,140,50,100,708,yes,39,30
2025-05-23T17:02:01.017631,KXBTCD-25MAY2321-T107249.99,DELTA,46,140,50,100,709,yes,41,-30
2025-05-23T17:02:01.017953,KXBTCD-25MAY2321-T107249.99,DELTA,46,140,50,100,710,no,48,-30
2025-05-23T17:02:01.018256,KXBTCD-25MAY2321-T107249.99,DELTA,46,140,50,130,711,no,50,30
2025-05-23T17:02:01.018558,KXBTCD-25MAY2321-T107249.99,DELTA,46,140,50,130,712,no,49,-14
2025-05-23T17:02:01.019401,KXBTCD-25MAY2321-T107249.99,DELTA,46,140,49,14,713,no,51,14
2025-05-23T17:02:01.036576,KXBTCD-25MAY2321-T107249.99,DELTA,46,140,49,14,714,no,49,-1000
2025-05-23T17:02:01.096853,KXBTCD-25MAY2321-T107249.99,DELTA,46,140,49,14,715,no,50,1000
2025-05-23T17:02:01.195210,KXBTCD-25MAY2321-T107249.99,DELTA,46,140,49,14,716,yes,11,-2945
2025-05-23T17:02:01.195606,KXBTCD-25MAY2321-T107249.99,DELTA,46,140,49,14,717,yes,12,2700
2025-05-23T17:02:01.235611,KXBTCD-25MAY2321-T107249.99,DELTA,46,140,49,14,718,no,8,-4050
2025-05-23T17:02:01.236152,KXBTCD-25MAY2321-T107249.99,DELTA,46,140,49,14,719,no,10,3240
2025-05-23T17:02:01.256440,KXBTCD-25MAY2321-T107249.99,DELTA,46,140,49,14,720,yes,12,-2000
2025-05-23T17:02:01.295629,KXBTCD-25MAY2321-T107249.99,DELTA,46,140,49,14,721,no,9,-20000
2025-05-23T17:02:01.315353,KXBTCD-25MAY2321-T107249.99,DELTA,46,140,49,14,722,yes,13,2000
2025-05-23T17:02:01.355750,KXBTCD-25MAY2321-T107249.99,DELTA,46,140,49,14,723,no,11,20000
2025-05-23T17:02:01.695474,KXBTCD-25MAY2321-T107249.99,DELTA,46,140,49,14,724,no,50,-100
2025-05-23T17:02:01.774582,KXBTCD-25MAY2321-T107249.99,DELTA,46,140,49,14,725,no,50,-1000
2025-05-23T17:02:01.775104,KXBTCD-25MAY2321-T107249.99,DELTA,46,140,49,14,726,yes,39,14
2025-05-23T17:02:01.795735,KXBTCD-25MAY2321-T107249.99,DELTA,46,140,49,14,727,yes,40,-14
2025-05-23T17:02:01.796668,KXBTCD-25MAY2321-T107249.99,DELTA,46,140,49,14,728,yes,39,-30
2025-05-23T17:02:01.797322,KXBTCD-25MAY2321-T107249.99,DELTA,46,140,48,14,729,no,52,14
2025-05-23T17:02:01.798288,KXBTCD-25MAY2321-T107249.99,DELTA,46,140,48,14,730,yes,38,30
2025-05-23T17:02:01.798577,KXBTCD-25MAY2321-T107249.99,DELTA,46,140,48,14,731,no,51,30
2025-05-23T17:02:01.798872,KXBTCD-25MAY2321-T107249.99,DELTA,46,140,48,14,732,no,50,-30
2025-05-23T17:02:01.799182,KXBTCD-25MAY2321-T107249.99,DELTA,46,140,48,14,733,no,51,-14
2025-05-23T17:02:01.855177,KXBTCD-25MAY2321-T107249.99,DELTA,46,140,48,14,734,no,51,1000
2025-05-23T17:02:01.937854,KXBTCD-25MAY2321-T107249.99,DELTA,46,140,48,14,735,no,30,-200
2025-05-23T17:02:01.938555,KXBTCD-25MAY2321-T107249.99,DELTA,46,140,48,14,736,no,40,200
2025-05-23T17:02:01.955518,KXBTCD-25MAY2321-T107249.99,DELTA,46,140,48,14,737,yes,42,-100
2025-05-23T17:02:01.996648,KXBTCD-25MAY2321-T107249.99,DELTA,46,140,48,14,738,no,31,-2000
2025-05-23T17:02:02.036156,KXBTCD-25MAY2321-T107249.99,DELTA,46,140,48,14,739,yes,43,-1000
2025-05-23T17:02:02.058945,KXBTCD-25MAY2321-T107249.99,DELTA,46,140,48,14,740,no,41,2000
2025-05-23T17:02:02.076821,KXBTCD-25MAY2321-T107249.99,DELTA,46,140,48,14,741,yes,39,1000
2025-05-23T17:02:02.215862,KXBTCD-25MAY2321-T107249.99,DELTA,46,140,48,14,742,yes,12,-2700
2025-05-23T17:02:02.216688,KXBTCD-25MAY2321-T107249.99,DELTA,46,140,48,14,743,yes,4,8100
2025-05-23T17:02:02.276473,KXBTCD-25MAY2321-T107249.99,DELTA,46,140,48,14,744,no,10,-3240
2025-05-23T17:02:02.277054,KXBTCD-25MAY2321-T107249.99,DELTA,46,140,48,14,745,no,12,2700
2025-05-23T17:02:02.315441,KXBTCD-25MAY2321-T107249.99,DELTA,46,140,48,14,746,yes,13,-2000
2025-05-23T17:02:02.315907,KXBTCD-25MAY2321-T107249.99,DELTA,46,140,48,14,747,yes,5,20000
2025-05-23T17:02:02.355801,KXBTCD-25MAY2321-T107249.99,DELTA,46,140,48,14,748,no,11,-20000
2025-05-23T17:02:02.375890,KXBTCD-25MAY2321-T107249.99,DELTA,46,140,48,14,749,yes,5,2000
2025-05-23T17:02:02.695750,KXBTCD-25MAY2321-T107249.99,DELTA,46,140,48,14,750,yes,40,100
2025-05-23T17:02:02.696436,KXBTCD-25MAY2321-T107249.99,DELTA,46,140,48,114,751,no,52,100
2025-05-23T17:02:02.756797,KXBTCD-25MAY2321-T107249.99,DELTA,46,140,48,114,752,yes,39,-1000
2025-05-23T17:02:02.794939,KXBTCD-25MAY2321-T107249.99,DELTA,46,140,48,114,753,yes,41,1000
2025-05-23T17:02:02.879826,KXBTCD-25MAY2321-T107249.99,DELTA,46,140,48,114,754,no,51,-1000
2025-05-23T17:02:02.935619,KXBTCD-25MAY2321-T107249.99,DELTA,46,140,47,1000,755,no,53,1000
2025-05-23T17:02:03.136562,KXBTCD-25MAY2321-T107249.99,DELTA,46,140,47,1000,756,no,52,-100
2025-05-23T17:02:03.196375,KXBTCD-25MAY2321-T107249.99,DELTA,46,140,47,1000,757,yes,4,-8100
2025-05-23T17:02:03.197405,KXBTCD-25MAY2321-T107249.99,DELTA,46,140,47,1000,758,yes,6,5400
2025-05-23T17:02:03.198183,KXBTCD-25MAY2321-T107249.99,DELTA,46,140,48,14,759,no,53,-1000
2025-05-23T17:02:03.238771,KXBTCD-25MAY2321-T107249.99,DELTA,46,140,48,14,760,no,12,-2700
2025-05-23T17:02:03.239725,KXBTCD-25MAY2321-T107249.99,DELTA,46,140,48,14,761,no,4,8100
2025-05-23T17:02:03.259266,KXBTCD-25MAY2321-T107249.99,DELTA,46,140,48,1014,762,no,52,1000
2025-05-23T17:02:03.275601,KXBTCD-25MAY2321-T107249.99,DELTA,46,140,48,1014,763,yes,5,-20000
2025-05-23T17:02:03.294657,KXBTCD-25MAY2321-T107249.99,DELTA,46,140,48,1014,764,yes,5,-2000
2025-05-23T17:02:03.314944,KXBTCD-25MAY2321-T107249.99,DELTA,46,140,48,1014,765,no,5,20000
2025-05-23T17:02:03.335969,KXBTCD-25MAY2321-T107249.99,DELTA,46,140,48,1014,766,yes,7,2000
2025-05-23T17:02:03.336923,KXBTCD-25MAY2321-T107249.99,DELTA,46,140,48,1014,767,yes,7,20000
2025-05-23T17:02:04.095671,KXBTCD-25MAY2321-T107249.99,DELTA,46,140,47,100,768,no,53,100
2025-05-23T17:02:04.155172,KXBTCD-25MAY2321-T107249.99,DELTA,46,140,47,100,769,no,52,-1000
2025-05-23T17:02:04.216767,KXBTCD-25MAY2321-T107249.99,DELTA,46,140,47,1100,770,no,53,1000
2025-05-23T17:02:04.336449,KXBTCD-25MAY2321-T107249.99,DELTA,46,140,47,1100,771,yes,6,-5400
2025-05-23T17:02:04.336887,KXBTCD-25MAY2321-T107249.99,DELTA,46,140,47,1100,772,yes,8,4050
2025-05-23T17:02:04.395779,KXBTCD-25MAY2321-T107249.99,DELTA,46,140,47,1100,773,no,4,-8100
2025-05-23T17:02:04.396121,KXBTCD-25MAY2321-T107249.99,DELTA,46,140,47,1100,774,no,6,5400
2025-05-23T17:02:04.396237,KXBTCD-25MAY2321-T107249.99,DELTA,46,140,47,1100,775,yes,7,-20000
2025-05-23T17:02:04.416498,KXBTCD-25MAY2321-T107249.99,DELTA,46,140,47,1100,776,yes,7,-2000
2025-05-23T17:02:04.456078,KXBTCD-25MAY2321-T107249.99,DELTA,46,140,47,1100,777,yes,9,20000
2025-05-23T17:02:04.456324,KXBTCD-25MAY2321-T107249.99,DELTA,46,140,47,1100,778,no,5,-20000
2025-05-23T17:02:04.456439,KXBTCD-25MAY2321-T107249.99,DELTA,46,140,47,1100,779,yes,9,2000
2025-05-23T17:02:04.496243,KXBTCD-25MAY2321-T107249.99,DELTA,46,140,47,1100,780,no,7,20000
2025-05-23T17:02:04.796064,KXBTCD-25MAY2321-T107249.99,DELTA,46,140,47,100,781,no,53,-1000
2025-05-23T17:02:04.855423,KXBTCD-25MAY2321-T107249.99,DELTA,46,140,47,100,782,no,51,1000
2025-05-23T17:02:05.535292,KXBTCD-25MAY2321-T107249.99,DELTA,46,140,47,100,783,yes,8,-4050
2025-05-23T17:02:05.535476,KXBTCD-25MAY2321-T107249.99,DELTA,46,140,47,100,784,yes,10,3240
2025-05-23T17:02:05.576282,KXBTCD-25MAY2321-T107249.99,DELTA,46,140,47,100,785,no,6,-5400
2025-05-23T17:02:05.576814,KXBTCD-25MAY2321-T107249.99,DELTA,46,140,47,100,786,no,8,4050
2025-05-23T17:02:05.597189,KXBTCD-25MAY2321-T107249.99,DELTA,46,140,47,100,787,yes,9,-20000
2025-05-23T17:02:05.615827,KXBTCD-25MAY2321-T107249.99,DELTA,46,140,47,100,788,yes,9,-2000
2025-05-23T17:02:05.637137,KXBTCD-25MAY2321-T107249.99,DELTA,46,140,47,100,789,no,7,-20000
2025-05-23T17:02:05.656445,KXBTCD-25MAY2321-T107249.99,DELTA,46,140,47,100,790,yes,11,2000
2025-05-23T17:02:05.656661,KXBTCD-25MAY2321-T107249.99,DELTA,46,140,47,100,791,yes,11,20000
2025-05-23T17:02:05.695254,KXBTCD-25MAY2321-T107249.99,DELTA,46,140,47,100,792,no,9,20000
2025-05-23T17:02:07.968505,KXBTCD-25MAY2321-T107249.99,DELTA,46,140,47,100,793,no,51,-1000
2025-05-23T17:02:07.970076,KXBTCD-25MAY2321-T107249.99,DELTA,46,140,47,100,794,yes,36,30
2025-05-23T17:02:07.970198,KXBTCD-25MAY2321-T107249.99,DELTA,46,140,47,100,795,yes,38,-30
2025-05-23T17:02:07.970295,KXBTCD-25MAY2321-T107249.99,DELTA,46,140,47,100,796,yes,37,14
2025-05-23T17:02:07.970384,KXBTCD-25MAY2321-T107249.99,DELTA,46,140,47,100,797,yes,39,-14
2025-05-23T17:02:07.970467,KXBTCD-25MAY2321-T107249.99,DELTA,46,140,47,1100,798,no,53,1000
2025-05-23T17:02:07.970546,KXBTCD-25MAY2321-T107249.99,DELTA,46,140,47,1130,799,no,53,30
2025-05-23T17:02:07.970625,KXBTCD-25MAY2321-T107249.99,DELTA,46,140,47,1130,800,no,51,-30
2025-05-23T17:02:07.970699,KXBTCD-25MAY2321-T107249.99,DELTA,46,126,47,1130,801,yes,46,-14
2025-05-23T17:02:07.970774,KXBTCD-25MAY2321-T107249.99,DELTA,46,126,47,1130,802,no,52,-14
2025-05-23T17:02:07.970846,KXBTCD-25MAY2321-T107249.99,DELTA,41,1000,47,1130,803,yes,46,-126
2025-05-23T17:02:07.970917,KXBTCD-25MAY2321-T107249.99,DELTA,43,126,47,1130,804,yes,43,126
2025-05-23T17:02:07.995826,KXBTCD-25MAY2321-T107249.99,DELTA,43,126,47,1130,805,yes,40,14
2025-05-23T17:02:07.995970,KXBTCD-25MAY2321-T107249.99,DELTA,43,126,47,1130,806,yes,37,-14
2025-05-23T17:02:08.015612,KXBTCD-25MAY2321-T107249.99,DELTA,43,126,47,1130,807,no,50,14
2025-05-23T17:02:08.481299,KXBTCD-25MAY2321-T107249.99,DELTA,43,126,47,1130,808,yes,41,-1000
2025-05-23T17:02:08.482479,KXBTCD-25MAY2321-T107249.99,DELTA,43,126,47,130,809,no,53,-1000
2025-05-23T17:02:08.534737,KXBTCD-25MAY2321-T107249.99,DELTA,43,126,46,1000,810,no,54,1000
2025-05-23T17:02:08.535239,KXBTCD-25MAY2321-T107249.99,DELTA,43,126,46,1000,811,yes,40,1000
2025-05-23T17:02:08.635026,KXBTCD-25MAY2321-T107249.99,DELTA,43,126,46,1000,812,yes,40,-1000
2025-05-23T17:02:08.655760,KXBTCD-25MAY2321-T107249.99,DELTA,43,126,47,130,813,no,54,-1000
2025-05-23T17:02:08.716053,KXBTCD-25MAY2321-T107249.99,DELTA,43,126,47,1130,814,no,53,1000
2025-05-23T17:02:08.716935,KXBTCD-25MAY2321-T107249.99,DELTA,43,126,47,1130,815,yes,41,1000
2025-05-23T17:02:08.755544,KXBTCD-25MAY2321-T107249.99,DELTA,43,126,47,1130,816,yes,40,-100
2025-05-23T17:02:08.776240,KXBTCD-25MAY2321-T107249.99,DELTA,43,126,47,1030,817,no,53,-100
2025-05-23T17:02:08.836379,KXBTCD-25MAY2321-T107249.99,DELTA,43,126,47,1030,818,yes,41,-1000
2025-05-23T17:02:08.855635,KXBTCD-25MAY2321-T107249.99,DELTA,43,126,47,1030,819,yes,10,-3240
2025-05-23T17:02:08.856331,KXBTCD-25MAY2321-T107249.99,DELTA,43,126,47,1030,820,yes,4,8100
2025-05-23T17:02:08.895993,KXBTCD-25MAY2321-T107249.99,DELTA,43,126,47,1030,821,no,8,-4050
2025-05-23T17:02:08.896631,KXBTCD-25MAY2321-T107249.99,DELTA,43,126,47,1030,822,no,10,3240
2025-05-23T17:02:08.896859,KXBTCD-25MAY2321-T107249.99,DELTA,43,126,47,1030,823,yes,37,1000
2025-05-23T17:02:08.915995,KXBTCD-25MAY2321-T107249.99,DELTA,43,126,47,1030,824,yes,11,-20000
2025-05-23T17:02:08.916772,KXBTCD-25MAY2321-T107249.99,DELTA,43,126,47,1030,825,yes,11,-2000
2025-05-23T17:02:08.956292,KXBTCD-25MAY2321-T107249.99,DELTA,43,126,47,1030,826,no,9,-20000
2025-05-23T17:02:08.976203,KXBTCD-25MAY2321-T107249.99,DELTA,43,126,47,1030,827,yes,5,20000
2025-05-23T17:02:08.995502,KXBTCD-25MAY2321-T107249.99,DELTA,43,126,47,1030,828,yes,5,2000
2025-05-23T17:02:09.016336,KXBTCD-25MAY2321-T107249.99,DELTA,43,126,47,30,829,no,53,-1000
2025-05-23T17:02:09.016824,KXBTCD-25MAY2321-T107249.99,DELTA,43,126,47,30,830,no,11,20000
2025-05-23T17:02:09.056645,KXBTCD-25MAY2321-T107249.99,DELTA,43,126,47,30,831,no,41,1000
2025-05-23T17:02:09.437284,KXBTCD-25MAY2321-T107249.99,DELTA,43,126,47,30,832,yes,37,-1000
2025-05-23T17:02:09.495724,KXBTCD-25MAY2321-T107249.99,DELTA,43,1126,47,30,833,yes,43,1000
2025-05-23T17:02:09.976821,KXBTCD-25MAY2321-T107249.99,DELTA,43,1126,47,130,834,no,53,100
2025-05-23T17:02:09.977477,KXBTCD-25MAY2321-T107249.99,DELTA,43,1126,47,130,835,yes,39,100
2025-05-23T17:02:10.236860,KXBTCD-25MAY2321-T107249.99,DELTA,43,1126,47,130,836,yes,36,-30
2025-05-23T17:02:10.237240,KXBTCD-25MAY2321-T107249.99,DELTA,43,1126,47,130,837,yes,37,30
2025-05-23T17:02:10.237505,KXBTCD-25MAY2321-T107249.99,DELTA,43,1126,47,130,838,yes,40,-14
2025-05-23T17:02:10.237621,KXBTCD-25MAY2321-T107249.99,DELTA,43,1126,47,130,839,yes,41,14
2025-05-23T17:02:10.237736,KXBTCD-25MAY2321-T107249.99,DELTA,43,1126,47,130,840,no,50,-14
2025-05-23T17:02:10.237826,KXBTCD-25MAY2321-T107249.99,DELTA,43,1126,47,130,841,no,49,14
2025-05-23T17:02:10.237924,KXBTCD-25MAY2321-T107249.99,DELTA,43,1126,47,130,842,no,52,30
2025-05-23T17:02:10.238007,KXBTCD-25MAY2321-T107249.99,DELTA,43,1126,47,100,843,no,53,-30
2025-05-23T17:02:10.256074,KXBTCD-25MAY2321-T107249.99,DELTA,43,126,47,100,844,yes,43,-1000
2025-05-23T17:02:10.317781,KXBTCD-25MAY2321-T107249.99,DELTA,44,1000,47,100,845,yes,44,1000
2025-05-23T17:02:10.515265,KXBTCD-25MAY2321-T107249.99,DELTA,44,1000,47,100,846,yes,39,-100
2025-05-23T17:02:10.974975,KXBTCD-25MAY2321-T107249.99,DELTA,44,1000,48,30,847,no,53,-100
2025-05-23T17:02:11.452985,KXBTCD-25MAY2321-T107249.99,DELTA,44,1000,48,30,848,no,40,-200
2025-05-23T17:02:11.453650,KXBTCD-25MAY2321-T107249.99,DELTA,44,1000,48,30,849,no,30,200
2025-05-23T17:02:11.455401,KXBTCD-25MAY2321-T107249.99,DELTA,44,1000,48,30,850,no,41,-2000
2025-05-23T17:02:11.455666,KXBTCD-25MAY2321-T107249.99,DELTA,44,1000,48,30,851,yes,41,100
2025-05-23T17:02:11.455864,KXBTCD-25MAY2321-T107249.99,DELTA,44,1000,48,30,852,no,41,-1000
2025-05-23T17:02:11.516305,KXBTCD-25MAY2321-T107249.99,DELTA,44,1000,48,30,853,no,31,1000
2025-05-23T17:02:11.516835,KXBTCD-25MAY2321-T107249.99,DELTA,44,1000,48,30,854,no,31,2000
2025-05-23T17:02:12.389813,KXBTCD-25MAY2321-T107249.99,DELTA,44,1000,48,30,855,no,51,100
2025-05-23T17:02:13.295802,KXBTCD-25MAY2321-T107249.99,DELTA,44,1000,48,30,856,no,30,-200
2025-05-23T17:02:13.296277,KXBTCD-25MAY2321-T107249.99,DELTA,44,1000,48,30,857,no,40,200
2025-05-23T17:02:13.355242,KXBTCD-25MAY2321-T107249.99,DELTA,44,1000,48,30,858,no,31,-2000
2025-05-23T17:02:13.355955,KXBTCD-25MAY2321-T107249.99,DELTA,44,1000,48,30,859,no,31,-1000
2025-05-23T17:02:13.396041,KXBTCD-25MAY2321-T107249.99,DELTA,44,1000,48,30,860,no,41,1000
2025-05-23T17:02:13.396498,KXBTCD-25MAY2321-T107249.99,DELTA,44,1000,48,30,861,no,41,2000
2025-05-23T17:02:13.815967,KXBTCD-25MAY2321-T107249.99,DELTA,43,126,48,30,862,yes,44,-1000
2025-05-23T17:02:13.816913,KXBTCD-25MAY2321-T107249.99,DELTA,43,126,48,30,863,no,41,-1000
2025-05-23T17:02:13.856133,KXBTCD-25MAY2321-T107249.99,DELTA,43,1126,48,30,864,yes,43,1000
2025-05-23T17:02:13.856878,KXBTCD-25MAY2321-T107249.99,DELTA,43,1126,48,30,865,no,51,1000
2025-05-23T17:02:14.015064,KXBTCD-25MAY2321-T107249.99,DELTA,43,1126,48,30,866,no,51,-100
2025-05-23T17:02:14.076620,KXBTCD-25MAY2321-T107249.99,DELTA,43,1126,48,30,867,no,51,-1000
2025-05-23T17:02:14.122177,KXBTCD-25MAY2321-T107249.99,DELTA,43,1126,48,30,868,no,41,1000
2025-05-23T17:02:14.218909,KXBTCD-25MAY2321-T107249.99,DELTA,43,126,48,30,869,yes,43,-1000
2025-05-23T17:02:14.235989,KXBTCD-25MAY2321-T107249.99,DELTA,43,126,48,30,870,no,41,-1000
2025-05-23T17:02:14.276858,KXBTCD-25MAY2321-T107249.99,DELTA,43,126,48,30,871,yes,42,1000
2025-05-23T17:02:14.277203,KXBTCD-25MAY2321-T107249.99,DELTA,43,126,48,1030,872,no,52,1000
2025-05-23T17:02:14.455250,KXBTCD-25MAY2321-T107249.99,DELTA,43,126,48,1030,873,yes,41,-100
2025-05-23T17:02:14.474686,KXBTCD-25MAY2321-T107249.99,DELTA,43,126,48,1030,874,yes,37,-30
2025-05-23T17:02:14.495665,KXBTCD-25MAY2321-T107249.99,DELTA,43,126,48,1030,875,yes,36,30
2025-05-23T17:02:14.495860,KXBTCD-25MAY2321-T107249.99,DELTA,43,126,48,1030,876,yes,41,-14
2025-05-23T17:02:14.495946,KXBTCD-25MAY2321-T107249.99,DELTA,43,126,48,1000,877,no,52,-30
2025-05-23T17:02:14.496014,KXBTCD-25MAY2321-T107249.99,DELTA,43,126,48,1000,878,no,49,-14
2025-05-23T17:02:14.496078,KXBTCD-25MAY2321-T107249.99,DELTA,43,126,47,30,879,no,53,30
2025-05-23T17:02:14.515059,KXBTCD-25MAY2321-T107249.99,DELTA,43,126,47,30,880,yes,40,14
2025-05-23T17:02:14.515419,KXBTCD-25MAY2321-T107249.99,DELTA,43,126,47,30,881,yes,42,-1000
2025-05-23T17:02:14.515692,KXBTCD-25MAY2321-T107249.99,DELTA,43,126,47,30,882,no,50,14
2025-05-23T17:02:14.576798,KXBTCD-25MAY2321-T107249.99,DELTA,43,126,47,30,883,no,52,-1000
2025-05-23T17:02:14.577490,KXBTCD-25MAY2321-T107249.99,DELTA,43,126,47,30,884,yes,37,1000
2025-05-23T17:02:14.595282,KXBTCD-25MAY2321-T107249.99,DELTA,43,126,47,130,885,no,53,100
2025-05-23T17:02:14.615469,KXBTCD-25MAY2321-T107249.99,DELTA,43,126,47,130,886,no,41,1000
2025-05-23T17:02:14.834810,KXBTCD-25MAY2321-T107249.99,DELTA,43,126,47,130,887,yes,4,-8100
2025-05-23T17:02:14.835071,KXBTCD-25MAY2321-T107249.99,DELTA,43,126,47,130,888,yes,6,5400
2025-05-23T17:02:14.915164,KXBTCD-25MAY2321-T107249.99,DELTA,43,126,47,130,889,yes,5,-20000
2025-05-23T17:02:14.915494,KXBTCD-25MAY2321-T107249.99,DELTA,43,126,47,130,890,no,10,-3240
2025-05-23T17:02:14.915759,KXBTCD-25MAY2321-T107249.99,DELTA,43,126,47,130,891,no,12,2700
2025-05-23T17:02:14.915861,KXBTCD-25MAY2321-T107249.99,DELTA,43,126,47,130,892,yes,5,-2000
2025-05-23T17:02:14.995825,KXBTCD-25MAY2321-T107249.99,DELTA,43,126,47,130,893,yes,7,2000
2025-05-23T17:02:14.996422,KXBTCD-25MAY2321-T107249.99,DELTA,43,126,47,130,894,yes,7,20000
2025-05-23T17:02:15.015713,KXBTCD-25MAY2321-T107249.99,DELTA,43,126,47,130,895,no,11,-20000
2025-05-23T17:02:15.176249,KXBTCD-25MAY2321-T107249.99,DELTA,43,126,47,30,896,no,53,-100
2025-05-23T17:02:15.375902,KXBTCD-25MAY2321-T107249.99,DELTA,43,126,47,30,897,no,41,-1000
2025-05-23T17:02:15.435217,KXBTCD-25MAY2321-T107249.99,DELTA,43,126,47,1030,898,no,53,1000
2025-05-23T17:02:15.802826,KXBTCD-25MAY2321-T107249.99,DELTA,43,126,47,1030,899,yes,38,100
2025-05-23T17:02:15.803199,KXBTCD-25MAY2321-T107249.99,DELTA,43,126,46,100,900,no,54,100
2025-05-23T17:02:15.856021,KXBTCD-25MAY2321-T107249.99,DELTA,43,126,46,100,901,yes,37,-1000
2025-05-23T17:02:15.936136,KXBTCD-25MAY2321-T107249.99,DELTA,43,126,46,100,902,yes,39,1000
2025-05-23T17:02:16.076357,KXBTCD-25MAY2321-T107249.99,DELTA,43,126,46,100,903,yes,6,-5400
2025-05-23T17:02:16.076831,KXBTCD-25MAY2321-T107249.99,DELTA,43,126,46,100,904,yes,8,4050
2025-05-23T17:02:16.136181,KXBTCD-25MAY2321-T107249.99,DELTA,43,126,46,100,905,no,12,-2700
2025-05-23T17:02:16.136798,KXBTCD-25MAY2321-T107249.99,DELTA,43,126,46,100,906,no,4,8100
2025-05-23T17:02:16.156354,KXBTCD-25MAY2321-T107249.99,DELTA,43,126,46,100,907,yes,7,-20000
2025-05-23T17:02:16.157080,KXBTCD-25MAY2321-T107249.99,DELTA,43,126,46,100,908,yes,7,-2000
2025-05-23T17:02:16.218036,KXBTCD-25MAY2321-T107249.99,DELTA,43,126,46,100,909,no,5,20000
2025-05-23T17:02:16.219022,KXBTCD-25MAY2321-T107249.99,DELTA,43,126,46,100,910,yes,9,2000
2025-05-23T17:02:16.236821,KXBTCD-25MAY2321-T107249.99,DELTA,43,126,46,100,911,yes,9,20000
2025-05-23T17:02:16.559153,KXBTCD-25MAY2321-T107249.99,DELTA,43,126,46,100,912,yes,39,-1000
2025-05-23T17:02:16.559796,KXBTCD-25MAY2321-T107249.99,DELTA,43,126,46,100,913,no,53,-1000
2025-05-23T17:02:16.578689,KXBTCD-25MAY2321-T107249.99,DELTA,43,126,47,30,914,no,54,-100
2025-05-23T17:02:16.616027,KXBTCD-25MAY2321-T107249.99,DELTA,43,126,47,30,915,no,41,1000
2025-05-23T17:02:16.616892,KXBTCD-25MAY2321-T107249.99,DELTA,43,1126,47,30,916,yes,43,1000
2025-05-23T17:02:17.095318,KXBTCD-25MAY2321-T107249.99,DELTA,43,126,47,30,917,yes,43,-1000
2025-05-23T17:02:17.155470,KXBTCD-25MAY2321-T107249.99,DELTA,43,126,47,30,918,yes,39,1000
2025-05-23T17:02:17.217215,KXBTCD-25MAY2321-T107249.99,DELTA,43,126,47,30,919,yes,8,-4050
2025-05-23T17:02:17.217730,KXBTCD-25MAY2321-T107249.99,DELTA,43,126,47,30,920,yes,4,8100
2025-05-23T17:02:17.255855,KXBTCD-25MAY2321-T107249.99,DELTA,43,126,47,30,921,no,4,-8100
2025-05-23T17:02:17.256073,KXBTCD-25MAY2321-T107249.99,DELTA,43,126,47,30,922,no,6,5400
2025-05-23T17:02:17.315014,KXBTCD-25MAY2321-T107249.99,DELTA,43,126,47,30,923,yes,9,-20000
2025-05-23T17:02:17.315195,KXBTCD-25MAY2321-T107249.99,DELTA,43,126,47,30,924,yes,9,-2000
2025-05-23T17:02:17.335047,KXBTCD-25MAY2321-T107249.99,DELTA,43,126,47,30,925,no,5,-20000
2025-05-23T17:02:17.395137,KXBTCD-25MAY2321-T107249.99,DELTA,43,126,47,30,926,yes,5,2000
2025-05-23T17:02:17.395323,KXBTCD-25MAY2321-T107249.99,DELTA,43,126,47,30,927,no,7,20000
2025-05-23T17:02:17.395603,KXBTCD-25MAY2321-T107249.99,DELTA,43,126,47,30,928,yes,5,20000
2025-05-23T17:02:17.896521,KXBTCD-25MAY2321-T107249.99,DELTA,43,126,46,100,929,no,54,100
2025-05-23T17:02:18.515956,KXBTCD-25MAY2321-T107249.99,DELTA,43,126,46,100,930,yes,4,-8100
2025-05-23T17:02:18.516866,KXBTCD-25MAY2321-T107249.99,DELTA,43,126,46,100,931,yes,6,5400
2025-05-23T17:02:18.716634,KXBTCD-25MAY2321-T107249.99,DELTA,43,126,46,100,932,no,6,-5400
2025-05-23T17:02:18.717701,KXBTCD-25MAY2321-T107249.99,DELTA,43,126,46,100,933,no,8,4050
2025-05-23T17:02:18.718439,KXBTCD-25MAY2321-T107249.99,DELTA,43,126,46,100,934,yes,5,-20000
2025-05-23T17:02:18.816119,KXBTCD-25MAY2321-T107249.99,DELTA,43,126,46,100,935,no,7,-20000
2025-05-23T17:02:18.916918,KXBTCD-25MAY2321-T107249.99,DELTA,43,126,46,100,936,yes,5,-2000
2025-05-23T17:02:18.917955,KXBTCD-25MAY2321-T107249.99,DELTA,43,126,46,100,937,no,9,20000
2025-05-23T17:02:19.096194,KXBTCD-25MAY2321-T107249.99,DELTA,43,126,46,100,938,yes,7,2000
2025-05-23T17:02:19.096874,KXBTCD-25MAY2321-T107249.99,DELTA,43,126,46,100,939,yes,7,20000
2025-05-23T17:02:19.716020,KXBTCD-25MAY2321-T107249.99,DELTA,43,126,46,100,940,no,41,-1000
2025-05-23T17:02:19.895892,KXBTCD-25MAY2321-T107249.99,DELTA,43,126,46,100,941,no,53,1000
2025-05-23T17:02:20.195145,KXBTCD-25MAY2321-T107249.99,DELTA,43,126,47,1030,942,no,54,-100
2025-05-23T17:02:20.195358,KXBTCD-25MAY2321-T107249.99,DELTA,43,126,47,1030,943,yes,6,-5400
2025-05-23T17:02:20.195673,KXBTCD-25MAY2321-T107249.99,DELTA,43,126,47,1030,944,yes,8,4050
2025-05-23T17:02:20.397540,KXBTCD-25MAY2321-T107249.99,DELTA,43,126,47,1030,945,yes,25,-3000
2025-05-23T17:02:20.398382,KXBTCD-25MAY2321-T107249.99,DELTA,43,126,47,1030,946,no,8,-4050
2025-05-23T17:02:20.399017,KXBTCD-25MAY2321-T107249.99,DELTA,43,126,47,1030,947,no,10,3240
2025-05-23T17:02:20.416137,KXBTCD-25MAY2321-T107249.99,DELTA,43,126,47,30,948,no,53,-1000
2025-05-23T17:02:20.536003,KXBTCD-25MAY2321-T107249.99,DELTA,43,126,47,30,949,yes,16,3000
2025-05-23T17:02:20.536692,KXBTCD-25MAY2321-T107249.99,DELTA,43,126,47,30,950,yes,7,-20000
2025-05-23T17:02:20.537235,KXBTCD-25MAY2321-T107249.99,DELTA,43,126,46,1000,951,no,54,1000
2025-05-23T17:02:20.537688,KXBTCD-25MAY2321-T107249.99,DELTA,43,126,46,1000,952,yes,7,-2000
2025-05-23T17:02:20.556000,KXBTCD-25MAY2321-T107249.99,DELTA,43,126,46,1000,953,no,9,-20000
2025-05-23T17:02:20.597412,KXBTCD-25MAY2321-T107249.99,DELTA,43,126,46,1000,954,yes,9,20000
2025-05-23T17:02:20.598293,KXBTCD-25MAY2321-T107249.99,DELTA,43,126,46,1000,955,yes,9,2000
2025-05-23T17:02:20.615763,KXBTCD-25MAY2321-T107249.99,DELTA,43,126,46,1000,956,no,11,20000
2025-05-23T17:02:20.715963,KXBTCD-25MAY2321-T107249.99,DELTA,43,126,46,1000,957,yes,34,30
2025-05-23T17:02:20.716701,KXBTCD-25MAY2321-T107249.99,DELTA,43,126,46,1000,958,yes,38,14
2025-05-23T17:02:20.717259,KXBTCD-25MAY2321-T107249.99,DELTA,43,126,46,1000,959,yes,36,-30
2025-05-23T17:02:20.735990,KXBTCD-25MAY2321-T107249.99,DELTA,43,126,46,1000,960,yes,40,-14
2025-05-23T17:02:20.736702,KXBTCD-25MAY2321-T107249.99,DELTA,43,126,46,1000,961,no,52,14
2025-05-23T17:02:20.737314,KXBTCD-25MAY2321-T107249.99,DELTA,43,126,46,1000,962,no,53,-30
2025-05-23T17:02:20.737822,KXBTCD-25MAY2321-T107249.99,DELTA,43,126,45,30,963,no,55,30
2025-05-23T17:02:20.739145,KXBTCD-25MAY2321-T107249.99,DELTA,43,126,45,30,964,no,50,-14
2025-05-23T17:02:20.758529,KXBTCD-25MAY2321-T107249.99,DELTA,43,126,45,30,965,no,26,-3000
2025-05-23T17:02:20.815999,KXBTCD-25MAY2321-T107249.99,DELTA,43,126,45,30,966,no,33,3000
2025-05-23T17:02:20.855863,KXBTCD-25MAY2321-T107249.99,DELTA,43,126,45,30,967,no,54,-1000
2025-05-23T17:02:20.917390,KXBTCD-25MAY2321-T107249.99,DELTA,43,126,45,1030,968,no,55,1000
2025-05-23T17:02:21.081462,KXBTCD-25MAY2321-T107249.99,DELTA,43,126,45,1030,969,yes,39,-1000
2025-05-23T17:02:21.081642,KXBTCD-25MAY2321-T107249.99,DELTA,43,126,45,30,970,no,55,-1000
2025-05-23T17:02:21.096898,KXBTCD-25MAY2321-T107249.99,DELTA,43,126,45,30,971,yes,38,-100
2025-05-23T17:02:21.135564,KXBTCD-25MAY2321-T107249.99,DELTA,43,126,45,30,972,yes,38,1000
2025-05-23T17:02:21.135863,KXBTCD-25MAY2321-T107249.99,DELTA,43,126,44,1000,973,no,56,1000
2025-05-23T17:02:21.196946,KXBTCD-25MAY2321-T107249.99,DELTA,43,126,44,1000,974,yes,38,-1000
2025-05-23T17:02:21.237277,KXBTCD-25MAY2321-T107249.99,DELTA,43,126,44,1000,975,yes,35,1000
2025-05-23T17:02:21.375539,KXBTCD-25MAY2321-T107249.99,DELTA,43,126,45,30,976,no,56,-1000
2025-05-23T17:02:21.415393,KXBTCD-25MAY2321-T107249.99,DELTA,43,126,45,1030,977,no,55,1000
2025-05-23T17:02:21.455196,KXBTCD-25MAY2321-T107249.99,DELTA,43,126,44,100,978,no,56,100
2025-05-23T17:02:22.015553,KXBTCD-25MAY2321-T107249.99,DELTA,38,14,44,100,979,yes,43,-126
2025-05-23T17:02:22.116394,KXBTCD-25MAY2321-T107249.99,DELTA,38,14,44,100,980,yes,36,100
2025-05-23T17:02:22.195958,KXBTCD-25MAY2321-T107249.99,DELTA,38,14,44,100,981,yes,35,-1000
2025-05-23T17:02:22.255139,KXBTCD-25MAY2321-T107249.99,DELTA,38,14,44,100,982,yes,37,1000
2025-05-23T17:02:22.355431,KXBTCD-25MAY2321-T107249.99,DELTA,38,14,44,100,983,no,55,-1000
2025-05-23T17:02:22.436104,KXBTCD-25MAY2321-T107249.99,DELTA,38,14,44,100,984,no,41,1000
2025-05-23T17:02:22.994790,KXBTCD-25MAY2321-T107249.99,DELTA,38,14,44,100,985,no,41,-1000
2025-05-23T17:02:23.055426,KXBTCD-25MAY2321-T107249.99,DELTA,38,14,44,1100,986,no,56,1000
2025-05-23T17:02:23.376462,KXBTCD-25MAY2321-T107249.99,DELTA,38,14,44,100,987,no,56,-1000
2025-05-23T17:02:23.436209,KXBTCD-25MAY2321-T107249.99,DELTA,38,14,43,1000,988,no,57,1000
2025-05-23T17:02:23.696599,KXBTCD-25MAY2321-T107249.99,DELTA,38,14,43,1000,989,yes,8,-4050
2025-05-23T17:02:23.697572,KXBTCD-25MAY2321-T107249.99,DELTA,38,14,43,1000,990,yes,4,8100
2025-05-23T17:02:23.735029,KXBTCD-25MAY2321-T107249.99,DELTA,38,14,43,1000,991,no,10,-3240
2025-05-23T17:02:23.735780,KXBTCD-25MAY2321-T107249.99,DELTA,38,14,43,1000,992,no,12,2700
2025-05-23T17:02:23.775226,KXBTCD-25MAY2321-T107249.99,DELTA,38,14,43,1000,993,yes,9,-20000
2025-05-23T17:02:23.776059,KXBTCD-25MAY2321-T107249.99,DELTA,38,14,43,1000,994,yes,9,-2000
2025-05-23T17:02:23.816279,KXBTCD-25MAY2321-T107249.99,DELTA,38,14,43,1000,995,no,11,-20000
2025-05-23T17:02:23.817129,KXBTCD-25MAY2321-T107249.99,DELTA,38,14,43,1000,996,yes,5,20000
2025-05-23T17:02:23.817896,KXBTCD-25MAY2321-T107249.99,DELTA,38,14,43,1000,997,yes,5,2000
2025-05-23T17:02:24.496080,KXBTCD-25MAY2321-T107249.99,DELTA,38,14,44,100,998,no,57,-1000
2025-05-23T17:02:24.576964,KXBTCD-25MAY2321-T107249.99,DELTA,38,14,44,1100,999,no,56,1000
2025-05-23T17:02:24.976813,KXBTCD-25MAY2321-T107249.99,DELTA,38,14,44,1100,1000,yes,34,-30
2025-05-23T17:02:24.977581,KXBTCD-25MAY2321-T107249.99,DELTA,38,14,44,1100,1001,yes,33,30
2025-05-23T17:02:24.978029,KXBTCD-25MAY2321-T107249.99,DELTA,38,14,44,1100,1002,no,55,-30
2025-05-23T17:02:24.978648,KXBTCD-25MAY2321-T107249.99,DELTA,38,14,44,1100,1003,yes,36,-100
2025-05-23T17:02:24.996741,KXBTCD-25MAY2321-T107249.99,DELTA,38,14,44,1130,1004,no,56,30
2025-05-23T17:02:24.998083,KXBTCD-25MAY2321-T107249.99,DELTA,38,14,44,130,1005,no,56,-1000
2025-05-23T17:02:25.036584,KXBTCD-25MAY2321-T107249.99,DELTA,38,14,43,1000,1006,no,57,1000
2025-05-23T17:02:25.056905,KXBTCD-25MAY2321-T107249.99,DELTA,38,14,43,1000,1007,yes,37,-1000
2025-05-23T17:02:25.116773,KXBTCD-25MAY2321-T107249.99,DELTA,38,14,43,1000,1008,yes,34,1000
2025-05-23T17:02:25.991325,KXBTCD-25MAY2321-T107249.99,DELTA,38,14,43,1000,1009,yes,35,100
2025-05-23T17:02:26.016465,KXBTCD-25MAY2321-T107249.99,DELTA,38,14,43,1000,1010,yes,34,-1000
2025-05-23T17:02:26.035311,KXBTCD-25MAY2321-T107249.99,DELTA,38,14,43,1000,1011,no,56,-100
2025-05-23T17:02:26.076133,KXBTCD-25MAY2321-T107249.99,DELTA,38,14,43,1000,1012,yes,36,1000
2025-05-23T17:02:26.616402,KXBTCD-25MAY2321-T107249.99,DELTA,38,14,43,1000,1013,yes,35,-100
2025-05-23T17:02:26.675247,KXBTCD-25MAY2321-T107249.99,DELTA,38,14,43,1000,1014,yes,36,-1000
2025-05-23T17:02:26.715215,KXBTCD-25MAY2321-T107249.99,DELTA,38,14,43,1000,1015,yes,34,1000
2025-05-23T17:02:27.423863,KXBTCD-25MAY2321-T107249.99,DELTA,38,14,43,1100,1016,no,57,100
2025-05-23T17:02:27.424064,KXBTCD-25MAY2321-T107249.99,DELTA,38,14,43,1100,1017,yes,35,100
2025-05-23T17:02:27.454817,KXBTCD-25MAY2321-T107249.99,DELTA,38,14,43,100,1018,no,57,-1000
2025-05-23T17:02:27.495868,KXBTCD-25MAY2321-T107249.99,DELTA,38,14,43,100,1019,yes,34,-1000
2025-05-23T17:02:27.517255,KXBTCD-25MAY2321-T107249.99,DELTA,38,14,42,1000,1020,no,58,1000
2025-05-23T17:02:27.556403,KXBTCD-25MAY2321-T107249.99,DELTA,38,14,42,1000,1021,yes,36,1000
2025-05-23T17:02:27.835958,KXBTCD-25MAY2321-T107249.99,DELTA,38,14,43,100,1022,no,58,-1000
2025-05-23T17:02:27.936165,KXBTCD-25MAY2321-T107249.99,DELTA,38,14,43,1100,1023,no,57,1000
2025-05-23T17:02:29.356292,KXBTCD-25MAY2321-T107249.99,DELTA,38,14,43,1100,1024,yes,35,-100
2025-05-23T17:02:29.435546,KXBTCD-25MAY2321-T107249.99,DELTA,38,14,43,1100,1025,yes,36,-1000
2025-05-23T17:02:29.455474,KXBTCD-25MAY2321-T107249.99,DELTA,38,14,43,100,1026,no,57,-1000
2025-05-23T17:02:29.476094,KXBTCD-25MAY2321-T107249.99,DELTA,38,14,43,100,1027,yes,34,1000
2025-05-23T17:02:29.496005,KXBTCD-25MAY2321-T107249.99,DELTA,38,14,43,100,1028,no,56,1000
2025-05-23T17:02:29.556329,KXBTCD-25MAY2321-T107249.99,DELTA,38,14,43,100,1029,yes,4,-8100
2025-05-23T17:02:29.556650,KXBTCD-25MAY2321-T107249.99,DELTA,38,14,43,100,1030,yes,5,6480
2025-05-23T17:02:29.615821,KXBTCD-25MAY2321-T107249.99,DELTA,38,14,43,100,1031,no,12,-2700
2025-05-23T17:02:29.616027,KXBTCD-25MAY2321-T107249.99,DELTA,38,14,43,100,1032,no,4,8100
2025-05-23T17:02:29.616116,KXBTCD-25MAY2321-T107249.99,DELTA,38,14,43,100,1033,yes,5,-20000
2025-05-23T17:02:29.635947,KXBTCD-25MAY2321-T107249.99,DELTA,38,14,43,100,1034,yes,5,-2000
2025-05-23T17:02:29.696226,KXBTCD-25MAY2321-T107249.99,DELTA,38,14,43,100,1035,yes,6,2000
2025-05-23T17:02:29.696411,KXBTCD-25MAY2321-T107249.99,DELTA,38,14,43,100,1036,no,5,20000
2025-05-23T17:02:29.696787,KXBTCD-25MAY2321-T107249.99,DELTA,38,14,43,100,1037,yes,6,20000
2025-05-23T17:02:30.394739,KXBTCD-25MAY2321-T107249.99,DELTA,38,14,43,100,1038,yes,36,100
2025-05-23T17:02:30.477196,KXBTCD-25MAY2321-T107249.99,DELTA,38,14,43,100,1039,yes,34,-1000
2025-05-23T17:02:30.516275,KXBTCD-25MAY2321-T107249.99,DELTA,38,14,43,100,1040,yes,37,1000
2025-05-23T17:02:30.596647,KXBTCD-25MAY2321-T107249.99,DELTA,38,14,43,100,1041,yes,5,-6480
2025-05-23T17:02:30.597796,KXBTCD-25MAY2321-T107249.99,DELTA,38,14,43,100,1042,yes,4,8100
2025-05-23T17:02:30.636496,KXBTCD-25MAY2321-T107249.99,DELTA,38,14,43,100,1043,no,4,-8100
2025-05-23T17:02:30.637326,KXBTCD-25MAY2321-T107249.99,DELTA,38,14,43,100,1044,no,6,5400
2025-05-23T17:02:30.676654,KXBTCD-25MAY2321-T107249.99,DELTA,38,14,43,100,1045,yes,6,-20000
2025-05-23T17:02:30.677082,KXBTCD-25MAY2321-T107249.99,DELTA,38,14,43,100,1046,yes,6,-2000
2025-05-23T17:02:30.696408,KXBTCD-25MAY2321-T107249.99,DELTA,38,14,43,100,1047,no,5,-20000
2025-05-23T17:02:30.737149,KXBTCD-25MAY2321-T107249.99,DELTA,38,14,43,100,1048,yes,5,2000
2025-05-23T17:02:30.737917,KXBTCD-25MAY2321-T107249.99,DELTA,38,14,43,100,1049,yes,5,20000
2025-05-23T17:02:30.755852,KXBTCD-25MAY2321-T107249.99,DELTA,38,14,43,100,1050,no,7,20000
2025-05-23T17:02:30.996196,KXBTCD-25MAY2321-T107249.99,DELTA,38,14,43,100,1051,no,56,-1000
2025-05-23T17:02:31.056626,KXBTCD-25MAY2321-T107249.99,DELTA,38,14,42,1000,1052,no,58,1000
2025-05-23T17:02:31.635803,KXBTCD-25MAY2321-T107249.99,DELTA,38,14,43,100,1053,no,58,-1000
2025-05-23T17:02:31.695982,KXBTCD-25MAY2321-T107249.99,DELTA,38,14,43,100,1054,yes,4,-8100
2025-05-23T17:02:31.696953,KXBTCD-25MAY2321-T107249.99,DELTA,38,14,43,100,1055,yes,5,6480
2025-05-23T17:02:31.697524,KXBTCD-25MAY2321-T107249.99,DELTA,38,14,43,1100,1056,no,57,1000
2025-05-23T17:02:31.736123,KXBTCD-25MAY2321-T107249.99,DELTA,38,14,43,1100,1057,no,6,-5400
2025-05-23T17:02:31.736608,KXBTCD-25MAY2321-T107249.99,DELTA,38,14,43,1100,1058,no,8,4050
2025-05-23T17:02:31.755963,KXBTCD-25MAY2321-T107249.99,DELTA,38,14,43,1100,1059,yes,5,-20000
2025-05-23T17:02:31.775461,KXBTCD-25MAY2321-T107249.99,DELTA,38,14,43,1100,1060,yes,5,-2000
2025-05-23T17:02:31.836967,KXBTCD-25MAY2321-T107249.99,DELTA,38,14,43,1100,1061,yes,6,20000
2025-05-23T17:02:31.837989,KXBTCD-25MAY2321-T107249.99,DELTA,38,14,43,1100,1062,yes,6,2000
2025-05-23T17:02:31.856294,KXBTCD-25MAY2321-T107249.99,DELTA,38,14,43,1100,1063,no,7,-20000
2025-05-23T17:02:31.937050,KXBTCD-25MAY2321-T107249.99,DELTA,38,14,43,1100,1064,no,9,20000
2025-05-23T17:02:32.736912,KXBTCD-25MAY2321-T107249.99,DELTA,38,14,43,1100,1065,yes,5,-6480
2025-05-23T17:02:32.737864,KXBTCD-25MAY2321-T107249.99,DELTA,38,14,43,1100,1066,yes,4,8100
2025-05-23T17:02:32.796963,KXBTCD-25MAY2321-T107249.99,DELTA,38,14,43,1100,1067,no,8,-4050
2025-05-23T17:02:32.797851,KXBTCD-25MAY2321-T107249.99,DELTA,38,14,43,1100,1068,no,10,3240
2025-05-23T17:02:32.798333,KXBTCD-25MAY2321-T107249.99,DELTA,38,14,43,1100,1069,yes,6,-20000
2025-05-23T17:02:32.815939,KXBTCD-25MAY2321-T107249.99,DELTA,38,14,43,1100,1070,yes,6,-2000
2025-05-23T17:02:32.856531,KXBTCD-25MAY2321-T107249.99,DELTA,38,14,43,1100,1071,yes,5,20000
2025-05-23T17:02:32.857335,KXBTCD-25MAY2321-T107249.99,DELTA,38,14,43,1100,1072,yes,5,2000
2025-05-23T17:02:32.875934,KXBTCD-25MAY2321-T107249.99,DELTA,38,14,43,1100,1073,no,9,-20000
2025-05-23T17:02:32.915280,KXBTCD-25MAY2321-T107249.99,DELTA,38,14,43,1100,1074,no,11,20000
2025-05-23T17:02:33.856508,KXBTCD-25MAY2321-T107249.99,DELTA,38,14,43,1100,1075,yes,4,-8100
2025-05-23T17:02:33.856727,KXBTCD-25MAY2321-T107249.99,DELTA,38,14,43,1100,1076,yes,5,6480
2025-05-23T17:02:33.915695,KXBTCD-25MAY2321-T107249.99,DELTA,38,14,43,1100,1077,no,10,-3240
2025-05-23T17:02:33.915954,KXBTCD-25MAY2321-T107249.99,DELTA,38,14,43,1100,1078,no,12,2700
2025-05-23T17:02:33.916231,KXBTCD-25MAY2321-T107249.99,DELTA,38,14,43,1100,1079,yes,5,-20000
2025-05-23T17:02:33.916365,KXBTCD-25MAY2321-T107249.99,DELTA,38,14,43,1100,1080,yes,5,-2000
2025-05-23T17:02:33.980041,KXBTCD-25MAY2321-T107249.99,DELTA,38,14,43,1100,1081,yes,6,2000
2025-05-23T17:02:33.980629,KXBTCD-25MAY2321-T107249.99,DELTA,38,14,43,1100,1082,yes,6,20000
2025-05-23T17:02:33.980983,KXBTCD-25MAY2321-T107249.99,DELTA,38,14,43,1100,1083,no,11,-20000
2025-05-23T17:02:34.197352,KXBTCD-25MAY2321-T107249.99,DELTA,38,14,43,100,1084,no,57,-1000
2025-05-23T17:02:34.236512,KXBTCD-25MAY2321-T107249.99,DELTA,38,14,43,100,1085,no,56,1000
2025-05-23T17:02:35.274899,KXBTCD-25MAY2321-T107249.99,DELTA,38,14,43,100,1086,no,56,-1000
2025-05-23T17:02:35.315297,KXBTCD-25MAY2321-T107249.99,DELTA,38,14,43,1100,1087,no,57,1000
2025-05-23T17:02:37.295709,KXBTCD-25MAY2321-T107249.99,DELTA,38,14,43,1100,1088,yes,5,-6480
2025-05-23T17:02:37.296153,KXBTCD-25MAY2321-T107249.99,DELTA,38,14,43,1100,1089,yes,4,8100
2025-05-23T17:02:37.354769,KXBTCD-25MAY2321-T107249.99,DELTA,38,14,43,1100,1090,no,12,-2700
2025-05-23T17:02:37.355046,KXBTCD-25MAY2321-T107249.99,DELTA,38,14,43,1100,1091,no,4,8100
2025-05-23T17:02:37.355788,KXBTCD-25MAY2321-T107249.99,DELTA,38,14,43,1100,1092,yes,6,-20000
