timestamp,market_ticker,type,yes_bid_price_cents,yes_bid_qty,yes_ask_price_cents,yes_ask_qty_on_no_side,sequence_num,delta_side,delta_price_cents,delta_quantity
2025-05-22T15:02:03.900007,KXBTCD-25MAY2219-T111499.99,SNAPSHOT,10,100,13,1000,1,,,
2025-05-22T15:02:04.900561,KXBTCD-25MAY2219-T111499.99,DELTA,10,100,13,1000,2,no,10,-3240
2025-05-22T15:02:04.900939,KXBTCD-25MAY2219-T111499.99,DELTA,10,100,13,1000,3,no,12,2700
2025-05-22T15:02:04.960758,KXBTCD-25MAY2219-T111499.99,DELTA,10,100,13,1000,4,no,11,-20000
2025-05-22T15:02:04.999339,KXBTCD-25MAY2219-T111499.99,DELTA,10,100,13,1000,5,no,5,20000
2025-05-22T15:02:06.259741,KXBTCD-25MAY2219-T111499.99,DELTA,10,100,13,1000,6,no,12,-2700
2025-05-22T15:02:06.260152,KXBTCD-25MAY2219-T111499.99,DELTA,10,100,13,1000,7,no,6,5400
2025-05-22T15:02:06.322729,KXBTCD-25MAY2219-T111499.99,DELTA,10,100,13,1000,8,no,5,-20000
2025-05-22T15:02:06.360046,KXBTCD-25MAY2219-T111499.99,DELTA,10,100,13,1000,9,no,7,20000
2025-05-22T15:02:10.201831,KXBTCD-25MAY2219-T111499.99,DELTA,10,100,13,1000,10,no,6,-5400
2025-05-22T15:02:10.202828,KXBTCD-25MAY2219-T111499.99,DELTA,10,100,13,1000,11,no,8,4050
2025-05-22T15:02:10.239649,KXBTCD-25MAY2219-T111499.99,DELTA,10,100,13,1000,12,yes,6,-14
2025-05-22T15:02:10.240233,KXBTCD-25MAY2219-T111499.99,DELTA,10,100,13,1000,13,yes,8,14
2025-05-22T15:02:10.240423,KXBTCD-25MAY2219-T111499.99,DELTA,10,100,13,1000,14,no,85,-14
2025-05-22T15:02:10.240563,KXBTCD-25MAY2219-T111499.99,DELTA,10,100,13,1000,15,no,83,14
2025-05-22T15:02:10.259382,KXBTCD-25MAY2219-T111499.99,DELTA,10,100,13,1000,16,no,7,-20000
2025-05-22T15:02:10.299436,KXBTCD-25MAY2219-T111499.99,DELTA,10,100,13,1000,17,no,9,20000
2025-05-22T15:02:10.788000,KXBTCD-25MAY2219-T111499.99,DELTA,10,100,13,1000,18,yes,7,30
2025-05-22T15:02:10.788358,KXBTCD-25MAY2219-T111499.99,DELTA,10,100,13,1000,19,yes,5,-30
2025-05-22T15:02:10.800221,KXBTCD-25MAY2219-T111499.99,DELTA,10,100,13,1000,20,no,84,-30
2025-05-22T15:02:10.800347,KXBTCD-25MAY2219-T111499.99,DELTA,10,100,13,1000,21,no,82,30
2025-05-22T15:02:11.979566,KXBTCD-25MAY2219-T111499.99,DELTA,10,100,13,1000,22,yes,7,-500
2025-05-22T15:02:12.019763,KXBTCD-25MAY2219-T111499.99,DELTA,10,100,13,1000,23,yes,9,50
2025-05-22T15:02:12.140460,KXBTCD-25MAY2219-T111499.99,DELTA,10,100,13,1000,24,yes,9,-50
2025-05-22T15:02:12.181044,KXBTCD-25MAY2219-T111499.99,DELTA,10,100,13,1000,25,yes,9,150
2025-05-22T15:02:12.239595,KXBTCD-25MAY2219-T111499.99,DELTA,10,100,14,500,26,no,87,-1000
2025-05-22T15:02:12.260322,KXBTCD-25MAY2219-T111499.99,DELTA,10,100,14,500,27,yes,8,-1000
2025-05-22T15:02:12.281130,KXBTCD-25MAY2219-T111499.99,DELTA,10,100,14,1500,28,no,86,1000
2025-05-22T15:02:12.299141,KXBTCD-25MAY2219-T111499.99,DELTA,10,100,14,1500,29,yes,9,1000
2025-05-22T15:02:12.323355,KXBTCD-25MAY2219-T111499.99,DELTA,10,100,14,1500,30,yes,9,-150
2025-05-22T15:02:12.381165,KXBTCD-25MAY2219-T111499.99,DELTA,10,100,14,1500,31,yes,9,-1000
2025-05-22T15:02:12.440506,KXBTCD-25MAY2219-T111499.99,DELTA,10,100,14,1500,32,yes,9,300
2025-05-22T15:02:12.460029,KXBTCD-25MAY2219-T111499.99,DELTA,10,100,14,1500,33,yes,8,1000
2025-05-22T15:02:12.523276,KXBTCD-25MAY2219-T111499.99,DELTA,10,100,14,1500,34,yes,8,-1000
2025-05-22T15:02:12.560165,KXBTCD-25MAY2219-T111499.99,DELTA,10,100,14,1500,35,no,8,-4050
2025-05-22T15:02:12.560413,KXBTCD-25MAY2219-T111499.99,DELTA,10,100,14,1500,36,no,10,3240
2025-05-22T15:02:12.560690,KXBTCD-25MAY2219-T111499.99,DELTA,10,100,14,1500,37,yes,9,1000
2025-05-22T15:02:12.619968,KXBTCD-25MAY2219-T111499.99,DELTA,10,100,14,1000,38,no,86,-500
2025-05-22T15:02:12.639701,KXBTCD-25MAY2219-T111499.99,DELTA,10,100,14,1000,39,no,9,-20000
2025-05-22T15:02:12.680017,KXBTCD-25MAY2219-T111499.99,DELTA,10,100,14,1000,40,no,11,20000
2025-05-22T15:02:12.680273,KXBTCD-25MAY2219-T111499.99,DELTA,10,100,17,114,41,no,86,-1000
2025-05-22T15:02:12.700140,KXBTCD-25MAY2219-T111499.99,DELTA,10,100,15,350,42,no,85,350
2025-05-22T15:02:12.719797,KXBTCD-25MAY2219-T111499.99,DELTA,10,100,15,350,43,no,84,1000
2025-05-22T15:02:12.760260,KXBTCD-25MAY2219-T111499.99,DELTA,10,100,15,350,44,no,84,-1000
2025-05-22T15:02:12.841139,KXBTCD-25MAY2219-T111499.99,DELTA,10,100,14,1000,45,no,86,1000
2025-05-22T15:02:12.879471,KXBTCD-25MAY2219-T111499.99,DELTA,10,100,14,1000,46,no,70,9
2025-05-22T15:02:13.379585,KXBTCD-25MAY2219-T111499.99,DELTA,10,100,14,1000,47,no,83,-100
2025-05-22T15:02:13.379927,KXBTCD-25MAY2219-T111499.99,DELTA,9,1300,14,1000,48,yes,10,-100
2025-05-22T15:02:13.540472,KXBTCD-25MAY2219-T111499.99,DELTA,9,1300,14,1000,49,no,85,1250
2025-05-22T15:02:13.540855,KXBTCD-25MAY2219-T111499.99,DELTA,9,300,14,1000,50,yes,9,-1000
2025-05-22T15:02:13.620324,KXBTCD-25MAY2219-T111499.99,DELTA,9,300,14,1000,51,yes,8,1000
2025-05-22T15:02:13.659234,KXBTCD-25MAY2219-T111499.99,DELTA,9,300,14,1000,52,no,70,-9
2025-05-22T15:02:13.860714,KXBTCD-25MAY2219-T111499.99,DELTA,9,300,14,1000,53,no,10,-3240
2025-05-22T15:02:13.860955,KXBTCD-25MAY2219-T111499.99,DELTA,9,300,14,1000,54,no,12,2700
2025-05-22T15:02:13.919105,KXBTCD-25MAY2219-T111499.99,DELTA,9,300,14,1000,55,no,11,-20000
2025-05-22T15:02:13.978638,KXBTCD-25MAY2219-T111499.99,DELTA,9,300,14,1000,56,no,5,20000
2025-05-22T15:02:14.141071,KXBTCD-25MAY2219-T111499.99,DELTA,9,300,14,1000,57,yes,8,-1000
2025-05-22T15:02:14.141314,KXBTCD-25MAY2219-T111499.99,DELTA,9,300,14,1000,58,no,51,-2000
2025-05-22T15:02:14.161957,KXBTCD-25MAY2219-T111499.99,DELTA,9,300,14,1000,59,no,85,-1250
2025-05-22T15:02:14.162228,KXBTCD-25MAY2219-T111499.99,DELTA,8,14,14,1000,60,yes,9,-300
2025-05-22T15:02:14.214064,KXBTCD-25MAY2219-T111499.99,DELTA,8,514,14,1000,61,yes,8,500
2025-05-22T15:02:14.241013,KXBTCD-25MAY2219-T111499.99,DELTA,8,514,14,2250,62,no,86,1250
2025-05-22T15:02:14.241296,KXBTCD-25MAY2219-T111499.99,DELTA,8,514,14,2250,63,no,85,2000
2025-05-22T15:02:14.241475,KXBTCD-25MAY2219-T111499.99,DELTA,8,514,14,2250,64,yes,7,1000
2025-05-22T15:02:14.321701,KXBTCD-25MAY2219-T111499.99,DELTA,8,514,14,2250,65,no,85,-350
2025-05-22T15:02:14.412414,KXBTCD-25MAY2219-T111499.99,DELTA,8,514,14,2250,66,no,85,-2000
2025-05-22T15:02:14.412886,KXBTCD-25MAY2219-T111499.99,DELTA,8,514,14,1250,67,no,86,-1000
2025-05-22T15:02:14.422288,KXBTCD-25MAY2219-T111499.99,DELTA,8,514,13,150,68,no,87,150
2025-05-22T15:02:14.422489,KXBTCD-25MAY2219-T111499.99,DELTA,8,514,13,150,69,no,86,-1250
2025-05-22T15:02:14.461645,KXBTCD-25MAY2219-T111499.99,DELTA,8,514,13,150,70,yes,7,-30
2025-05-22T15:02:14.461865,KXBTCD-25MAY2219-T111499.99,DELTA,8,514,13,150,71,yes,6,14
2025-05-22T15:02:14.461949,KXBTCD-25MAY2219-T111499.99,DELTA,8,514,13,150,72,yes,5,30
2025-05-22T15:02:14.462016,KXBTCD-25MAY2219-T111499.99,DELTA,8,500,13,150,73,yes,8,-14
2025-05-22T15:02:14.462078,KXBTCD-25MAY2219-T111499.99,DELTA,8,500,13,150,74,no,84,30
2025-05-22T15:02:14.462132,KXBTCD-25MAY2219-T111499.99,DELTA,8,500,13,150,75,no,82,-30
2025-05-22T15:02:14.462186,KXBTCD-25MAY2219-T111499.99,DELTA,8,500,13,150,76,no,85,14
2025-05-22T15:02:14.480409,KXBTCD-25MAY2219-T111499.99,DELTA,8,500,13,150,77,no,83,-14
2025-05-22T15:02:14.480576,KXBTCD-25MAY2219-T111499.99,DELTA,8,500,13,150,78,no,83,1000
2025-05-22T15:02:14.480637,KXBTCD-25MAY2219-T111499.99,DELTA,8,500,13,150,79,no,51,2000
2025-05-22T15:02:14.542464,KXBTCD-25MAY2219-T111499.99,DELTA,8,500,13,150,80,yes,7,-1000
2025-05-22T15:02:14.562920,KXBTCD-25MAY2219-T111499.99,DELTA,8,500,13,150,81,no,83,-1000
2025-05-22T15:02:14.621686,KXBTCD-25MAY2219-T111499.99,DELTA,8,500,13,150,82,yes,6,1000
2025-05-22T15:02:14.621837,KXBTCD-25MAY2219-T111499.99,DELTA,8,500,12,1000,83,no,88,1000
2025-05-22T15:02:14.640626,KXBTCD-25MAY2219-T111499.99,DELTA,8,500,12,1000,84,no,87,-150
2025-05-22T15:02:14.702791,KXBTCD-25MAY2219-T111499.99,DELTA,8,500,15,14,85,no,88,-1000
2025-05-22T15:02:14.721882,KXBTCD-25MAY2219-T111499.99,DELTA,8,500,13,350,86,no,87,350
2025-05-22T15:02:14.741254,KXBTCD-25MAY2219-T111499.99,DELTA,8,500,13,350,87,no,85,1000
2025-05-22T15:02:14.807427,KXBTCD-25MAY2219-T111499.99,DELTA,8,500,13,350,88,no,85,-1000
2025-05-22T15:02:14.901622,KXBTCD-25MAY2219-T111499.99,DELTA,8,500,12,1000,89,no,88,1000
2025-05-22T15:02:15.200425,KXBTCD-25MAY2219-T111499.99,DELTA,8,500,12,1000,90,no,12,-2700
2025-05-22T15:02:15.200854,KXBTCD-25MAY2219-T111499.99,DELTA,8,500,12,1000,91,no,6,5400
2025-05-22T15:02:15.263249,KXBTCD-25MAY2219-T111499.99,DELTA,8,500,12,1000,92,no,5,-20000
2025-05-22T15:02:15.321618,KXBTCD-25MAY2219-T111499.99,DELTA,8,500,12,1000,93,no,7,20000
2025-05-22T15:02:15.700376,KXBTCD-25MAY2219-T111499.99,DELTA,9,100,12,1000,94,yes,9,100
2025-05-22T15:02:15.700711,KXBTCD-25MAY2219-T111499.99,DELTA,9,100,12,1000,95,no,83,100
2025-05-22T15:02:16.119973,KXBTCD-25MAY2219-T111499.99,DELTA,9,100,12,1000,96,no,83,-100
2025-05-22T15:02:16.220938,KXBTCD-25MAY2219-T111499.99,DELTA,9,100,12,1000,97,no,87,1250
2025-05-22T15:02:16.539816,KXBTCD-25MAY2219-T111499.99,DELTA,9,100,12,1000,98,no,6,-5400
2025-05-22T15:02:16.540161,KXBTCD-25MAY2219-T111499.99,DELTA,9,100,12,1000,99,no,8,4050
2025-05-22T15:02:16.600598,KXBTCD-25MAY2219-T111499.99,DELTA,9,100,12,1000,100,no,87,-1250
2025-05-22T15:02:16.661116,KXBTCD-25MAY2219-T111499.99,DELTA,9,100,12,1000,101,no,7,-20000
2025-05-22T15:02:16.700484,KXBTCD-25MAY2219-T111499.99,DELTA,9,100,12,1000,102,no,9,20000
2025-05-22T15:02:17.559629,KXBTCD-25MAY2219-T111499.99,DELTA,9,100,12,1000,103,no,83,100
2025-05-22T15:02:17.920229,KXBTCD-25MAY2219-T111499.99,DELTA,9,100,12,1000,104,no,8,-4050
2025-05-22T15:02:17.920447,KXBTCD-25MAY2219-T111499.99,DELTA,9,100,12,1000,105,no,10,3240
2025-05-22T15:02:17.978602,KXBTCD-25MAY2219-T111499.99,DELTA,9,100,12,1000,106,no,9,-20000
2025-05-22T15:02:18.019163,KXBTCD-25MAY2219-T111499.99,DELTA,9,100,12,1000,107,no,11,20000
2025-05-22T15:02:19.183455,KXBTCD-25MAY2219-T111499.99,DELTA,9,100,12,1000,108,yes,8,-500
2025-05-22T15:02:19.184353,KXBTCD-25MAY2219-T111499.99,DELTA,9,100,12,1000,109,yes,7,500
2025-05-22T15:02:19.220811,KXBTCD-25MAY2219-T111499.99,DELTA,9,100,12,1000,110,yes,6,-1000
2025-05-22T15:02:19.279815,KXBTCD-25MAY2219-T111499.99,DELTA,9,100,12,1000,111,yes,7,1000
2025-05-22T15:02:22.320172,KXBTCD-25MAY2219-T111499.99,DELTA,9,100,12,1000,112,yes,7,-1000
2025-05-22T15:02:22.320651,KXBTCD-25MAY2219-T111499.99,DELTA,9,100,12,1000,113,no,87,1250
2025-05-22T15:02:22.379486,KXBTCD-25MAY2219-T111499.99,DELTA,9,100,12,1000,114,yes,6,1000
2025-05-22T15:02:22.520519,KXBTCD-25MAY2219-T111499.99,DELTA,9,100,12,1000,115,yes,6,-1000
2025-05-22T15:02:22.540235,KXBTCD-25MAY2219-T111499.99,DELTA,9,100,12,1000,116,no,87,-1250
2025-05-22T15:02:22.619790,KXBTCD-25MAY2219-T111499.99,DELTA,9,100,12,1000,117,yes,7,1000
2025-05-22T15:02:22.659685,KXBTCD-25MAY2219-T111499.99,DELTA,9,100,12,1000,118,no,87,1250
2025-05-22T15:02:22.679171,KXBTCD-25MAY2219-T111499.99,DELTA,9,100,12,1000,119,yes,7,-1000
2025-05-22T15:02:22.719369,KXBTCD-25MAY2219-T111499.99,DELTA,9,100,12,1000,120,yes,6,1000
2025-05-22T15:02:23.799933,KXBTCD-25MAY2219-T111499.99,DELTA,9,100,12,1000,121,yes,6,-1000
2025-05-22T15:02:23.800088,KXBTCD-25MAY2219-T111499.99,DELTA,9,100,12,1000,122,no,51,-2000
2025-05-22T15:02:23.800178,KXBTCD-25MAY2219-T111499.99,DELTA,9,100,12,1000,123,no,87,-1250
2025-05-22T15:02:23.860266,KXBTCD-25MAY2219-T111499.99,DELTA,9,100,12,1000,124,no,87,2000
2025-05-22T15:02:23.860489,KXBTCD-25MAY2219-T111499.99,DELTA,9,100,12,2250,125,no,88,1250
2025-05-22T15:02:23.860588,KXBTCD-25MAY2219-T111499.99,DELTA,9,100,12,2250,126,yes,5,1000
2025-05-22T15:02:24.079479,KXBTCD-25MAY2219-T111499.99,DELTA,9,100,12,2250,127,yes,7,-500
2025-05-22T15:02:24.099979,KXBTCD-25MAY2219-T111499.99,DELTA,9,100,12,2250,128,yes,6,500
2025-05-22T15:02:24.459830,KXBTCD-25MAY2219-T111499.99,DELTA,9,100,12,2250,129,no,10,-3240
2025-05-22T15:02:24.460215,KXBTCD-25MAY2219-T111499.99,DELTA,9,100,12,2250,130,no,12,2700
2025-05-22T15:02:24.519624,KXBTCD-25MAY2219-T111499.99,DELTA,9,100,12,2250,131,no,11,-20000
2025-05-22T15:02:24.559357,KXBTCD-25MAY2219-T111499.99,DELTA,9,100,12,2250,132,no,5,20000
2025-05-22T15:02:24.700311,KXBTCD-25MAY2219-T111499.99,DELTA,9,100,12,2250,133,no,87,-350
2025-05-22T15:02:24.739619,KXBTCD-25MAY2219-T111499.99,DELTA,9,100,11,50,134,no,89,50
2025-05-22T15:02:24.780462,KXBTCD-25MAY2219-T111499.99,DELTA,9,100,11,50,135,no,87,-2000
2025-05-22T15:02:24.799990,KXBTCD-25MAY2219-T111499.99,DELTA,9,100,11,50,136,no,88,-1000
2025-05-22T15:02:24.800212,KXBTCD-25MAY2219-T111499.99,DELTA,9,100,11,50,137,no,88,-1250
2025-05-22T15:02:24.840536,KXBTCD-25MAY2219-T111499.99,DELTA,9,100,15,14,138,no,89,-50
2025-05-22T15:02:24.861239,KXBTCD-25MAY2219-T111499.99,DELTA,9,100,15,14,139,no,51,2000
2025-05-22T15:02:24.880606,KXBTCD-25MAY2219-T111499.99,DELTA,9,100,10,1000,140,no,90,1000
2025-05-22T15:02:24.939612,KXBTCD-25MAY2219-T111499.99,DELTA,9,100,15,14,141,no,90,-1000
2025-05-22T15:02:24.960577,KXBTCD-25MAY2219-T111499.99,DELTA,9,100,11,250,142,no,89,250
2025-05-22T15:02:25.020440,KXBTCD-25MAY2219-T111499.99,DELTA,9,100,11,250,143,no,85,1000
2025-05-22T15:02:25.081326,KXBTCD-25MAY2219-T111499.99,DELTA,9,100,11,250,144,no,85,-1000
2025-05-22T15:02:25.140192,KXBTCD-25MAY2219-T111499.99,DELTA,9,100,10,1000,145,no,90,1000
2025-05-22T15:02:25.259826,KXBTCD-25MAY2219-T111499.99,DELTA,9,100,10,1000,146,no,89,-250
2025-05-22T15:02:25.359376,KXBTCD-25MAY2219-T111499.99,DELTA,9,100,15,14,147,no,90,-1000
2025-05-22T15:02:25.359560,KXBTCD-25MAY2219-T111499.99,DELTA,9,100,12,300,148,no,88,300
2025-05-22T15:02:25.399968,KXBTCD-25MAY2219-T111499.99,DELTA,9,100,12,300,149,no,85,1000
2025-05-22T15:02:25.438894,KXBTCD-25MAY2219-T111499.99,DELTA,9,100,12,1550,150,no,88,1250
2025-05-22T15:02:25.500168,KXBTCD-25MAY2219-T111499.99,DELTA,9,100,12,1550,151,no,85,-1000
2025-05-22T15:02:25.560726,KXBTCD-25MAY2219-T111499.99,DELTA,9,100,11,1000,152,no,89,1000
2025-05-22T15:02:25.679991,KXBTCD-25MAY2219-T111499.99,DELTA,6,514,11,1000,153,yes,9,-100
2025-05-22T15:02:25.700435,KXBTCD-25MAY2219-T111499.99,DELTA,6,514,11,1000,154,no,83,-100
2025-05-22T15:02:25.741198,KXBTCD-25MAY2219-T111499.99,DELTA,6,514,11,1000,155,no,12,-2700
2025-05-22T15:02:25.742054,KXBTCD-25MAY2219-T111499.99,DELTA,6,514,11,1000,156,no,6,5400
2025-05-22T15:02:25.820770,KXBTCD-25MAY2219-T111499.99,DELTA,6,514,11,1000,157,no,5,-20000
2025-05-22T15:02:25.860006,KXBTCD-25MAY2219-T111499.99,DELTA,6,514,11,1000,158,no,7,20000
2025-05-22T15:02:26.279417,KXBTCD-25MAY2219-T111499.99,DELTA,6,14,11,1000,159,yes,6,-500
2025-05-22T15:02:26.279625,KXBTCD-25MAY2219-T111499.99,DELTA,6,14,11,1000,160,no,88,-300
2025-05-22T15:02:26.359740,KXBTCD-25MAY2219-T111499.99,DELTA,6,14,12,1250,161,no,89,-1000
2025-05-22T15:02:26.359980,KXBTCD-25MAY2219-T111499.99,DELTA,6,14,15,14,162,no,88,-1250
2025-05-22T15:02:26.381150,KXBTCD-25MAY2219-T111499.99,DELTA,8,50,15,14,163,yes,8,50
2025-05-22T15:02:26.381411,KXBTCD-25MAY2219-T111499.99,DELTA,8,50,13,450,164,no,87,450
2025-05-22T15:02:26.439727,KXBTCD-25MAY2219-T111499.99,DELTA,6,14,13,450,165,yes,8,-50
2025-05-22T15:02:26.459253,KXBTCD-25MAY2219-T111499.99,DELTA,6,14,13,450,166,no,85,1000
2025-05-22T15:02:26.479552,KXBTCD-25MAY2219-T111499.99,DELTA,6,14,13,1700,167,no,87,1250
2025-05-22T15:02:26.498989,KXBTCD-25MAY2219-T111499.99,DELTA,8,300,13,1700,168,yes,8,300
2025-05-22T15:02:26.558662,KXBTCD-25MAY2219-T111499.99,DELTA,8,300,13,1700,169,no,85,-1000
2025-05-22T15:02:26.598819,KXBTCD-25MAY2219-T111499.99,DELTA,8,300,13,1700,170,yes,5,-1000
2025-05-22T15:02:26.619723,KXBTCD-25MAY2219-T111499.99,DELTA,8,300,12,1000,171,no,88,1000
2025-05-22T15:02:26.639528,KXBTCD-25MAY2219-T111499.99,DELTA,8,300,12,1000,172,yes,6,1000
2025-05-22T15:02:27.001175,KXBTCD-25MAY2219-T111499.99,DELTA,8,300,12,1000,173,no,6,-5400
2025-05-22T15:02:27.001652,KXBTCD-25MAY2219-T111499.99,DELTA,8,300,12,1000,174,no,8,4050
2025-05-22T15:02:27.059673,KXBTCD-25MAY2219-T111499.99,DELTA,8,300,12,1000,175,no,7,-20000
2025-05-22T15:02:27.099499,KXBTCD-25MAY2219-T111499.99,DELTA,8,300,12,1000,176,no,9,20000
2025-05-22T15:02:27.239769,KXBTCD-25MAY2219-T111499.99,DELTA,8,300,12,1000,177,no,87,-1250
2025-05-22T15:02:28.220579,KXBTCD-25MAY2219-T111499.99,DELTA,8,300,12,1000,178,no,8,-4050
2025-05-22T15:02:28.221080,KXBTCD-25MAY2219-T111499.99,DELTA,8,300,12,1000,179,no,10,3240
2025-05-22T15:02:28.321011,KXBTCD-25MAY2219-T111499.99,DELTA,8,300,12,1000,180,no,9,-20000
2025-05-22T15:02:28.380062,KXBTCD-25MAY2219-T111499.99,DELTA,8,300,12,1000,181,no,11,20000
2025-05-22T15:02:28.560062,KXBTCD-25MAY2219-T111499.99,DELTA,8,300,12,1000,182,no,84,100
2025-05-22T15:02:28.580469,KXBTCD-25MAY2219-T111499.99,DELTA,8,400,12,1000,183,yes,8,100
2025-05-22T15:02:29.139678,KXBTCD-25MAY2219-T111499.99,DELTA,8,400,12,1000,184,no,87,1250
2025-05-22T15:02:29.300190,KXBTCD-25MAY2219-T111499.99,DELTA,8,100,12,1000,185,yes,8,-300
2025-05-22T15:02:29.379704,KXBTCD-25MAY2219-T111499.99,DELTA,8,100,12,1000,186,yes,7,500
2025-05-22T15:02:29.439952,KXBTCD-25MAY2219-T111499.99,DELTA,8,100,12,1000,187,no,10,-3240
2025-05-22T15:02:29.440288,KXBTCD-25MAY2219-T111499.99,DELTA,8,100,12,1000,188,no,12,2700
2025-05-22T15:02:29.499456,KXBTCD-25MAY2219-T111499.99,DELTA,8,100,12,1000,189,no,11,-20000
2025-05-22T15:02:29.539043,KXBTCD-25MAY2219-T111499.99,DELTA,8,100,12,1000,190,no,5,20000
2025-05-22T15:02:30.962924,KXBTCD-25MAY2219-T111499.99,DELTA,8,100,12,1000,191,yes,6,-1000
2025-05-22T15:02:30.963367,KXBTCD-25MAY2219-T111499.99,DELTA,8,100,12,1000,192,no,87,-1250
2025-05-22T15:02:30.999210,KXBTCD-25MAY2219-T111499.99,DELTA,8,100,12,1000,193,yes,7,1000
2025-05-22T15:02:31.141402,KXBTCD-25MAY2219-T111499.99,DELTA,8,100,12,1000,194,no,87,1250
2025-05-22T15:02:31.142499,KXBTCD-25MAY2219-T111499.99,DELTA,8,100,12,1000,195,yes,7,-1000
2025-05-22T15:02:31.180055,KXBTCD-25MAY2219-T111499.99,DELTA,8,100,12,1000,196,yes,6,1000
2025-05-22T15:02:32.941039,KXBTCD-25MAY2219-T111499.99,DELTA,8,114,12,1000,197,yes,8,14
2025-05-22T15:02:32.960401,KXBTCD-25MAY2219-T111499.99,DELTA,8,114,12,1000,198,yes,6,-14
2025-05-22T15:02:32.961166,KXBTCD-25MAY2219-T111499.99,DELTA,8,114,12,1000,199,yes,7,30
2025-05-22T15:02:32.961549,KXBTCD-25MAY2219-T111499.99,DELTA,8,114,12,1000,200,yes,5,-30
2025-05-22T15:02:32.961904,KXBTCD-25MAY2219-T111499.99,DELTA,8,114,12,1000,201,no,83,14
2025-05-22T15:02:32.962222,KXBTCD-25MAY2219-T111499.99,DELTA,8,114,12,1000,202,yes,6,-1000
2025-05-22T15:02:32.962559,KXBTCD-25MAY2219-T111499.99,DELTA,8,114,12,1000,203,no,85,-14
2025-05-22T15:02:32.962858,KXBTCD-25MAY2219-T111499.99,DELTA,8,114,12,1000,204,no,84,-30
2025-05-22T15:02:32.963142,KXBTCD-25MAY2219-T111499.99,DELTA,8,114,12,1000,205,no,82,30
2025-05-22T15:02:32.981191,KXBTCD-25MAY2219-T111499.99,DELTA,8,114,12,1000,206,no,87,-1250
2025-05-22T15:02:33.040993,KXBTCD-25MAY2219-T111499.99,DELTA,8,114,12,1000,207,yes,7,1000
2025-05-22T15:02:33.060152,KXBTCD-25MAY2219-T111499.99,DELTA,8,114,12,1000,208,no,87,-450
2025-05-22T15:02:33.172447,KXBTCD-25MAY2219-T111499.99,DELTA,8,114,12,1000,209,yes,7,-500
2025-05-22T15:02:33.173030,KXBTCD-25MAY2219-T111499.99,DELTA,8,114,16,100,210,no,88,-1000
2025-05-22T15:02:33.201593,KXBTCD-25MAY2219-T111499.99,DELTA,8,114,15,1000,211,no,85,1000
2025-05-22T15:02:33.259666,KXBTCD-25MAY2219-T111499.99,DELTA,9,500,15,1000,212,yes,9,500
2025-05-22T15:02:33.260259,KXBTCD-25MAY2219-T111499.99,DELTA,9,500,14,50,213,no,86,50
2025-05-22T15:02:33.300205,KXBTCD-25MAY2219-T111499.99,DELTA,9,500,14,50,214,no,12,-2700
2025-05-22T15:02:33.300927,KXBTCD-25MAY2219-T111499.99,DELTA,9,500,14,50,215,no,6,5400
2025-05-22T15:02:33.320428,KXBTCD-25MAY2219-T111499.99,DELTA,9,500,15,1000,216,no,86,-50
2025-05-22T15:02:33.341213,KXBTCD-25MAY2219-T111499.99,DELTA,9,500,16,100,217,no,85,-1000
2025-05-22T15:02:33.341820,KXBTCD-25MAY2219-T111499.99,DELTA,9,500,15,500,218,no,85,500
2025-05-22T15:02:33.360963,KXBTCD-25MAY2219-T111499.99,DELTA,9,530,15,500,219,yes,9,30
2025-05-22T15:02:33.361568,KXBTCD-25MAY2219-T111499.99,DELTA,9,530,15,500,220,yes,7,-30
2025-05-22T15:02:33.380032,KXBTCD-25MAY2219-T111499.99,DELTA,9,530,15,500,221,no,82,-30
2025-05-22T15:02:33.380470,KXBTCD-25MAY2219-T111499.99,DELTA,9,530,15,500,222,no,80,30
2025-05-22T15:02:33.420297,KXBTCD-25MAY2219-T111499.99,DELTA,9,530,15,1500,223,no,85,1000
2025-05-22T15:02:33.421167,KXBTCD-25MAY2219-T111499.99,DELTA,9,530,15,1500,224,no,5,-20000
2025-05-22T15:02:33.422036,KXBTCD-25MAY2219-T111499.99,DELTA,9,530,14,1250,225,no,86,1250
2025-05-22T15:02:33.439983,KXBTCD-25MAY2219-T111499.99,DELTA,9,530,14,1250,226,yes,7,-1000
2025-05-22T15:02:33.460886,KXBTCD-25MAY2219-T111499.99,DELTA,9,530,14,1250,227,no,7,20000
2025-05-22T15:02:33.501385,KXBTCD-25MAY2219-T111499.99,DELTA,9,530,14,1250,228,no,51,-2000
2025-05-22T15:02:33.520439,KXBTCD-25MAY2219-T111499.99,DELTA,9,530,14,1250,229,no,85,-1000
2025-05-22T15:02:33.599669,KXBTCD-25MAY2219-T111499.99,DELTA,9,530,14,2250,230,no,86,1000
2025-05-22T15:02:33.599918,KXBTCD-25MAY2219-T111499.99,DELTA,9,530,14,2250,231,no,85,2000
2025-05-22T15:02:33.640746,KXBTCD-25MAY2219-T111499.99,DELTA,10,14,14,2250,232,yes,10,14
2025-05-22T15:02:33.641229,KXBTCD-25MAY2219-T111499.99,DELTA,10,14,14,2250,233,yes,8,-14
2025-05-22T15:02:33.641467,KXBTCD-25MAY2219-T111499.99,DELTA,10,14,14,2250,234,no,81,14
2025-05-22T15:02:33.641569,KXBTCD-25MAY2219-T111499.99,DELTA,10,14,14,2250,235,no,83,-14
2025-05-22T15:02:34.280063,KXBTCD-25MAY2219-T111499.99,DELTA,10,14,14,2250,236,yes,8,-100
2025-05-22T15:02:34.440234,KXBTCD-25MAY2219-T111499.99,DELTA,10,14,14,2250,237,no,85,-2000
2025-05-22T15:02:34.479696,KXBTCD-25MAY2219-T111499.99,DELTA,10,14,14,4250,238,no,86,2000
2025-05-22T15:02:34.540612,KXBTCD-25MAY2219-T111499.99,DELTA,10,14,14,4250,239,yes,9,-500
2025-05-22T15:02:34.579295,KXBTCD-25MAY2219-T111499.99,DELTA,10,14,14,4250,240,no,85,-500
2025-05-22T15:02:34.640397,KXBTCD-25MAY2219-T111499.99,DELTA,10,14,14,2250,241,no,86,-2000
2025-05-22T15:02:34.664079,KXBTCD-25MAY2219-T111499.99,DELTA,10,14,14,1250,242,no,86,-1000
2025-05-22T15:02:34.664643,KXBTCD-25MAY2219-T111499.99,DELTA,10,14,16,100,243,no,86,-1250
2025-05-22T15:02:34.665195,KXBTCD-25MAY2219-T111499.99,DELTA,10,14,16,100,244,yes,8,500
2025-05-22T15:02:34.679575,KXBTCD-25MAY2219-T111499.99,DELTA,10,14,13,100,245,no,87,100
2025-05-22T15:02:34.720156,KXBTCD-25MAY2219-T111499.99,DELTA,10,14,13,100,246,no,85,1000
2025-05-22T15:02:34.720507,KXBTCD-25MAY2219-T111499.99,DELTA,10,14,13,100,247,no,51,2000
2025-05-22T15:02:34.759651,KXBTCD-25MAY2219-T111499.99,DELTA,10,14,13,100,248,no,85,-1000
2025-05-22T15:02:34.819388,KXBTCD-25MAY2219-T111499.99,DELTA,10,14,12,1000,249,no,88,1000
2025-05-22T15:02:35.239913,KXBTCD-25MAY2219-T111499.99,DELTA,10,14,12,1000,250,no,87,-100
2025-05-22T15:02:35.279234,KXBTCD-25MAY2219-T111499.99,DELTA,10,14,12,1000,251,no,87,250
2025-05-22T15:02:35.298992,KXBTCD-25MAY2219-T111499.99,DELTA,10,14,13,250,252,no,88,-1000
2025-05-22T15:02:35.339633,KXBTCD-25MAY2219-T111499.99,DELTA,10,14,13,1500,253,no,87,1250
2025-05-22T15:02:35.359733,KXBTCD-25MAY2219-T111499.99,DELTA,10,14,12,1000,254,no,88,1000
2025-05-22T15:02:35.680135,KXBTCD-25MAY2219-T111499.99,DELTA,10,14,12,1000,255,no,6,-5400
2025-05-22T15:02:35.681008,KXBTCD-25MAY2219-T111499.99,DELTA,10,14,12,1000,256,no,40,810
2025-05-22T15:02:35.740997,KXBTCD-25MAY2219-T111499.99,DELTA,10,14,12,1000,257,no,7,-20000
2025-05-22T15:02:35.781207,KXBTCD-25MAY2219-T111499.99,DELTA,10,14,12,1000,258,no,5,20000
2025-05-22T15:02:35.939846,KXBTCD-25MAY2219-T111499.99,DELTA,10,14,12,1000,259,yes,7,14
2025-05-22T15:02:35.940138,KXBTCD-25MAY2219-T111499.99,DELTA,9,30,12,1000,260,yes,10,-14
2025-05-22T15:02:35.940251,KXBTCD-25MAY2219-T111499.99,DELTA,9,30,12,1000,261,no,84,14
2025-05-22T15:02:35.960146,KXBTCD-25MAY2219-T111499.99,DELTA,9,30,12,1000,262,no,81,-14
2025-05-22T15:02:36.479475,KXBTCD-25MAY2219-T111499.99,DELTA,9,30,12,1000,263,yes,6,30
2025-05-22T15:02:36.479824,KXBTCD-25MAY2219-T111499.99,DELTA,8,500,12,1000,264,yes,9,-30
2025-05-22T15:02:36.479942,KXBTCD-25MAY2219-T111499.99,DELTA,8,500,12,1000,265,no,80,-30
2025-05-22T15:02:36.480119,KXBTCD-25MAY2219-T111499.99,DELTA,8,500,12,1000,266,no,83,30
2025-05-22T15:02:36.539291,KXBTCD-25MAY2219-T111499.99,DELTA,8,500,12,1000,267,yes,6,1000
2025-05-22T15:02:37.021168,KXBTCD-25MAY2219-T111499.99,DELTA,8,600,12,1000,268,yes,8,100
2025-05-22T15:02:37.260177,KXBTCD-25MAY2219-T111499.99,DELTA,8,600,12,970,269,no,88,-30
2025-05-22T15:02:37.260441,KXBTCD-25MAY2219-T111499.99,DELTA,8,600,12,970,270,yes,6,-30
2025-05-22T15:02:37.260597,KXBTCD-25MAY2219-T111499.99,DELTA,8,600,12,970,271,no,83,-30
2025-05-22T15:02:37.260773,KXBTCD-25MAY2219-T111499.99,DELTA,8,600,12,970,272,no,76,30
2025-05-22T15:02:37.320174,KXBTCD-25MAY2219-T111499.99,DELTA,8,600,12,970,273,yes,6,-1000
2025-05-22T15:02:37.320518,KXBTCD-25MAY2219-T111499.99,DELTA,8,600,12,970,274,no,76,-30
2025-05-22T15:02:37.320695,KXBTCD-25MAY2219-T111499.99,DELTA,9,30,12,970,275,yes,9,30
2025-05-22T15:02:37.340080,KXBTCD-25MAY2219-T111499.99,DELTA,9,30,12,970,276,no,79,30
2025-05-22T15:02:37.479804,KXBTCD-25MAY2219-T111499.99,DELTA,9,30,12,970,277,yes,7,-14
2025-05-22T15:02:37.480084,KXBTCD-25MAY2219-T111499.99,DELTA,9,30,12,956,278,no,88,-14
2025-05-22T15:02:37.480225,KXBTCD-25MAY2219-T111499.99,DELTA,9,30,12,956,279,no,84,-14
2025-05-22T15:02:37.499054,KXBTCD-25MAY2219-T111499.99,DELTA,9,30,12,956,280,no,77,14
2025-05-22T15:02:37.560609,KXBTCD-25MAY2219-T111499.99,DELTA,10,14,12,956,281,yes,10,14
2025-05-22T15:02:37.560918,KXBTCD-25MAY2219-T111499.99,DELTA,10,14,12,956,282,no,77,-14
2025-05-22T15:02:37.561105,KXBTCD-25MAY2219-T111499.99,DELTA,10,14,12,956,283,no,80,14
2025-05-22T15:02:41.499642,KXBTCD-25MAY2219-T111499.99,DELTA,10,14,12,921,284,no,88,-35
2025-05-22T15:02:42.737301,KXBTCD-25MAY2219-T111499.99,DELTA,10,14,12,921,285,no,87,-1250
2025-05-22T15:02:42.780884,KXBTCD-25MAY2219-T111499.99,DELTA,10,14,12,921,286,no,87,-250
2025-05-22T15:02:42.821238,KXBTCD-25MAY2219-T111499.99,DELTA,10,14,12,921,287,no,86,500
2025-05-22T15:02:42.839593,KXBTCD-25MAY2219-T111499.99,DELTA,10,14,14,500,288,no,88,-921
2025-05-22T15:02:42.940211,KXBTCD-25MAY2219-T111499.99,DELTA,10,14,13,1000,289,no,87,1000
2025-05-22T15:02:42.940706,KXBTCD-25MAY2219-T111499.99,DELTA,10,14,13,1000,290,no,86,1250
2025-05-22T15:02:43.120519,KXBTCD-25MAY2219-T111499.99,DELTA,10,14,13,1000,291,yes,8,-100
2025-05-22T15:02:44.539612,KXBTCD-25MAY2219-T111499.99,DELTA,10,14,13,1000,292,yes,8,100
2025-05-22T15:02:44.781866,KXBTCD-25MAY2219-T111499.99,DELTA,10,14,13,1000,293,yes,8,-100
2025-05-22T15:02:47.036828,KXBTCD-25MAY2219-T111499.99,DELTA,10,14,13,1000,294,yes,9,100
2025-05-22T15:02:47.641050,KXBTCD-25MAY2219-T111499.99,DELTA,10,44,13,1000,295,yes,10,30
2025-05-22T15:02:47.641868,KXBTCD-25MAY2219-T111499.99,DELTA,10,44,13,1000,296,yes,9,-30
2025-05-22T15:02:47.642395,KXBTCD-25MAY2219-T111499.99,DELTA,10,30,13,1000,297,yes,10,-14
2025-05-22T15:02:47.660665,KXBTCD-25MAY2219-T111499.99,DELTA,12,14,13,1000,298,yes,12,14
2025-05-22T15:02:47.661351,KXBTCD-25MAY2219-T111499.99,DELTA,12,14,13,1000,299,no,78,30
2025-05-22T15:02:47.661727,KXBTCD-25MAY2219-T111499.99,DELTA,12,14,13,1000,300,no,80,-14
2025-05-22T15:02:47.662003,KXBTCD-25MAY2219-T111499.99,DELTA,12,14,13,1000,301,no,79,-30
2025-05-22T15:02:47.662229,KXBTCD-25MAY2219-T111499.99,DELTA,12,14,13,1000,302,no,78,14
2025-05-22T15:02:49.084831,KXBTCD-25MAY2219-T111499.99,DELTA,12,14,13,1000,303,yes,9,-100
2025-05-22T15:02:49.086190,KXBTCD-25MAY2219-T111499.99,DELTA,12,14,13,1000,304,no,84,-100
2025-05-22T15:02:51.261768,KXBTCD-25MAY2219-T111499.99,DELTA,12,14,13,1000,305,yes,10,100
2025-05-22T15:02:51.280231,KXBTCD-25MAY2219-T111499.99,DELTA,12,14,13,1000,306,no,82,100
2025-05-22T15:02:52.834267,KXBTCD-25MAY2219-T111499.99,DELTA,12,14,13,1000,307,yes,8,1000
2025-05-22T15:02:52.835232,KXBTCD-25MAY2219-T111499.99,DELTA,12,14,13,1000,308,no,86,-1250
2025-05-22T15:02:52.920998,KXBTCD-25MAY2219-T111499.99,DELTA,12,14,13,1000,309,yes,8,-500
2025-05-22T15:02:52.921571,KXBTCD-25MAY2219-T111499.99,DELTA,12,14,13,1000,310,no,86,-500
2025-05-22T15:02:52.981516,KXBTCD-25MAY2219-T111499.99,DELTA,12,14,13,1000,311,yes,8,-1000
2025-05-22T15:02:53.000783,KXBTCD-25MAY2219-T111499.99,DELTA,12,14,18,100,312,no,87,-1000
2025-05-22T15:02:53.021895,KXBTCD-25MAY2219-T111499.99,DELTA,12,14,18,100,313,yes,10,250
2025-05-22T15:02:53.022617,KXBTCD-25MAY2219-T111499.99,DELTA,12,14,15,250,314,no,85,250
2025-05-22T15:02:53.060938,KXBTCD-25MAY2219-T111499.99,DELTA,12,14,15,250,315,no,83,1000
2025-05-22T15:02:53.080378,KXBTCD-25MAY2219-T111499.99,DELTA,12,14,15,1500,316,no,85,1250
2025-05-22T15:02:53.100001,KXBTCD-25MAY2219-T111499.99,DELTA,12,14,15,1250,317,no,85,-250
2025-05-22T15:02:53.120234,KXBTCD-25MAY2219-T111499.99,DELTA,12,14,15,1250,318,no,83,-1000
2025-05-22T15:02:53.160637,KXBTCD-25MAY2219-T111499.99,DELTA,12,14,15,1250,319,no,84,400
2025-05-22T15:02:53.180477,KXBTCD-25MAY2219-T111499.99,DELTA,12,14,15,1250,320,no,83,1000
2025-05-22T15:02:53.200761,KXBTCD-25MAY2219-T111499.99,DELTA,12,14,16,400,321,no,85,-1250
2025-05-22T15:02:53.259484,KXBTCD-25MAY2219-T111499.99,DELTA,12,14,15,1250,322,no,85,1250
2025-05-22T15:02:53.260017,KXBTCD-25MAY2219-T111499.99,DELTA,12,14,15,1250,323,no,51,-2000
2025-05-22T15:02:53.260306,KXBTCD-25MAY2219-T111499.99,DELTA,12,14,15,1250,324,no,83,-1000
2025-05-22T15:02:53.300556,KXBTCD-25MAY2219-T111499.99,DELTA,12,14,15,2250,325,no,85,1000
2025-05-22T15:02:53.301318,KXBTCD-25MAY2219-T111499.99,DELTA,12,14,15,2250,326,no,84,2000
2025-05-22T15:02:53.799103,KXBTCD-25MAY2219-T111499.99,DELTA,12,14,15,2250,327,yes,10,-100
2025-05-22T15:02:53.940625,KXBTCD-25MAY2219-T111499.99,DELTA,12,14,15,2250,328,yes,4,9
2025-05-22T15:02:54.359378,KXBTCD-25MAY2219-T111499.99,DELTA,12,44,15,2250,329,yes,12,30
2025-05-22T15:02:54.360138,KXBTCD-25MAY2219-T111499.99,DELTA,12,44,15,2250,330,yes,10,-30
2025-05-22T15:02:54.379449,KXBTCD-25MAY2219-T111499.99,DELTA,12,44,15,2250,331,no,76,30
2025-05-22T15:02:54.380123,KXBTCD-25MAY2219-T111499.99,DELTA,12,44,15,2250,332,no,78,-30
2025-05-22T15:02:54.459099,KXBTCD-25MAY2219-T111499.99,DELTA,14,14,15,2250,333,yes,14,14
2025-05-22T15:02:54.459621,KXBTCD-25MAY2219-T111499.99,DELTA,14,14,15,2250,334,yes,12,-14
2025-05-22T15:02:54.460081,KXBTCD-25MAY2219-T111499.99,DELTA,14,14,15,2250,335,no,76,14
2025-05-22T15:02:54.478991,KXBTCD-25MAY2219-T111499.99,DELTA,14,14,15,2250,336,no,78,-14
2025-05-22T15:02:54.960208,KXBTCD-25MAY2219-T111499.99,DELTA,14,14,15,2250,337,no,84,-2000
2025-05-22T15:02:54.960824,KXBTCD-25MAY2219-T111499.99,DELTA,14,14,15,1000,338,no,85,-1250
2025-05-22T15:02:55.041295,KXBTCD-25MAY2219-T111499.99,DELTA,14,14,15,1000,339,no,51,2000
2025-05-22T15:02:55.041881,KXBTCD-25MAY2219-T111499.99,DELTA,14,14,15,1000,340,no,84,1250
2025-05-22T15:02:55.601603,KXBTCD-25MAY2219-T111499.99,DELTA,14,14,15,1000,341,yes,11,100
2025-05-22T15:02:57.541350,KXBTCD-25MAY2219-T111499.99,DELTA,14,14,15,1000,342,no,51,-2000
2025-05-22T15:02:57.561376,KXBTCD-25MAY2219-T111499.99,DELTA,14,14,15,1000,343,no,84,-1250
2025-05-22T15:02:57.619810,KXBTCD-25MAY2219-T111499.99,DELTA,14,14,15,1000,344,no,84,1250
2025-05-22T15:02:57.620100,KXBTCD-25MAY2219-T111499.99,DELTA,14,14,15,1000,345,no,51,2000
2025-05-22T15:02:57.960501,KXBTCD-25MAY2219-T111499.99,DELTA,14,14,15,1000,346,yes,11,-100
2025-05-22T15:02:57.980294,KXBTCD-25MAY2219-T111499.99,DELTA,14,14,15,1000,347,no,82,-100
2025-05-22T15:02:58.840338,KXBTCD-25MAY2219-T111499.99,DELTA,14,14,15,1000,348,no,51,-2000
2025-05-22T15:02:58.840827,KXBTCD-25MAY2219-T111499.99,DELTA,14,14,15,1000,349,no,84,-1250
2025-05-22T15:02:58.899950,KXBTCD-25MAY2219-T111499.99,DELTA,14,14,15,2250,350,no,85,1250
2025-05-22T15:02:58.900254,KXBTCD-25MAY2219-T111499.99,DELTA,14,14,15,2250,351,no,84,2000
2025-05-22T15:02:59.941269,KXBTCD-25MAY2219-T111499.99,DELTA,14,14,15,2250,352,yes,11,100
2025-05-22T15:02:59.941687,KXBTCD-25MAY2219-T111499.99,DELTA,14,14,15,2250,353,no,81,100
2025-05-22T15:03:00.965166,KXBTCD-25MAY2219-T111499.99,DELTA,14,14,15,2250,354,yes,11,-100
2025-05-22T15:03:02.462435,KXBTCD-25MAY2219-T111499.99,DELTA,14,14,15,2250,355,yes,11,100
2025-05-22T15:03:03.321403,KXBTCD-25MAY2219-T111499.99,DELTA,14,14,15,2250,356,no,84,-2000
2025-05-22T15:03:03.340563,KXBTCD-25MAY2219-T111499.99,DELTA,14,14,15,1000,357,no,85,-1250
2025-05-22T15:03:03.440764,KXBTCD-25MAY2219-T111499.99,DELTA,14,14,15,1000,358,no,84,1250
2025-05-22T15:03:03.441024,KXBTCD-25MAY2219-T111499.99,DELTA,14,14,15,1000,359,no,51,2000
2025-05-22T15:03:03.741510,KXBTCD-25MAY2219-T111499.99,DELTA,14,14,15,1000,360,no,84,-400
2025-05-22T15:03:03.762105,KXBTCD-25MAY2219-T111499.99,DELTA,14,14,15,1000,361,no,83,450
2025-05-22T15:03:03.800825,KXBTCD-25MAY2219-T111499.99,DELTA,14,14,16,1250,362,no,85,-1000
2025-05-22T15:03:03.801125,KXBTCD-25MAY2219-T111499.99,DELTA,14,14,17,450,363,no,84,-1250
2025-05-22T15:03:03.862367,KXBTCD-25MAY2219-T111499.99,DELTA,14,14,16,1000,364,no,84,1000
2025-05-22T15:03:03.862776,KXBTCD-25MAY2219-T111499.99,DELTA,14,14,16,1000,365,no,51,-2000
2025-05-22T15:03:03.901815,KXBTCD-25MAY2219-T111499.99,DELTA,14,14,16,2250,366,no,84,1250
2025-05-22T15:03:03.902349,KXBTCD-25MAY2219-T111499.99,DELTA,14,14,16,2250,367,no,83,2000
2025-05-22T15:03:04.002933,KXBTCD-25MAY2219-T111499.99,DELTA,14,14,16,2250,368,yes,10,-250
2025-05-22T15:03:04.022547,KXBTCD-25MAY2219-T111499.99,DELTA,14,14,16,2250,369,yes,10,1000
2025-05-22T15:03:04.023179,KXBTCD-25MAY2219-T111499.99,DELTA,14,14,16,2250,370,no,83,-2000
2025-05-22T15:03:04.042102,KXBTCD-25MAY2219-T111499.99,DELTA,14,14,16,1000,371,no,84,-1250
2025-05-22T15:03:04.061006,KXBTCD-25MAY2219-T111499.99,DELTA,14,14,16,1000,372,yes,12,100
2025-05-22T15:03:04.083561,KXBTCD-25MAY2219-T111499.99,DELTA,14,14,16,1000,373,no,5,-20000
2025-05-22T15:03:04.084605,KXBTCD-25MAY2219-T111499.99,DELTA,14,14,17,450,374,no,84,-1000
2025-05-22T15:03:04.085209,KXBTCD-25MAY2219-T111499.99,DELTA,14,14,17,450,375,yes,10,-1000
2025-05-22T15:03:04.122187,KXBTCD-25MAY2219-T111499.99,DELTA,14,14,17,450,376,yes,12,-30
2025-05-22T15:03:04.122822,KXBTCD-25MAY2219-T111499.99,DELTA,12,100,17,450,377,yes,14,-14
2025-05-22T15:03:04.123328,KXBTCD-25MAY2219-T111499.99,DELTA,11,100,17,450,378,yes,12,-100
2025-05-22T15:03:04.123802,KXBTCD-25MAY2219-T111499.99,DELTA,15,14,17,450,379,yes,15,14
2025-05-22T15:03:04.124267,KXBTCD-25MAY2219-T111499.99,DELTA,15,14,17,450,380,yes,14,30
2025-05-22T15:03:04.124743,KXBTCD-25MAY2219-T111499.99,DELTA,15,14,17,450,381,no,76,-14
2025-05-22T15:03:04.125173,KXBTCD-25MAY2219-T111499.99,DELTA,15,14,17,450,382,no,76,-30
2025-05-22T15:03:04.125541,KXBTCD-25MAY2219-T111499.99,DELTA,15,14,17,450,383,no,75,14
2025-05-22T15:03:04.140974,KXBTCD-25MAY2219-T111499.99,DELTA,15,14,17,450,384,no,74,30
2025-05-22T15:03:04.182967,KXBTCD-25MAY2219-T111499.99,DELTA,15,14,17,450,385,yes,12,400
2025-05-22T15:03:04.261815,KXBTCD-25MAY2219-T111499.99,DELTA,15,14,17,450,386,no,51,2000
2025-05-22T15:03:04.300410,KXBTCD-25MAY2219-T111499.99,DELTA,15,14,19,100,387,no,83,-450
2025-05-22T15:03:04.361430,KXBTCD-25MAY2219-T111499.99,DELTA,15,14,19,100,388,yes,12,-400
2025-05-22T15:03:04.598720,KXBTCD-25MAY2219-T111499.99,DELTA,15,14,19,100,389,yes,11,1000
2025-05-22T15:03:04.800121,KXBTCD-25MAY2219-T111499.99,DELTA,15,14,19,100,390,yes,14,250
2025-05-22T15:03:04.801023,KXBTCD-25MAY2219-T111499.99,DELTA,15,14,19,250,391,no,81,150
2025-05-22T15:03:04.801972,KXBTCD-25MAY2219-T111499.99,DELTA,15,14,19,250,392,yes,11,-100
2025-05-22T15:03:04.803402,KXBTCD-25MAY2219-T111499.99,DELTA,15,14,18,1000,393,no,82,1000
2025-05-22T15:03:04.902633,KXBTCD-25MAY2219-T111499.99,DELTA,15,14,18,1000,394,yes,11,-1000
2025-05-22T15:03:04.922821,KXBTCD-25MAY2219-T111499.99,DELTA,15,14,18,1000,395,no,51,-2000
2025-05-22T15:03:05.162886,KXBTCD-25MAY2219-T111499.99,DELTA,15,14,18,1000,396,no,81,1250
2025-05-22T15:03:05.163681,KXBTCD-25MAY2219-T111499.99,DELTA,15,14,18,1000,397,no,51,2000
2025-05-22T15:03:05.721664,KXBTCD-25MAY2219-T111499.99,DELTA,15,14,18,1000,398,no,81,-100
2025-05-22T15:03:05.781435,KXBTCD-25MAY2219-T111499.99,DELTA,15,14,18,1000,399,no,81,-1250
2025-05-22T15:03:05.962795,KXBTCD-25MAY2219-T111499.99,DELTA,15,14,18,1000,400,yes,14,-30
2025-05-22T15:03:05.963087,KXBTCD-25MAY2219-T111499.99,DELTA,15,14,18,1000,401,yes,11,30
2025-05-22T15:03:05.963197,KXBTCD-25MAY2219-T111499.99,DELTA,15,14,18,1000,402,no,77,30
2025-05-22T15:03:05.963277,KXBTCD-25MAY2219-T111499.99,DELTA,15,14,18,1000,403,no,74,-30
2025-05-22T15:03:06.022495,KXBTCD-25MAY2219-T111499.99,DELTA,15,14,18,1000,404,yes,12,1000
2025-05-22T15:03:06.062100,KXBTCD-25MAY2219-T111499.99,DELTA,14,250,18,1000,405,yes,15,-14
2025-05-22T15:03:06.062355,KXBTCD-25MAY2219-T111499.99,DELTA,14,250,18,1000,406,yes,13,14
2025-05-22T15:03:06.083003,KXBTCD-25MAY2219-T111499.99,DELTA,14,250,18,1000,407,no,77,14
2025-05-22T15:03:06.083317,KXBTCD-25MAY2219-T111499.99,DELTA,14,250,18,1000,408,no,75,-14
2025-05-22T15:03:06.642138,KXBTCD-25MAY2219-T111499.99,DELTA,14,250,18,1000,409,no,81,-150
2025-05-22T15:03:06.682744,KXBTCD-25MAY2219-T111499.99,DELTA,14,250,18,1000,410,no,80,400
2025-05-22T15:03:06.702320,KXBTCD-25MAY2219-T111499.99,DELTA,14,250,20,400,411,no,82,-1000
2025-05-22T15:03:06.742098,KXBTCD-25MAY2219-T111499.99,DELTA,14,250,20,400,412,yes,4,-9
2025-05-22T15:03:06.781637,KXBTCD-25MAY2219-T111499.99,DELTA,14,250,20,400,413,no,51,-2000
2025-05-22T15:03:06.781957,KXBTCD-25MAY2219-T111499.99,DELTA,14,250,19,1000,414,no,81,1000
2025-05-22T15:03:06.782076,KXBTCD-25MAY2219-T111499.99,DELTA,14,250,19,1000,415,no,40,-810
2025-05-22T15:03:06.782167,KXBTCD-25MAY2219-T111499.99,DELTA,14,250,19,1000,416,no,5,6480
2025-05-22T15:03:06.821335,KXBTCD-25MAY2219-T111499.99,DELTA,14,250,19,1000,417,no,80,1250
2025-05-22T15:03:06.821480,KXBTCD-25MAY2219-T111499.99,DELTA,14,250,19,1000,418,no,51,2000
2025-05-22T15:03:06.881594,KXBTCD-25MAY2219-T111499.99,DELTA,14,350,19,1000,419,yes,14,100
2025-05-22T15:03:06.921957,KXBTCD-25MAY2219-T111499.99,DELTA,14,350,19,1000,420,no,51,-2000
2025-05-22T15:03:06.922103,KXBTCD-25MAY2219-T111499.99,DELTA,14,350,19,1000,421,no,80,-1250
2025-05-22T15:03:07.021571,KXBTCD-25MAY2219-T111499.99,DELTA,14,350,19,2250,422,no,81,1250
2025-05-22T15:03:07.021792,KXBTCD-25MAY2219-T111499.99,DELTA,14,350,19,2250,423,no,80,2000
2025-05-22T15:03:07.281306,KXBTCD-25MAY2219-T111499.99,DELTA,14,250,19,2250,424,yes,14,-100
2025-05-22T15:03:07.281538,KXBTCD-25MAY2219-T111499.99,DELTA,14,250,19,2250,425,no,6,20000
2025-05-22T15:03:07.891003,KXBTCD-25MAY2219-T111499.99,DELTA,14,250,19,2250,426,no,77,100
2025-05-22T15:03:08.182042,KXBTCD-25MAY2219-T111499.99,DELTA,14,250,19,2250,427,no,5,-6480
2025-05-22T15:03:08.182423,KXBTCD-25MAY2219-T111499.99,DELTA,14,250,19,2250,428,no,7,4628
2025-05-22T15:03:08.242211,KXBTCD-25MAY2219-T111499.99,DELTA,14,250,19,2250,429,no,6,-20000
2025-05-22T15:03:08.282216,KXBTCD-25MAY2219-T111499.99,DELTA,14,250,19,2250,430,no,8,20000
2025-05-22T15:03:08.522744,KXBTCD-25MAY2219-T111499.99,DELTA,14,250,19,2250,431,no,77,-100
2025-05-22T15:03:09.262167,KXBTCD-25MAY2219-T111499.99,DELTA,15,100,19,2250,432,yes,15,100
2025-05-22T15:03:09.382337,KXBTCD-25MAY2219-T111499.99,DELTA,15,100,19,2250,433,no,7,-4628
2025-05-22T15:03:09.383158,KXBTCD-25MAY2219-T111499.99,DELTA,15,100,19,2250,434,no,9,3600
2025-05-22T15:03:09.501830,KXBTCD-25MAY2219-T111499.99,DELTA,15,100,19,2250,435,no,8,-20000
2025-05-22T15:03:09.561827,KXBTCD-25MAY2219-T111499.99,DELTA,15,100,19,2250,436,no,10,20000
2025-05-22T15:03:10.486197,KXBTCD-25MAY2219-T111499.99,DELTA,15,100,19,2250,437,no,77,100
2025-05-22T15:03:10.602444,KXBTCD-25MAY2219-T111499.99,DELTA,15,100,19,2250,438,no,9,-3600
2025-05-22T15:03:10.603529,KXBTCD-25MAY2219-T111499.99,DELTA,15,100,19,2250,439,no,11,2945
2025-05-22T15:03:10.664974,KXBTCD-25MAY2219-T111499.99,DELTA,15,100,19,2250,440,no,10,-20000
2025-05-22T15:03:10.701262,KXBTCD-25MAY2219-T111499.99,DELTA,15,100,19,2250,441,no,5,20000
2025-05-22T15:03:11.062828,KXBTCD-25MAY2219-T111499.99,DELTA,15,100,19,2250,442,no,11,-2945
2025-05-22T15:03:12.781643,KXBTCD-25MAY2219-T111499.99,DELTA,14,250,19,2250,443,yes,15,-100
2025-05-22T15:03:15.183915,KXBTCD-25MAY2219-T111499.99,DELTA,15,100,19,2250,444,yes,15,100
2025-05-22T15:03:16.202085,KXBTCD-25MAY2219-T111499.99,DELTA,14,250,19,2250,445,yes,15,-100
2025-05-22T15:03:16.502472,KXBTCD-25MAY2219-T111499.99,DELTA,14,250,19,2250,446,no,80,-2000
2025-05-22T15:03:16.582619,KXBTCD-25MAY2219-T111499.99,DELTA,14,250,19,1000,447,no,81,-1250
2025-05-22T15:03:16.684648,KXBTCD-25MAY2219-T111499.99,DELTA,14,250,19,1000,448,no,80,1250
2025-05-22T15:03:16.685022,KXBTCD-25MAY2219-T111499.99,DELTA,14,250,19,1000,449,no,51,2000
2025-05-22T15:03:17.922764,KXBTCD-25MAY2219-T111499.99,DELTA,16,100,19,1000,450,yes,16,100
2025-05-22T15:03:19.502528,KXBTCD-25MAY2219-T111499.99,DELTA,16,100,19,1000,451,no,6,5400
2025-05-22T15:03:19.563271,KXBTCD-25MAY2219-T111499.99,DELTA,16,100,19,1000,452,no,5,-20000
2025-05-22T15:03:19.602744,KXBTCD-25MAY2219-T111499.99,DELTA,16,100,19,1000,453,no,7,20000
2025-05-22T15:03:20.103069,KXBTCD-25MAY2219-T111499.99,DELTA,16,100,19,1000,454,no,51,-2000
2025-05-22T15:03:20.142933,KXBTCD-25MAY2219-T111499.99,DELTA,16,100,19,1000,455,no,80,2000
2025-05-22T15:03:20.283611,KXBTCD-25MAY2219-T111499.99,DELTA,16,100,19,1000,456,no,80,-1250
2025-05-22T15:03:20.322906,KXBTCD-25MAY2219-T111499.99,DELTA,16,100,19,1000,457,yes,12,-1000
2025-05-22T15:03:20.363283,KXBTCD-25MAY2219-T111499.99,DELTA,16,100,19,1000,458,no,80,-2000
2025-05-22T15:03:20.363435,KXBTCD-25MAY2219-T111499.99,DELTA,16,100,19,2250,459,no,81,1250
2025-05-22T15:03:20.402741,KXBTCD-25MAY2219-T111499.99,DELTA,16,100,19,2250,460,yes,11,1000
2025-05-22T15:03:20.442631,KXBTCD-25MAY2219-T111499.99,DELTA,16,100,19,2250,461,yes,14,-250
2025-05-22T15:03:20.462804,KXBTCD-25MAY2219-T111499.99,DELTA,16,100,19,2250,462,no,80,-400
2025-05-22T15:03:20.502901,KXBTCD-25MAY2219-T111499.99,DELTA,16,100,19,4250,463,no,81,2000
2025-05-22T15:03:20.523298,KXBTCD-25MAY2219-T111499.99,DELTA,16,100,19,3250,464,no,81,-1000
2025-05-22T15:03:20.542454,KXBTCD-25MAY2219-T111499.99,DELTA,16,100,19,2000,465,no,81,-1250
2025-05-22T15:03:20.584212,KXBTCD-25MAY2219-T111499.99,DELTA,16,100,23,144,466,no,81,-2000
2025-05-22T15:03:20.584387,KXBTCD-25MAY2219-T111499.99,DELTA,16,100,23,144,467,yes,13,300
2025-05-22T15:03:20.584459,KXBTCD-25MAY2219-T111499.99,DELTA,16,100,18,150,468,no,82,150
2025-05-22T15:03:20.603273,KXBTCD-25MAY2219-T111499.99,DELTA,16,100,18,150,469,no,78,1000
2025-05-22T15:03:20.623115,KXBTCD-25MAY2219-T111499.99,DELTA,16,100,18,150,470,no,51,2000
2025-05-22T15:03:20.683203,KXBTCD-25MAY2219-T111499.99,DELTA,16,100,18,150,471,yes,11,-1000
2025-05-22T15:03:20.702963,KXBTCD-25MAY2219-T111499.99,DELTA,16,100,18,150,472,no,51,-2000
2025-05-22T15:03:20.723037,KXBTCD-25MAY2219-T111499.99,DELTA,16,100,18,150,473,no,78,-1000
2025-05-22T15:03:20.782793,KXBTCD-25MAY2219-T111499.99,DELTA,16,100,18,2150,474,no,82,2000
2025-05-22T15:03:20.782948,KXBTCD-25MAY2219-T111499.99,DELTA,16,100,17,1000,475,no,83,1000
2025-05-22T15:03:20.803385,KXBTCD-25MAY2219-T111499.99,DELTA,16,100,17,1000,476,yes,13,-300
2025-05-22T15:03:20.803518,KXBTCD-25MAY2219-T111499.99,DELTA,16,100,17,1000,477,no,82,-150
2025-05-22T15:03:20.862758,KXBTCD-25MAY2219-T111499.99,DELTA,16,100,17,1000,478,yes,13,50
2025-05-22T15:03:20.862931,KXBTCD-25MAY2219-T111499.99,DELTA,16,100,17,1000,479,no,82,-2000
2025-05-22T15:03:20.862999,KXBTCD-25MAY2219-T111499.99,DELTA,16,100,23,144,480,no,83,-1000
2025-05-22T15:03:20.863054,KXBTCD-25MAY2219-T111499.99,DELTA,16,100,18,350,481,no,82,350
2025-05-22T15:03:20.922419,KXBTCD-25MAY2219-T111499.99,DELTA,16,100,18,350,482,yes,13,-50
2025-05-22T15:03:20.943368,KXBTCD-25MAY2219-T111499.99,DELTA,16,100,18,350,483,no,78,1000
2025-05-22T15:03:20.963793,KXBTCD-25MAY2219-T111499.99,DELTA,16,100,18,350,484,no,51,2000
2025-05-22T15:03:20.963957,KXBTCD-25MAY2219-T111499.99,DELTA,16,100,17,1250,485,no,83,1250
2025-05-22T15:03:20.964045,KXBTCD-25MAY2219-T111499.99,DELTA,16,100,17,1250,486,yes,13,150
2025-05-22T15:03:21.003840,KXBTCD-25MAY2219-T111499.99,DELTA,16,100,17,1250,487,no,51,-2000
2025-05-22T15:03:21.003977,KXBTCD-25MAY2219-T111499.99,DELTA,16,100,17,1250,488,no,78,-1000
2025-05-22T15:03:21.064177,KXBTCD-25MAY2219-T111499.99,DELTA,16,100,17,1250,489,no,82,2000
2025-05-22T15:03:21.064716,KXBTCD-25MAY2219-T111499.99,DELTA,16,100,17,2250,490,no,83,1000
2025-05-22T15:03:21.143669,KXBTCD-25MAY2219-T111499.99,DELTA,13,164,17,2250,491,yes,16,-100
2025-05-22T15:03:21.164487,KXBTCD-25MAY2219-T111499.99,DELTA,13,164,17,2250,492,no,77,-100
2025-05-22T15:03:21.164605,KXBTCD-25MAY2219-T111499.99,DELTA,13,164,17,2250,493,yes,4,9
2025-05-22T15:03:21.543163,KXBTCD-25MAY2219-T111499.99,DELTA,13,164,17,2250,494,no,6,-5400
2025-05-22T15:03:21.543337,KXBTCD-25MAY2219-T111499.99,DELTA,13,164,17,2250,495,no,8,4050
2025-05-22T15:03:21.603030,KXBTCD-25MAY2219-T111499.99,DELTA,13,164,17,2250,496,yes,11,1000
2025-05-22T15:03:21.603245,KXBTCD-25MAY2219-T111499.99,DELTA,13,164,17,2250,497,no,82,-2000
2025-05-22T15:03:21.603616,KXBTCD-25MAY2219-T111499.99,DELTA,13,164,17,1000,498,no,83,-1250
2025-05-22T15:03:21.663868,KXBTCD-25MAY2219-T111499.99,DELTA,13,164,17,1000,499,no,51,2000
2025-05-22T15:03:21.664010,KXBTCD-25MAY2219-T111499.99,DELTA,13,164,17,1000,500,no,7,-20000
2025-05-22T15:03:21.664089,KXBTCD-25MAY2219-T111499.99,DELTA,13,164,17,1000,501,no,82,1250
2025-05-22T15:03:21.702733,KXBTCD-25MAY2219-T111499.99,DELTA,13,164,17,1000,502,no,9,20000
2025-05-22T15:03:21.783873,KXBTCD-25MAY2219-T111499.99,DELTA,13,164,17,1000,503,yes,11,-1000
2025-05-22T15:03:21.784583,KXBTCD-25MAY2219-T111499.99,DELTA,13,164,17,1000,504,no,51,-2000
2025-05-22T15:03:21.802983,KXBTCD-25MAY2219-T111499.99,DELTA,13,164,17,1000,505,no,82,-1250
2025-05-22T15:03:21.844272,KXBTCD-25MAY2219-T111499.99,DELTA,13,164,17,2250,506,no,83,1250
2025-05-22T15:03:21.844486,KXBTCD-25MAY2219-T111499.99,DELTA,13,164,17,2250,507,no,82,2000
2025-05-22T15:03:22.823067,KXBTCD-25MAY2219-T111499.99,DELTA,13,164,17,2250,508,no,8,-4050
2025-05-22T15:03:22.823225,KXBTCD-25MAY2219-T111499.99,DELTA,13,164,17,2250,509,no,10,3240
2025-05-22T15:03:22.882986,KXBTCD-25MAY2219-T111499.99,DELTA,13,164,17,2250,510,no,9,-20000
2025-05-22T15:03:22.923604,KXBTCD-25MAY2219-T111499.99,DELTA,13,164,17,2250,511,no,11,20000
2025-05-22T15:03:22.943982,KXBTCD-25MAY2219-T111499.99,DELTA,14,100,17,2250,512,yes,14,100
2025-05-22T15:03:22.944148,KXBTCD-25MAY2219-T111499.99,DELTA,14,100,17,2250,513,no,78,100
2025-05-22T15:03:23.963054,KXBTCD-25MAY2219-T111499.99,DELTA,14,100,17,2250,514,no,82,-2000
2025-05-22T15:03:23.963229,KXBTCD-25MAY2219-T111499.99,DELTA,14,100,17,2250,515,yes,11,1000
2025-05-22T15:03:23.963321,KXBTCD-25MAY2219-T111499.99,DELTA,14,100,17,1000,516,no,83,-1250
2025-05-22T15:03:23.982778,KXBTCD-25MAY2219-T111499.99,DELTA,14,100,17,1000,517,yes,13,-150
2025-05-22T15:03:24.002347,KXBTCD-25MAY2219-T111499.99,DELTA,14,100,17,1000,518,yes,13,350
2025-05-22T15:03:24.022879,KXBTCD-25MAY2219-T111499.99,DELTA,14,100,17,1000,519,no,82,1250
2025-05-22T15:03:24.023002,KXBTCD-25MAY2219-T111499.99,DELTA,14,100,17,1000,520,no,51,2000
2025-05-22T15:03:24.143866,KXBTCD-25MAY2219-T111499.99,DELTA,14,100,17,1000,521,no,10,-3240
2025-05-22T15:03:24.144033,KXBTCD-25MAY2219-T111499.99,DELTA,14,100,17,1000,522,no,12,2700
2025-05-22T15:03:24.164547,KXBTCD-25MAY2219-T111499.99,DELTA,14,100,17,1000,523,no,82,-350
2025-05-22T15:03:24.204912,KXBTCD-25MAY2219-T111499.99,DELTA,14,100,17,1000,524,no,11,-20000
2025-05-22T15:03:24.205085,KXBTCD-25MAY2219-T111499.99,DELTA,14,100,17,1000,525,no,81,400
2025-05-22T15:03:24.223174,KXBTCD-25MAY2219-T111499.99,DELTA,14,100,18,1250,526,no,83,-1000
2025-05-22T15:03:24.242390,KXBTCD-25MAY2219-T111499.99,DELTA,14,100,19,400,527,no,82,-1250
2025-05-22T15:03:24.242526,KXBTCD-25MAY2219-T111499.99,DELTA,14,100,19,400,528,no,5,20000
2025-05-22T15:03:24.283122,KXBTCD-25MAY2219-T111499.99,DELTA,14,100,18,1250,529,no,82,1250
2025-05-22T15:03:24.283298,KXBTCD-25MAY2219-T111499.99,DELTA,14,100,18,2250,530,no,82,1000
2025-05-22T15:03:24.324387,KXBTCD-25MAY2219-T111499.99,DELTA,14,100,18,2250,531,no,51,-2000
2025-05-22T15:03:24.383105,KXBTCD-25MAY2219-T111499.99,DELTA,14,100,18,2250,532,no,81,2000
2025-05-22T15:03:25.444032,KXBTCD-25MAY2219-T111499.99,DELTA,14,100,18,2250,533,no,12,-2700
2025-05-22T15:03:25.444191,KXBTCD-25MAY2219-T111499.99,DELTA,14,100,18,2250,534,no,6,5400
2025-05-22T15:03:25.503743,KXBTCD-25MAY2219-T111499.99,DELTA,14,100,18,2250,535,no,5,-20000
2025-05-22T15:03:25.543542,KXBTCD-25MAY2219-T111499.99,DELTA,14,100,18,2250,536,no,7,20000
2025-05-22T15:03:25.543702,KXBTCD-25MAY2219-T111499.99,DELTA,14,100,18,2250,537,yes,4,-9
2025-05-22T15:03:26.703052,KXBTCD-25MAY2219-T111499.99,DELTA,14,100,18,2250,538,no,6,-5400
2025-05-22T15:03:26.703253,KXBTCD-25MAY2219-T111499.99,DELTA,14,100,18,2250,539,no,8,4050
2025-05-22T15:03:26.763319,KXBTCD-25MAY2219-T111499.99,DELTA,14,100,18,2250,540,no,7,-20000
2025-05-22T15:03:26.804003,KXBTCD-25MAY2219-T111499.99,DELTA,14,100,18,2250,541,no,9,20000
2025-05-22T15:03:27.103373,KXBTCD-25MAY2219-T111499.99,DELTA,13,364,18,2250,542,yes,14,-100
2025-05-22T15:03:27.763106,KXBTCD-25MAY2219-T111499.99,DELTA,13,350,18,2250,543,yes,13,-14
2025-05-22T15:03:27.763292,KXBTCD-25MAY2219-T111499.99,DELTA,13,350,18,2250,544,yes,10,14
2025-05-22T15:03:27.786145,KXBTCD-25MAY2219-T111499.99,DELTA,13,350,18,2250,545,no,80,14
2025-05-22T15:03:27.786354,KXBTCD-25MAY2219-T111499.99,DELTA,13,350,18,2250,546,no,77,-14
2025-05-22T15:03:28.324040,KXBTCD-25MAY2219-T111499.99,DELTA,13,350,18,2250,547,yes,11,-30
2025-05-22T15:03:28.324216,KXBTCD-25MAY2219-T111499.99,DELTA,13,350,18,2250,548,yes,9,30
2025-05-22T15:03:28.324481,KXBTCD-25MAY2219-T111499.99,DELTA,13,350,18,2250,549,no,77,-30
2025-05-22T15:03:28.344902,KXBTCD-25MAY2219-T111499.99,DELTA,13,350,18,2250,550,no,79,30
2025-05-22T15:03:28.382764,KXBTCD-25MAY2219-T111499.99,DELTA,13,350,18,2250,551,yes,11,-1000
2025-05-22T15:03:28.422778,KXBTCD-25MAY2219-T111499.99,DELTA,13,350,18,2250,552,yes,10,1000
2025-05-22T15:03:29.023093,KXBTCD-25MAY2219-T111499.99,DELTA,15,100,18,2250,553,yes,15,100
2025-05-22T15:03:29.742401,KXBTCD-25MAY2219-T111499.99,DELTA,13,350,18,2250,554,yes,15,-100
2025-05-22T15:03:29.742595,KXBTCD-25MAY2219-T111499.99,DELTA,13,350,18,2250,555,no,78,-100
2025-05-22T15:03:30.564256,KXBTCD-25MAY2219-T111499.99,DELTA,13,350,18,2250,556,no,8,-4050
2025-05-22T15:03:30.564426,KXBTCD-25MAY2219-T111499.99,DELTA,13,350,18,2250,557,no,10,3240
2025-05-22T15:03:30.622364,KXBTCD-25MAY2219-T111499.99,DELTA,13,350,18,2250,558,no,9,-20000
2025-05-22T15:03:30.663650,KXBTCD-25MAY2219-T111499.99,DELTA,13,350,18,2250,559,no,11,20000
2025-05-22T15:03:30.823664,KXBTCD-25MAY2219-T111499.99,DELTA,13,450,18,2250,560,yes,13,100
2025-05-22T15:03:30.843979,KXBTCD-25MAY2219-T111499.99,DELTA,13,450,18,2250,561,no,79,100
2025-05-22T15:03:33.523894,KXBTCD-25MAY2219-T111499.99,DELTA,13,450,18,2250,562,no,10,-3240
2025-05-22T15:03:33.524033,KXBTCD-25MAY2219-T111499.99,DELTA,13,450,18,2250,563,no,12,2700
2025-05-22T15:03:33.583067,KXBTCD-25MAY2219-T111499.99,DELTA,13,450,18,2250,564,no,11,-20000
2025-05-22T15:03:33.623835,KXBTCD-25MAY2219-T111499.99,DELTA,13,450,18,2250,565,no,5,20000
2025-05-22T15:03:34.923850,KXBTCD-25MAY2219-T111499.99,DELTA,13,450,18,2250,566,no,12,-2700
2025-05-22T15:03:34.924172,KXBTCD-25MAY2219-T111499.99,DELTA,13,450,18,2250,567,no,6,5400
2025-05-22T15:03:34.984306,KXBTCD-25MAY2219-T111499.99,DELTA,13,450,18,2250,568,no,5,-20000
2025-05-22T15:03:35.023999,KXBTCD-25MAY2219-T111499.99,DELTA,13,450,18,2250,569,no,7,20000
2025-05-22T15:03:36.144633,KXBTCD-25MAY2219-T111499.99,DELTA,13,450,18,2250,570,no,79,-100
2025-05-22T15:03:36.323434,KXBTCD-25MAY2219-T111499.99,DELTA,13,450,18,2250,571,no,6,-5400
2025-05-22T15:03:36.323657,KXBTCD-25MAY2219-T111499.99,DELTA,13,450,18,2250,572,no,8,4050
2025-05-22T15:03:36.384274,KXBTCD-25MAY2219-T111499.99,DELTA,13,450,18,2250,573,no,7,-20000
2025-05-22T15:03:36.423121,KXBTCD-25MAY2219-T111499.99,DELTA,13,450,18,2250,574,no,9,20000
2025-05-22T15:03:37.624716,KXBTCD-25MAY2219-T111499.99,DELTA,13,450,18,2250,575,no,8,-4050
2025-05-22T15:03:37.625715,KXBTCD-25MAY2219-T111499.99,DELTA,13,450,18,2250,576,no,10,3240
2025-05-22T15:03:37.685991,KXBTCD-25MAY2219-T111499.99,DELTA,13,450,18,2250,577,no,9,-20000
2025-05-22T15:03:37.723905,KXBTCD-25MAY2219-T111499.99,DELTA,13,450,18,2250,578,no,11,20000
2025-05-22T15:03:38.663870,KXBTCD-25MAY2219-T111499.99,DELTA,13,450,18,2250,579,no,80,100
2025-05-22T15:03:39.045259,KXBTCD-25MAY2219-T111499.99,DELTA,13,450,18,2250,580,no,10,-3240
2025-05-22T15:03:39.046353,KXBTCD-25MAY2219-T111499.99,DELTA,13,450,18,2250,581,no,12,2700
2025-05-22T15:03:39.104833,KXBTCD-25MAY2219-T111499.99,DELTA,13,450,18,2250,582,no,11,-20000
2025-05-22T15:03:39.164740,KXBTCD-25MAY2219-T111499.99,DELTA,13,450,18,2250,583,no,5,20000
2025-05-22T15:03:40.523670,KXBTCD-25MAY2219-T111499.99,DELTA,13,450,18,2250,584,no,81,-2000
2025-05-22T15:03:40.524207,KXBTCD-25MAY2219-T111499.99,DELTA,13,450,18,1000,585,no,82,-1250
2025-05-22T15:03:40.603664,KXBTCD-25MAY2219-T111499.99,DELTA,13,450,18,1000,586,no,51,2000
2025-05-22T15:03:40.604071,KXBTCD-25MAY2219-T111499.99,DELTA,13,450,18,1000,587,no,81,1250
2025-05-22T15:03:41.210995,KXBTCD-25MAY2219-T111499.99,DELTA,13,350,18,1000,588,yes,13,-100
2025-05-22T15:03:43.044507,KXBTCD-25MAY2219-T111499.99,DELTA,13,350,18,1000,589,no,12,-2700
2025-05-22T15:03:43.045549,KXBTCD-25MAY2219-T111499.99,DELTA,13,350,18,1000,590,no,6,5400
2025-05-22T15:03:43.104002,KXBTCD-25MAY2219-T111499.99,DELTA,13,350,18,1000,591,no,5,-20000
2025-05-22T15:03:43.143937,KXBTCD-25MAY2219-T111499.99,DELTA,13,350,18,1000,592,no,7,20000
2025-05-22T15:03:43.384691,KXBTCD-25MAY2219-T111499.99,DELTA,13,350,18,1000,593,yes,12,100
2025-05-22T15:03:43.464477,KXBTCD-25MAY2219-T111499.99,DELTA,13,350,18,1000,594,yes,10,-1000
2025-05-22T15:03:43.523728,KXBTCD-25MAY2219-T111499.99,DELTA,13,350,18,1000,595,yes,12,1000
2025-05-22T15:03:44.824495,KXBTCD-25MAY2219-T111499.99,DELTA,13,350,18,1000,596,yes,12,-1000
2025-05-22T15:03:44.824970,KXBTCD-25MAY2219-T111499.99,DELTA,13,350,18,1000,597,no,51,-2000
2025-05-22T15:03:44.846233,KXBTCD-25MAY2219-T111499.99,DELTA,13,350,18,1000,598,no,81,-1250
2025-05-22T15:03:44.886747,KXBTCD-25MAY2219-T111499.99,DELTA,13,350,18,1000,599,no,81,2000
2025-05-22T15:03:44.887958,KXBTCD-25MAY2219-T111499.99,DELTA,13,350,18,2250,600,no,82,1250
2025-05-22T15:03:44.888581,KXBTCD-25MAY2219-T111499.99,DELTA,13,350,18,2250,601,yes,10,1000
2025-05-22T15:03:44.924005,KXBTCD-25MAY2219-T111499.99,DELTA,13,350,18,2250,602,yes,4,9
2025-05-22T15:03:45.204787,KXBTCD-25MAY2219-T111499.99,DELTA,13,350,18,2250,603,no,6,-5400
2025-05-22T15:03:45.205105,KXBTCD-25MAY2219-T111499.99,DELTA,13,350,18,2250,604,no,39,830
2025-05-22T15:03:45.290637,KXBTCD-25MAY2219-T111499.99,DELTA,13,350,18,2250,605,no,7,-20000
2025-05-22T15:03:45.324018,KXBTCD-25MAY2219-T111499.99,DELTA,13,350,18,2250,606,no,5,20000
2025-05-22T15:03:45.605234,KXBTCD-25MAY2219-T111499.99,DELTA,13,350,18,2250,607,yes,9,14
2025-05-22T15:03:45.606416,KXBTCD-25MAY2219-T111499.99,DELTA,13,350,18,2250,608,yes,10,-14
2025-05-22T15:03:45.607691,KXBTCD-25MAY2219-T111499.99,DELTA,13,350,18,2250,609,no,80,-14
2025-05-22T15:03:45.608564,KXBTCD-25MAY2219-T111499.99,DELTA,13,350,18,2250,610,no,81,14
2025-05-22T15:03:45.724997,KXBTCD-25MAY2219-T111499.99,DELTA,13,350,18,2250,611,yes,4,-9
2025-05-22T15:03:46.164628,KXBTCD-25MAY2219-T111499.99,DELTA,13,350,18,2250,612,yes,7,30
2025-05-22T15:03:46.165488,KXBTCD-25MAY2219-T111499.99,DELTA,13,350,18,2250,613,yes,9,-30
2025-05-22T15:03:46.166073,KXBTCD-25MAY2219-T111499.99,DELTA,13,350,18,2250,614,no,79,-30
2025-05-22T15:03:46.166602,KXBTCD-25MAY2219-T111499.99,DELTA,13,350,18,2250,615,no,81,30
2025-05-22T15:03:46.224271,KXBTCD-25MAY2219-T111499.99,DELTA,13,350,18,2250,616,yes,10,-1000
2025-05-22T15:03:46.264436,KXBTCD-25MAY2219-T111499.99,DELTA,13,350,18,2250,617,yes,8,1000
2025-05-22T15:03:47.607108,KXBTCD-25MAY2219-T111499.99,DELTA,13,350,18,2250,618,yes,8,-1000
2025-05-22T15:03:47.607447,KXBTCD-25MAY2219-T111499.99,DELTA,13,350,18,2250,619,no,81,-2000
2025-05-22T15:03:47.635061,KXBTCD-25MAY2219-T111499.99,DELTA,13,350,18,1000,620,no,82,-1250
2025-05-22T15:03:47.693634,KXBTCD-25MAY2219-T111499.99,DELTA,13,350,18,1000,621,no,81,1250
2025-05-22T15:03:47.693762,KXBTCD-25MAY2219-T111499.99,DELTA,13,350,18,1000,622,no,51,2000
2025-05-22T15:03:47.693843,KXBTCD-25MAY2219-T111499.99,DELTA,13,350,18,1000,623,yes,12,1000
2025-05-22T15:03:47.730328,KXBTCD-25MAY2219-T111499.99,DELTA,13,350,18,1000,624,yes,4,9
2025-05-22T15:03:48.684535,KXBTCD-25MAY2219-T111499.99,DELTA,13,350,18,1000,625,no,39,-830
2025-05-22T15:03:48.684705,KXBTCD-25MAY2219-T111499.99,DELTA,13,350,18,1000,626,no,40,810
2025-05-22T15:03:48.784347,KXBTCD-25MAY2219-T111499.99,DELTA,13,350,18,1000,627,yes,4,-9
2025-05-22T15:03:50.736033,KXBTCD-25MAY2219-T111499.99,DELTA,12,1100,18,1000,628,yes,13,-350
2025-05-22T15:03:50.764843,KXBTCD-25MAY2219-T111499.99,DELTA,12,1600,18,1000,629,yes,12,500
2025-05-22T15:03:53.444174,KXBTCD-25MAY2219-T111499.99,DELTA,12,1600,18,1000,630,no,81,-400
2025-05-22T15:03:53.464769,KXBTCD-25MAY2219-T111499.99,DELTA,12,1600,17,50,631,no,83,50
2025-05-22T15:03:53.504214,KXBTCD-25MAY2219-T111499.99,DELTA,12,1600,17,50,632,no,81,-1250
2025-05-22T15:03:53.544795,KXBTCD-25MAY2219-T111499.99,DELTA,12,1600,17,50,633,no,82,-1000
2025-05-22T15:03:53.604487,KXBTCD-25MAY2219-T111499.99,DELTA,12,1600,17,1050,634,no,83,1000
2025-05-22T15:03:54.085921,KXBTCD-25MAY2219-T111499.99,DELTA,12,600,17,1050,635,yes,12,-1000
2025-05-22T15:03:54.086319,KXBTCD-25MAY2219-T111499.99,DELTA,12,600,17,50,636,no,83,-1000
2025-05-22T15:03:54.144470,KXBTCD-25MAY2219-T111499.99,DELTA,12,600,17,50,637,yes,8,1000
2025-05-22T15:03:54.144881,KXBTCD-25MAY2219-T111499.99,DELTA,12,600,16,1000,638,no,84,1000
2025-05-22T15:03:54.504263,KXBTCD-25MAY2219-T111499.99,DELTA,12,600,16,1000,639,no,80,-100
2025-05-22T15:03:56.603360,KXBTCD-25MAY2219-T111499.99,DELTA,12,600,16,1000,640,no,80,100
2025-05-22T15:03:57.083526,KXBTCD-25MAY2219-T111499.99,DELTA,12,600,16,1000,641,no,80,-100
2025-05-22T15:03:57.643997,KXBTCD-25MAY2219-T111499.99,DELTA,12,600,16,1000,642,no,83,-50
2025-05-22T15:03:57.704200,KXBTCD-25MAY2219-T111499.99,DELTA,12,600,19,44,643,no,84,-1000
2025-05-22T15:03:57.724779,KXBTCD-25MAY2219-T111499.99,DELTA,12,600,17,150,644,no,83,150
2025-05-22T15:03:57.744254,KXBTCD-25MAY2219-T111499.99,DELTA,12,600,17,150,645,no,82,1000
2025-05-22T15:03:57.783572,KXBTCD-25MAY2219-T111499.99,DELTA,12,600,17,150,646,no,82,-1000
2025-05-22T15:03:57.845141,KXBTCD-25MAY2219-T111499.99,DELTA,12,600,16,1000,647,no,84,1000
2025-05-22T15:03:58.604728,KXBTCD-25MAY2219-T111499.99,DELTA,12,600,16,1000,648,no,80,100
2025-05-22T15:03:59.504540,KXBTCD-25MAY2219-T111499.99,DELTA,12,600,16,1000,649,yes,8,-1000
2025-05-22T15:03:59.524477,KXBTCD-25MAY2219-T111499.99,DELTA,12,600,17,150,650,no,84,-1000
2025-05-22T15:03:59.524864,KXBTCD-25MAY2219-T111499.99,DELTA,12,600,17,150,651,no,80,-100
2025-05-22T15:03:59.564342,KXBTCD-25MAY2219-T111499.99,DELTA,12,1600,17,150,652,yes,12,1000
2025-05-22T15:03:59.584268,KXBTCD-25MAY2219-T111499.99,DELTA,12,1600,17,1150,653,no,83,1000
2025-05-22T15:04:00.545340,KXBTCD-25MAY2219-T111499.99,DELTA,12,600,17,1150,654,yes,12,-1000
2025-05-22T15:04:00.546413,KXBTCD-25MAY2219-T111499.99,DELTA,12,600,17,150,655,no,83,-1000
2025-05-22T15:04:00.625079,KXBTCD-25MAY2219-T111499.99,DELTA,12,600,17,150,656,yes,8,1000
2025-05-22T15:04:00.625838,KXBTCD-25MAY2219-T111499.99,DELTA,12,600,16,1000,657,no,84,1000
2025-05-22T15:04:00.664468,KXBTCD-25MAY2219-T111499.99,DELTA,12,600,16,1000,658,no,70,9
2025-05-22T15:04:01.664537,KXBTCD-25MAY2219-T111499.99,DELTA,12,600,16,1000,659,yes,8,-1000
2025-05-22T15:04:01.683742,KXBTCD-25MAY2219-T111499.99,DELTA,12,600,17,150,660,no,84,-1000
2025-05-22T15:04:01.703803,KXBTCD-25MAY2219-T111499.99,DELTA,12,600,19,44,661,no,83,-150
2025-05-22T15:04:01.724296,KXBTCD-25MAY2219-T111499.99,DELTA,12,600,17,1000,662,no,83,1000
2025-05-22T15:04:01.724819,KXBTCD-25MAY2219-T111499.99,DELTA,12,1600,17,1000,663,yes,12,1000
2025-05-22T15:04:01.763685,KXBTCD-25MAY2219-T111499.99,DELTA,12,1600,17,1000,664,no,82,350
2025-05-22T15:04:01.784427,KXBTCD-25MAY2219-T111499.99,DELTA,12,1600,17,1000,665,no,70,-9
2025-05-22T15:04:01.784711,KXBTCD-25MAY2219-T111499.99,DELTA,12,600,17,1000,666,yes,12,-1000
2025-05-22T15:04:01.804788,KXBTCD-25MAY2219-T111499.99,DELTA,12,600,18,350,667,no,83,-1000
2025-05-22T15:04:01.864082,KXBTCD-25MAY2219-T111499.99,DELTA,13,1000,18,350,668,yes,13,1000
2025-05-22T15:04:01.864808,KXBTCD-25MAY2219-T111499.99,DELTA,13,1000,18,1350,669,no,82,1000
2025-05-22T15:04:01.884988,KXBTCD-25MAY2219-T111499.99,DELTA,13,1000,18,1350,670,no,81,100
2025-05-22T15:04:01.903974,KXBTCD-25MAY2219-T111499.99,DELTA,13,1000,18,1350,671,yes,12,-500
2025-05-22T15:04:01.904632,KXBTCD-25MAY2219-T111499.99,DELTA,13,1000,18,1000,672,no,82,-350
2025-05-22T15:04:01.970820,KXBTCD-25MAY2219-T111499.99,DELTA,12,100,18,1000,673,yes,13,-1000
2025-05-22T15:04:01.971554,KXBTCD-25MAY2219-T111499.99,DELTA,12,100,19,144,674,no,82,-1000
2025-05-22T15:04:02.004056,KXBTCD-25MAY2219-T111499.99,DELTA,14,50,19,144,675,yes,14,50
2025-05-22T15:04:02.023314,KXBTCD-25MAY2219-T111499.99,DELTA,14,50,19,144,676,yes,12,1000
2025-05-22T15:04:02.024158,KXBTCD-25MAY2219-T111499.99,DELTA,14,50,18,1000,677,no,82,1000
2025-05-22T15:04:02.024731,KXBTCD-25MAY2219-T111499.99,DELTA,14,50,18,1000,678,no,81,300
2025-05-22T15:04:02.104725,KXBTCD-25MAY2219-T111499.99,DELTA,14,50,18,1000,679,no,81,1250
2025-05-22T15:04:02.624467,KXBTCD-25MAY2219-T111499.99,DELTA,14,50,18,1000,680,yes,12,-100
2025-05-22T15:04:02.625228,KXBTCD-25MAY2219-T111499.99,DELTA,14,50,18,1000,681,no,81,-100
2025-05-22T15:04:02.684046,KXBTCD-25MAY2219-T111499.99,DELTA,14,50,18,1000,682,yes,12,-1000
2025-05-22T15:04:02.724482,KXBTCD-25MAY2219-T111499.99,DELTA,14,50,18,1000,683,yes,8,1000
2025-05-22T15:04:02.883988,KXBTCD-25MAY2219-T111499.99,DELTA,9,14,18,1000,684,yes,14,-50
2025-05-22T15:04:02.924030,KXBTCD-25MAY2219-T111499.99,DELTA,13,500,18,1000,685,yes,13,500
2025-05-22T15:04:03.684396,KXBTCD-25MAY2219-T111499.99,DELTA,13,500,18,1000,686,yes,8,-1000
2025-05-22T15:04:03.684569,KXBTCD-25MAY2219-T111499.99,DELTA,13,500,18,1000,687,no,81,-1250
2025-05-22T15:04:03.724287,KXBTCD-25MAY2219-T111499.99,DELTA,13,500,18,1000,688,no,79,100
2025-05-22T15:04:03.724461,KXBTCD-25MAY2219-T111499.99,DELTA,13,600,18,1000,689,yes,13,100
2025-05-22T15:04:03.724594,KXBTCD-25MAY2219-T111499.99,DELTA,13,1600,18,1000,690,yes,13,1000
2025-05-22T15:04:04.044438,KXBTCD-25MAY2219-T111499.99,DELTA,13,600,18,1000,691,yes,13,-1000
2025-05-22T15:04:04.045577,KXBTCD-25MAY2219-T111499.99,DELTA,13,600,18,1000,692,yes,1,3000
2025-05-22T15:04:04.046523,KXBTCD-25MAY2219-T111499.99,DELTA,13,600,19,344,693,no,82,-1000
2025-05-22T15:04:04.064284,KXBTCD-25MAY2219-T111499.99,DELTA,13,100,19,344,694,yes,13,-500
2025-05-22T15:04:04.083944,KXBTCD-25MAY2219-T111499.99,DELTA,13,100,19,44,695,no,81,-300
2025-05-22T15:04:04.104220,KXBTCD-25MAY2219-T111499.99,DELTA,13,100,19,1044,696,no,81,1000
2025-05-22T15:04:04.105005,KXBTCD-25MAY2219-T111499.99,DELTA,14,1000,19,1044,697,yes,14,1000
2025-05-22T15:04:04.125206,KXBTCD-25MAY2219-T111499.99,DELTA,14,1000,19,1044,698,yes,9,30
2025-05-22T15:04:04.126002,KXBTCD-25MAY2219-T111499.99,DELTA,14,1000,19,1044,699,yes,7,-30
2025-05-22T15:04:04.126657,KXBTCD-25MAY2219-T111499.99,DELTA,14,1000,19,1014,700,no,81,-30
2025-05-22T15:04:04.127369,KXBTCD-25MAY2219-T111499.99,DELTA,14,1000,19,1014,701,no,79,30
2025-05-22T15:04:04.144122,KXBTCD-25MAY2219-T111499.99,DELTA,15,100,19,1014,702,yes,15,100
2025-05-22T15:04:04.144984,KXBTCD-25MAY2219-T111499.99,DELTA,15,100,19,1014,703,no,80,250
2025-05-22T15:04:04.204539,KXBTCD-25MAY2219-T111499.99,DELTA,15,100,19,1014,704,yes,10,14
2025-05-22T15:04:04.205712,KXBTCD-25MAY2219-T111499.99,DELTA,15,100,19,1014,705,yes,9,-14
2025-05-22T15:04:04.224516,KXBTCD-25MAY2219-T111499.99,DELTA,15,100,19,14,706,no,81,-1000
2025-05-22T15:04:04.224837,KXBTCD-25MAY2219-T111499.99,DELTA,15,100,20,250,707,no,81,-14
2025-05-22T15:04:04.225015,KXBTCD-25MAY2219-T111499.99,DELTA,15,100,20,264,708,no,80,14
2025-05-22T15:04:04.285374,KXBTCD-25MAY2219-T111499.99,DELTA,15,100,19,1000,709,no,81,1000
2025-05-22T15:04:04.924278,KXBTCD-25MAY2219-T111499.99,DELTA,15,100,19,1000,710,yes,13,-100
2025-05-22T15:04:04.984738,KXBTCD-25MAY2219-T111499.99,DELTA,15,100,19,1000,711,yes,14,-1000
2025-05-22T15:04:05.025090,KXBTCD-25MAY2219-T111499.99,DELTA,15,100,19,1000,712,yes,10,1000
2025-05-22T15:04:05.284909,KXBTCD-25MAY2219-T111499.99,DELTA,15,100,19,1000,713,no,79,-100
2025-05-22T15:04:06.866202,KXBTCD-25MAY2219-T111499.99,DELTA,15,200,19,1000,714,yes,15,100
2025-05-22T15:04:06.884771,KXBTCD-25MAY2219-T111499.99,DELTA,15,200,19,1000,715,no,77,100
2025-05-22T15:04:06.964218,KXBTCD-25MAY2219-T111499.99,DELTA,15,200,19,1000,716,yes,11,9
2025-05-22T15:04:07.224852,KXBTCD-25MAY2219-T111499.99,DELTA,15,200,19,1000,717,no,40,-810
2025-05-22T15:04:07.225077,KXBTCD-25MAY2219-T111499.99,DELTA,15,200,19,1000,718,no,39,830
2025-05-22T15:04:08.246935,KXBTCD-25MAY2219-T111499.99,DELTA,15,100,19,1000,719,yes,15,-100
2025-05-22T15:04:10.045743,KXBTCD-25MAY2219-T111499.99,DELTA,15,200,19,1000,720,yes,15,100
2025-05-22T15:04:10.525218,KXBTCD-25MAY2219-T111499.99,DELTA,15,100,19,1000,721,yes,15,-100
2025-05-22T15:04:11.385021,KXBTCD-25MAY2219-T111499.99,DELTA,11,9,19,1000,722,yes,15,-100
2025-05-22T15:04:11.404967,KXBTCD-25MAY2219-T111499.99,DELTA,14,500,19,1000,723,yes,14,500
2025-05-22T15:04:11.504896,KXBTCD-25MAY2219-T111499.99,DELTA,14,500,19,1000,724,yes,11,-9
2025-05-22T15:04:12.684425,KXBTCD-25MAY2219-T111499.99,DELTA,14,500,19,1000,725,yes,10,-1000
2025-05-22T15:04:12.724382,KXBTCD-25MAY2219-T111499.99,DELTA,14,500,19,1000,726,no,69,-3000
2025-05-22T15:04:12.744839,KXBTCD-25MAY2219-T111499.99,DELTA,14,1500,19,1000,727,yes,14,1000
2025-05-22T15:04:12.784286,KXBTCD-25MAY2219-T111499.99,DELTA,14,1500,19,1000,728,no,67,3000
2025-05-22T15:04:13.126845,KXBTCD-25MAY2219-T111499.99,DELTA,16,100,19,1000,729,yes,16,100
2025-05-22T15:04:19.203979,KXBTCD-25MAY2219-T111499.99,DELTA,16,100,19,1000,730,yes,14,-1000
2025-05-22T15:04:19.205024,KXBTCD-25MAY2219-T111499.99,DELTA,16,100,19,1000,731,no,80,1250
2025-05-22T15:04:19.205571,KXBTCD-25MAY2219-T111499.99,DELTA,16,100,19,1000,732,yes,1,-3000
2025-05-22T15:04:19.206462,KXBTCD-25MAY2219-T111499.99,DELTA,16,100,19,1000,733,yes,10,1000
2025-05-22T15:04:19.207007,KXBTCD-25MAY2219-T111499.99,DELTA,16,100,19,1000,734,no,80,-1250
2025-05-22T15:04:20.329839,KXBTCD-25MAY2219-T111499.99,DELTA,16,100,19,1000,735,no,80,1250
2025-05-22T15:04:20.585380,KXBTCD-25MAY2219-T111499.99,DELTA,16,100,19,1000,736,no,51,-2000
2025-05-22T15:04:20.664928,KXBTCD-25MAY2219-T111499.99,DELTA,16,100,19,1000,737,no,80,2000
2025-05-22T15:04:20.765320,KXBTCD-25MAY2219-T111499.99,DELTA,16,100,19,1000,738,no,39,-830
2025-05-22T15:04:20.766270,KXBTCD-25MAY2219-T111499.99,DELTA,16,100,19,1000,739,no,6,5400
2025-05-22T15:04:20.824464,KXBTCD-25MAY2219-T111499.99,DELTA,16,100,19,1000,740,no,5,-20000
2025-05-22T15:04:20.865722,KXBTCD-25MAY2219-T111499.99,DELTA,16,100,19,1000,741,no,7,20000
2025-05-22T15:04:21.084569,KXBTCD-25MAY2219-T111499.99,DELTA,16,100,19,1000,742,no,80,-1250
2025-05-22T15:04:21.165929,KXBTCD-25MAY2219-T111499.99,DELTA,16,100,19,2250,743,no,81,1250
2025-05-22T15:04:21.166654,KXBTCD-25MAY2219-T111499.99,DELTA,16,100,19,2250,744,no,80,-2000
2025-05-22T15:04:21.167489,KXBTCD-25MAY2219-T111499.99,DELTA,16,100,19,2250,745,yes,14,-500
2025-05-22T15:04:21.184691,KXBTCD-25MAY2219-T111499.99,DELTA,16,100,19,2250,746,no,80,-250
2025-05-22T15:04:21.224411,KXBTCD-25MAY2219-T111499.99,DELTA,16,100,19,4250,747,no,81,2000
2025-05-22T15:04:21.264092,KXBTCD-25MAY2219-T111499.99,DELTA,16,100,19,4250,748,yes,13,300
2025-05-22T15:04:21.264791,KXBTCD-25MAY2219-T111499.99,DELTA,16,100,19,3250,749,no,81,-1000
2025-05-22T15:04:21.265326,KXBTCD-25MAY2219-T111499.99,DELTA,16,100,19,2000,750,no,81,-1250
2025-05-22T15:04:21.265838,KXBTCD-25MAY2219-T111499.99,DELTA,16,100,18,100,751,no,82,100
2025-05-22T15:04:21.285069,KXBTCD-25MAY2219-T111499.99,DELTA,16,100,18,100,752,no,81,-2000
2025-05-22T15:04:21.323888,KXBTCD-25MAY2219-T111499.99,DELTA,16,100,18,100,753,no,80,1000
2025-05-22T15:04:21.324696,KXBTCD-25MAY2219-T111499.99,DELTA,16,100,18,100,754,no,51,2000
2025-05-22T15:04:21.345626,KXBTCD-25MAY2219-T111499.99,DELTA,16,100,18,100,755,yes,13,-300
2025-05-22T15:04:21.384356,KXBTCD-25MAY2219-T111499.99,DELTA,16,100,18,100,756,no,80,-1000
2025-05-22T15:04:21.403814,KXBTCD-25MAY2219-T111499.99,DELTA,16,100,20,14,757,no,82,-100
2025-05-22T15:04:21.444348,KXBTCD-25MAY2219-T111499.99,DELTA,16,100,17,1000,758,no,83,1000
2025-05-22T15:04:21.484244,KXBTCD-25MAY2219-T111499.99,DELTA,16,100,17,1000,759,yes,12,450
2025-05-22T15:04:21.504970,KXBTCD-25MAY2219-T111499.99,DELTA,16,100,17,1000,760,no,82,400
2025-05-22T15:04:21.563726,KXBTCD-25MAY2219-T111499.99,DELTA,16,100,18,400,761,no,83,-1000
2025-05-22T15:04:21.603240,KXBTCD-25MAY2219-T111499.99,DELTA,16,100,18,1650,762,no,82,1250
2025-05-22T15:04:21.703695,KXBTCD-25MAY2219-T111499.99,DELTA,16,100,17,1000,763,no,83,1000
2025-05-22T15:04:21.784464,KXBTCD-25MAY2219-T111499.99,DELTA,16,100,17,1000,764,no,51,-2000
2025-05-22T15:04:21.785055,KXBTCD-25MAY2219-T111499.99,DELTA,16,100,17,1000,765,no,82,-1250
2025-05-22T15:04:21.843480,KXBTCD-25MAY2219-T111499.99,DELTA,16,100,17,1000,766,no,82,2000
2025-05-22T15:04:21.844226,KXBTCD-25MAY2219-T111499.99,DELTA,16,100,17,2250,767,no,83,1250
2025-05-22T15:04:22.284293,KXBTCD-25MAY2219-T111499.99,DELTA,12,450,17,2250,768,yes,16,-100
2025-05-22T15:04:22.304068,KXBTCD-25MAY2219-T111499.99,DELTA,12,450,17,2250,769,no,77,-100
2025-05-22T15:04:24.164566,KXBTCD-25MAY2219-T111499.99,DELTA,14,100,17,2250,770,yes,14,100
2025-05-22T15:04:24.184521,KXBTCD-25MAY2219-T111499.99,DELTA,14,100,17,2250,771,no,78,100
2025-05-22T15:04:24.765223,KXBTCD-25MAY2219-T111499.99,DELTA,14,100,17,2250,772,no,78,-100
2025-05-22T15:04:24.864989,KXBTCD-25MAY2219-T111499.99,DELTA,14,100,17,2250,773,no,82,-2000
2025-05-22T15:04:24.884960,KXBTCD-25MAY2219-T111499.99,DELTA,14,100,17,1000,774,no,83,-1250
2025-05-22T15:04:24.885904,KXBTCD-25MAY2219-T111499.99,DELTA,14,100,17,1000,775,no,6,-5400
2025-05-22T15:04:24.886954,KXBTCD-25MAY2219-T111499.99,DELTA,14,100,17,1000,776,no,8,4050
2025-05-22T15:04:24.924407,KXBTCD-25MAY2219-T111499.99,DELTA,14,100,17,1000,777,no,82,1250
2025-05-22T15:04:24.925324,KXBTCD-25MAY2219-T111499.99,DELTA,14,100,17,1000,778,no,51,2000
2025-05-22T15:04:24.964193,KXBTCD-25MAY2219-T111499.99,DELTA,14,100,17,1000,779,no,7,-20000
2025-05-22T15:04:25.006898,KXBTCD-25MAY2219-T111499.99,DELTA,14,100,17,1000,780,no,9,20000
2025-05-22T15:04:26.005490,KXBTCD-25MAY2219-T111499.99,DELTA,14,100,17,1000,781,no,51,-2000
2025-05-22T15:04:26.006526,KXBTCD-25MAY2219-T111499.99,DELTA,14,100,17,1000,782,no,82,-1250
2025-05-22T15:04:26.065064,KXBTCD-25MAY2219-T111499.99,DELTA,14,100,17,1000,783,no,82,2000
2025-05-22T15:04:26.084594,KXBTCD-25MAY2219-T111499.99,DELTA,14,100,17,2250,784,no,83,1250
2025-05-22T15:04:26.405171,KXBTCD-25MAY2219-T111499.99,DELTA,14,100,17,2250,785,no,78,100
2025-05-22T15:04:26.925953,KXBTCD-25MAY2219-T111499.99,DELTA,14,100,17,2250,786,no,78,-100
2025-05-22T15:04:26.965081,KXBTCD-25MAY2219-T111499.99,DELTA,14,100,17,2250,787,no,8,-4050
2025-05-22T15:04:26.966067,KXBTCD-25MAY2219-T111499.99,DELTA,14,100,17,2250,788,no,10,3240
2025-05-22T15:04:27.024838,KXBTCD-25MAY2219-T111499.99,DELTA,14,100,17,2250,789,no,9,-20000
2025-05-22T15:04:27.066160,KXBTCD-25MAY2219-T111499.99,DELTA,14,100,17,2250,790,no,11,20000
2025-05-22T15:04:27.984153,KXBTCD-25MAY2219-T111499.99,DELTA,14,100,17,2250,791,no,82,-2000
2025-05-22T15:04:27.984500,KXBTCD-25MAY2219-T111499.99,DELTA,14,100,17,1000,792,no,83,-1250
2025-05-22T15:04:28.043578,KXBTCD-25MAY2219-T111499.99,DELTA,14,100,17,1000,793,no,51,2000
2025-05-22T15:04:28.044345,KXBTCD-25MAY2219-T111499.99,DELTA,14,100,17,1000,794,no,82,1250
2025-05-22T15:04:28.284104,KXBTCD-25MAY2219-T111499.99,DELTA,14,100,17,1000,795,no,10,-3240
2025-05-22T15:04:28.284910,KXBTCD-25MAY2219-T111499.99,DELTA,14,100,17,1000,796,no,12,2700
2025-05-22T15:04:28.343816,KXBTCD-25MAY2219-T111499.99,DELTA,14,100,17,1000,797,no,11,-20000
2025-05-22T15:04:28.384053,KXBTCD-25MAY2219-T111499.99,DELTA,14,100,17,1000,798,no,5,20000
2025-05-22T15:04:28.803926,KXBTCD-25MAY2219-T111499.99,DELTA,14,100,17,1000,799,no,79,100
2025-05-22T15:04:29.623894,KXBTCD-25MAY2219-T111499.99,DELTA,14,100,17,1000,800,no,12,-2700
2025-05-22T15:04:29.624118,KXBTCD-25MAY2219-T111499.99,DELTA,14,100,17,1000,801,no,39,830
2025-05-22T15:04:30.369067,KXBTCD-25MAY2219-T111499.99,DELTA,14,100,17,1000,802,no,51,-2000
2025-05-22T15:04:30.384290,KXBTCD-25MAY2219-T111499.99,DELTA,14,100,17,1000,803,no,82,-1250
2025-05-22T15:04:30.424730,KXBTCD-25MAY2219-T111499.99,DELTA,14,100,17,1000,804,no,82,2000
2025-05-22T15:04:30.425673,KXBTCD-25MAY2219-T111499.99,DELTA,14,100,17,2250,805,no,83,1250
2025-05-22T15:04:32.048238,KXBTCD-25MAY2219-T111499.99,DELTA,14,100,17,2250,806,yes,9,-30
2025-05-22T15:04:32.049299,KXBTCD-25MAY2219-T111499.99,DELTA,14,100,17,2250,807,yes,8,30
2025-05-22T15:04:32.065082,KXBTCD-25MAY2219-T111499.99,DELTA,14,100,17,2250,808,no,81,30
2025-05-22T15:04:32.065681,KXBTCD-25MAY2219-T111499.99,DELTA,14,100,17,2250,809,no,79,-30
2025-05-22T15:04:32.104558,KXBTCD-25MAY2219-T111499.99,DELTA,14,100,17,2250,810,yes,10,-1000
2025-05-22T15:04:32.144880,KXBTCD-25MAY2219-T111499.99,DELTA,14,100,17,2250,811,yes,9,1000
2025-05-22T15:04:32.145829,KXBTCD-25MAY2219-T111499.99,DELTA,14,100,17,2250,812,yes,9,14
2025-05-22T15:04:32.164918,KXBTCD-25MAY2219-T111499.99,DELTA,14,100,17,2250,813,no,81,14
2025-05-22T15:04:32.165797,KXBTCD-25MAY2219-T111499.99,DELTA,14,100,17,2250,814,yes,10,-14
2025-05-22T15:04:32.184673,KXBTCD-25MAY2219-T111499.99,DELTA,14,100,17,2250,815,no,80,-14
2025-05-22T15:04:32.744372,KXBTCD-25MAY2219-T111499.99,DELTA,14,100,17,2250,816,no,82,-2000
2025-05-22T15:04:32.745110,KXBTCD-25MAY2219-T111499.99,DELTA,14,100,17,1000,817,no,83,-1250
2025-05-22T15:04:32.784959,KXBTCD-25MAY2219-T111499.99,DELTA,14,100,17,1000,818,no,51,2000
2025-05-22T15:04:32.805142,KXBTCD-25MAY2219-T111499.99,DELTA,14,100,17,1000,819,no,82,1250
2025-05-22T15:04:33.743908,KXBTCD-25MAY2219-T111499.99,DELTA,14,100,17,1000,820,no,79,-100
2025-05-22T15:04:33.744154,KXBTCD-25MAY2219-T111499.99,DELTA,12,450,17,1000,821,yes,14,-100
2025-05-22T15:04:34.765276,KXBTCD-25MAY2219-T111499.99,DELTA,15,100,17,1000,822,yes,15,100
2025-05-22T15:04:34.785030,KXBTCD-25MAY2219-T111499.99,DELTA,15,100,17,1000,823,no,77,100
2025-05-22T15:04:35.383274,KXBTCD-25MAY2219-T111499.99,DELTA,12,450,17,1000,824,yes,15,-100
2025-05-22T15:04:35.384321,KXBTCD-25MAY2219-T111499.99,DELTA,12,450,17,1000,825,no,77,-100
2025-05-22T15:04:37.225441,KXBTCD-25MAY2219-T111499.99,DELTA,13,100,17,1000,826,yes,13,100
2025-05-22T15:04:37.225705,KXBTCD-25MAY2219-T111499.99,DELTA,13,100,17,1000,827,no,79,100
2025-05-22T15:04:37.665479,KXBTCD-25MAY2219-T111499.99,DELTA,13,100,17,1000,828,yes,9,-1000
2025-05-22T15:04:37.666030,KXBTCD-25MAY2219-T111499.99,DELTA,13,100,17,1000,829,no,82,-1250
2025-05-22T15:04:37.684528,KXBTCD-25MAY2219-T111499.99,DELTA,12,450,17,1000,830,yes,13,-100
2025-05-22T15:04:37.724008,KXBTCD-25MAY2219-T111499.99,DELTA,12,1450,17,1000,831,yes,12,1000
2025-05-22T15:04:38.684034,KXBTCD-25MAY2219-T111499.99,DELTA,12,1450,17,1000,832,yes,8,-30
2025-05-22T15:04:38.684254,KXBTCD-25MAY2219-T111499.99,DELTA,12,1450,17,1000,833,yes,10,14
2025-05-22T15:04:38.684345,KXBTCD-25MAY2219-T111499.99,DELTA,12,1450,17,1000,834,yes,9,-14
2025-05-22T15:04:38.684428,KXBTCD-25MAY2219-T111499.99,DELTA,12,1450,17,1000,835,yes,9,30
2025-05-22T15:04:38.684651,KXBTCD-25MAY2219-T111499.99,DELTA,12,1450,17,1000,836,no,81,-14
2025-05-22T15:04:38.684725,KXBTCD-25MAY2219-T111499.99,DELTA,12,1450,17,1000,837,no,80,14
2025-05-22T15:04:38.684790,KXBTCD-25MAY2219-T111499.99,DELTA,12,1450,17,1000,838,no,81,-30
2025-05-22T15:04:38.684853,KXBTCD-25MAY2219-T111499.99,DELTA,12,1450,17,1000,839,no,79,30
2025-05-22T15:04:39.005279,KXBTCD-25MAY2219-T111499.99,DELTA,15,100,17,1000,840,yes,15,100
2025-05-22T15:04:39.204765,KXBTCD-25MAY2219-T111499.99,DELTA,15,100,17,1000,841,no,79,-100
2025-05-22T15:04:39.567913,KXBTCD-25MAY2219-T111499.99,DELTA,15,100,17,1000,842,yes,12,-450
2025-05-22T15:04:39.568121,KXBTCD-25MAY2219-T111499.99,DELTA,15,100,17,1000,843,no,82,-400
2025-05-22T15:04:39.649975,KXBTCD-25MAY2219-T111499.99,DELTA,15,100,17,1000,844,yes,12,-1000
2025-05-22T15:04:39.650152,KXBTCD-25MAY2219-T111499.99,DELTA,15,100,17,1000,845,yes,14,150
2025-05-22T15:04:39.669714,KXBTCD-25MAY2219-T111499.99,DELTA,15,100,17,1000,846,no,81,200
2025-05-22T15:04:39.669905,KXBTCD-25MAY2219-T111499.99,DELTA,15,100,19,200,847,no,83,-1000
2025-05-22T15:04:39.704404,KXBTCD-25MAY2219-T111499.99,DELTA,15,100,19,200,848,yes,10,1000
2025-05-22T15:04:39.704799,KXBTCD-25MAY2219-T111499.99,DELTA,15,100,19,200,849,no,80,1000
2025-05-22T15:04:39.750765,KXBTCD-25MAY2219-T111499.99,DELTA,15,100,19,200,850,no,80,-1000
2025-05-22T15:04:39.784589,KXBTCD-25MAY2219-T111499.99,DELTA,15,100,19,200,851,yes,9,-30
2025-05-22T15:04:39.785226,KXBTCD-25MAY2219-T111499.99,DELTA,15,100,19,200,852,yes,11,30
2025-05-22T15:04:39.804175,KXBTCD-25MAY2219-T111499.99,DELTA,15,100,19,200,853,no,77,30
2025-05-22T15:04:39.804821,KXBTCD-25MAY2219-T111499.99,DELTA,15,100,19,200,854,no,79,-30
2025-05-22T15:04:39.824342,KXBTCD-25MAY2219-T111499.99,DELTA,15,100,18,1000,855,no,82,1000
2025-05-22T15:04:39.844954,KXBTCD-25MAY2219-T111499.99,DELTA,15,100,18,1000,856,yes,10,-1000
2025-05-22T15:04:39.883923,KXBTCD-25MAY2219-T111499.99,DELTA,15,100,18,1000,857,yes,12,1000
2025-05-22T15:04:39.924838,KXBTCD-25MAY2219-T111499.99,DELTA,15,100,18,1000,858,yes,12,14
2025-05-22T15:04:39.925615,KXBTCD-25MAY2219-T111499.99,DELTA,15,100,18,1000,859,yes,10,-14
2025-05-22T15:04:39.926410,KXBTCD-25MAY2219-T111499.99,DELTA,15,100,18,1000,860,no,80,-14
2025-05-22T15:04:39.927153,KXBTCD-25MAY2219-T111499.99,DELTA,15,100,18,1000,861,no,78,14
2025-05-22T15:04:40.265282,KXBTCD-25MAY2219-T111499.99,DELTA,15,100,18,1000,862,no,77,100
2025-05-22T15:04:40.605726,KXBTCD-25MAY2219-T111499.99,DELTA,15,100,18,1000,863,no,77,-100
2025-05-22T15:04:42.817393,KXBTCD-25MAY2219-T111499.99,DELTA,15,100,18,1000,864,no,77,100
2025-05-22T15:04:43.486382,KXBTCD-25MAY2219-T111499.99,DELTA,15,100,18,1000,865,yes,14,-150
2025-05-22T15:04:43.518405,KXBTCD-25MAY2219-T111499.99,DELTA,15,100,18,1000,866,yes,13,450
2025-05-22T15:04:43.746319,KXBTCD-25MAY2219-T111499.99,DELTA,15,100,18,1000,867,yes,12,-1000
2025-05-22T15:04:43.765109,KXBTCD-25MAY2219-T111499.99,DELTA,15,100,18,1000,868,no,51,-2000
2025-05-22T15:04:43.845834,KXBTCD-25MAY2219-T111499.99,DELTA,15,100,18,1000,869,yes,11,1000
2025-05-22T15:04:43.846720,KXBTCD-25MAY2219-T111499.99,DELTA,15,100,18,1000,870,no,81,2000
2025-05-22T15:04:44.087234,KXBTCD-25MAY2219-T111499.99,DELTA,15,100,18,1000,871,yes,13,-450
2025-05-22T15:04:44.105106,KXBTCD-25MAY2219-T111499.99,DELTA,15,100,18,1000,872,yes,12,500
2025-05-22T15:04:44.245197,KXBTCD-25MAY2219-T111499.99,DELTA,15,100,18,1000,873,no,77,-100
2025-05-22T15:04:44.464558,KXBTCD-25MAY2219-T111499.99,DELTA,15,100,18,1000,874,no,81,-200
2025-05-22T15:04:44.485082,KXBTCD-25MAY2219-T111499.99,DELTA,15,100,17,100,875,no,83,100
2025-05-22T15:04:44.523661,KXBTCD-25MAY2219-T111499.99,DELTA,15,100,17,100,876,no,81,-2000
2025-05-22T15:04:44.544523,KXBTCD-25MAY2219-T111499.99,DELTA,15,100,17,100,877,no,82,-1000
2025-05-22T15:04:44.583495,KXBTCD-25MAY2219-T111499.99,DELTA,15,100,16,1000,878,no,84,1000
2025-05-22T15:04:44.583709,KXBTCD-25MAY2219-T111499.99,DELTA,15,100,16,1000,879,no,51,2000
2025-05-22T15:04:44.603867,KXBTCD-25MAY2219-T111499.99,DELTA,15,100,16,1000,880,yes,11,-1000
2025-05-22T15:04:45.483999,KXBTCD-25MAY2219-T111499.99,DELTA,15,100,16,1000,881,no,78,100
2025-05-22T15:04:46.004778,KXBTCD-25MAY2219-T111499.99,DELTA,12,514,16,1000,882,yes,15,-100
2025-05-22T15:04:46.005654,KXBTCD-25MAY2219-T111499.99,DELTA,12,514,16,1000,883,no,78,-100
2025-05-22T15:04:46.046346,KXBTCD-25MAY2219-T111499.99,DELTA,12,514,16,1000,884,no,83,-100
2025-05-22T15:04:46.064590,KXBTCD-25MAY2219-T111499.99,DELTA,12,514,16,1000,885,no,83,250
2025-05-22T15:04:46.124264,KXBTCD-25MAY2219-T111499.99,DELTA,12,514,17,250,886,no,84,-1000
2025-05-22T15:04:46.124986,KXBTCD-25MAY2219-T111499.99,DELTA,12,514,17,1500,887,no,83,1250
2025-05-22T15:04:46.164964,KXBTCD-25MAY2219-T111499.99,DELTA,12,514,16,1000,888,no,84,1000
2025-05-22T15:04:47.585881,KXBTCD-25MAY2219-T111499.99,DELTA,12,514,16,1000,889,yes,11,-30
2025-05-22T15:04:47.586670,KXBTCD-25MAY2219-T111499.99,DELTA,12,514,16,1000,890,yes,9,30
2025-05-22T15:04:47.587072,KXBTCD-25MAY2219-T111499.99,DELTA,12,514,16,1000,891,no,79,30
2025-05-22T15:04:47.587344,KXBTCD-25MAY2219-T111499.99,DELTA,12,514,16,1000,892,no,77,-30
2025-05-22T15:04:47.644978,KXBTCD-25MAY2219-T111499.99,DELTA,12,500,16,1000,893,yes,12,-14
2025-05-22T15:04:47.645496,KXBTCD-25MAY2219-T111499.99,DELTA,12,500,16,1000,894,yes,10,14
2025-05-22T15:04:47.645872,KXBTCD-25MAY2219-T111499.99,DELTA,12,500,16,1000,895,yes,10,1000
2025-05-22T15:04:47.664145,KXBTCD-25MAY2219-T111499.99,DELTA,12,500,16,1000,896,no,80,14
2025-05-22T15:04:47.666627,KXBTCD-25MAY2219-T111499.99,DELTA,12,500,16,1000,897,no,78,-14
2025-05-22T15:04:49.225006,KXBTCD-25MAY2219-T111499.99,DELTA,13,100,16,1000,898,yes,13,100
2025-05-22T15:04:49.225750,KXBTCD-25MAY2219-T111499.99,DELTA,13,100,16,1000,899,no,79,100
2025-05-22T15:04:50.885636,KXBTCD-25MAY2219-T111499.99,DELTA,13,100,16,1000,900,yes,12,-500
2025-05-22T15:04:50.924102,KXBTCD-25MAY2219-T111499.99,DELTA,13,100,16,1000,901,yes,11,500
2025-05-22T15:04:56.887386,KXBTCD-25MAY2219-T111499.99,DELTA,13,100,16,1000,902,yes,8,14
2025-05-22T15:04:56.888423,KXBTCD-25MAY2219-T111499.99,DELTA,13,100,16,1000,903,no,82,14
2025-05-22T15:04:56.904461,KXBTCD-25MAY2219-T111499.99,DELTA,13,100,16,1000,904,yes,10,-14
2025-05-22T15:04:56.925828,KXBTCD-25MAY2219-T111499.99,DELTA,13,100,16,1000,905,no,80,-14
2025-05-22T15:04:56.948834,KXBTCD-25MAY2219-T111499.99,DELTA,13,100,16,1000,906,yes,9,-30
2025-05-22T15:04:56.949489,KXBTCD-25MAY2219-T111499.99,DELTA,13,100,16,1000,907,yes,7,30
2025-05-22T15:04:56.950001,KXBTCD-25MAY2219-T111499.99,DELTA,13,100,16,1000,908,no,79,-30
2025-05-22T15:04:56.967267,KXBTCD-25MAY2219-T111499.99,DELTA,13,100,16,1000,909,no,81,30
2025-05-22T15:04:57.004457,KXBTCD-25MAY2219-T111499.99,DELTA,13,100,16,1000,910,yes,10,-1000
2025-05-22T15:04:57.044804,KXBTCD-25MAY2219-T111499.99,DELTA,13,100,16,1000,911,yes,8,1000
2025-05-22T15:05:00.364118,KXBTCD-25MAY2219-T111499.99,DELTA,13,100,16,1000,912,no,79,-100
2025-05-22T15:05:01.605128,KXBTCD-25MAY2219-T111499.99,DELTA,13,100,16,1000,913,yes,8,-1000
2025-05-22T15:05:01.683810,KXBTCD-25MAY2219-T111499.99,DELTA,13,100,16,1000,914,no,83,-1250
2025-05-22T15:05:01.884510,KXBTCD-25MAY2219-T111499.99,DELTA,13,100,16,1000,915,yes,11,1000
2025-05-22T15:05:02.605248,KXBTCD-25MAY2219-T111499.99,DELTA,13,100,16,1000,916,no,80,100
2025-05-22T15:05:02.804608,KXBTCD-25MAY2219-T111499.99,DELTA,13,100,16,1000,917,no,72,250
2025-05-22T15:05:03.105085,KXBTCD-25MAY2219-T111499.99,DELTA,13,100,16,1000,918,no,73,1250
2025-05-22T15:05:03.105958,KXBTCD-25MAY2219-T111499.99,DELTA,13,100,16,1000,919,no,51,-2000
2025-05-22T15:05:03.205500,KXBTCD-25MAY2219-T111499.99,DELTA,13,100,16,1000,920,no,73,2000
2025-05-22T15:05:03.508072,KXBTCD-25MAY2219-T111499.99,DELTA,13,100,16,1000,921,no,74,250
2025-05-22T15:05:03.584122,KXBTCD-25MAY2219-T111499.99,DELTA,13,100,16,1000,922,no,73,-2000
2025-05-22T15:05:03.683046,KXBTCD-25MAY2219-T111499.99,DELTA,13,100,16,1000,923,no,70,250
2025-05-22T15:05:03.703818,KXBTCD-25MAY2219-T111499.99,DELTA,13,100,16,1000,924,no,73,-1250
2025-05-22T15:05:03.782936,KXBTCD-25MAY2219-T111499.99,DELTA,13,100,16,1000,925,no,76,250
2025-05-22T15:05:03.803256,KXBTCD-25MAY2219-T111499.99,DELTA,13,100,16,1000,926,no,75,1250
2025-05-22T15:05:03.905251,KXBTCD-25MAY2219-T111499.99,DELTA,13,100,16,1000,927,no,78,250
2025-05-22T15:05:03.984294,KXBTCD-25MAY2219-T111499.99,DELTA,13,100,16,1000,928,yes,6,250
2025-05-22T15:05:04.004061,KXBTCD-25MAY2219-T111499.99,DELTA,13,100,16,1000,929,no,75,2000
2025-05-22T15:05:04.084214,KXBTCD-25MAY2219-T111499.99,DELTA,13,100,16,1000,930,yes,4,250
2025-05-22T15:05:04.105067,KXBTCD-25MAY2219-T111499.99,DELTA,13,100,16,1000,931,no,75,-2000
2025-05-22T15:05:04.105775,KXBTCD-25MAY2219-T111499.99,DELTA,13,100,16,1000,932,yes,2,250
2025-05-22T15:05:04.204203,KXBTCD-25MAY2219-T111499.99,DELTA,13,100,16,1000,933,yes,8,250
2025-05-22T15:05:04.205262,KXBTCD-25MAY2219-T111499.99,DELTA,13,100,16,1000,934,no,75,-1250
2025-05-22T15:05:04.403958,KXBTCD-25MAY2219-T111499.99,DELTA,13,100,16,1000,935,no,79,1250
2025-05-22T15:05:04.405033,KXBTCD-25MAY2219-T111499.99,DELTA,13,100,16,1000,936,yes,10,250
2025-05-22T15:05:04.483553,KXBTCD-25MAY2219-T111499.99,DELTA,13,100,16,1000,937,yes,9,1250
2025-05-22T15:05:04.485155,KXBTCD-25MAY2219-T111499.99,DELTA,13,100,16,1000,938,yes,8,2000
2025-05-22T15:05:04.584650,KXBTCD-25MAY2219-T111499.99,DELTA,13,100,16,1000,939,yes,11,-500
2025-05-22T15:05:04.584998,KXBTCD-25MAY2219-T111499.99,DELTA,13,100,16,1000,940,no,68,250
2025-05-22T15:05:04.604572,KXBTCD-25MAY2219-T111499.99,DELTA,13,100,16,1000,941,no,83,-250
2025-05-22T15:05:04.784120,KXBTCD-25MAY2219-T111499.99,DELTA,13,100,18,14,942,no,84,-1000
2025-05-22T15:05:04.803366,KXBTCD-25MAY2219-T111499.99,DELTA,13,100,18,14,943,no,79,2000
2025-05-22T15:05:04.906155,KXBTCD-25MAY2219-T111499.99,DELTA,13,100,18,14,944,no,78,-250
2025-05-22T15:05:05.004744,KXBTCD-25MAY2219-T111499.99,DELTA,13,100,18,1014,945,no,82,1000
2025-05-22T15:05:05.083834,KXBTCD-25MAY2219-T111499.99,DELTA,13,100,18,1014,946,no,79,-2000
2025-05-22T15:05:05.185203,KXBTCD-25MAY2219-T111499.99,DELTA,13,100,18,1014,947,no,79,-1250
2025-05-22T15:05:05.485080,KXBTCD-25MAY2219-T111499.99,DELTA,13,100,18,1014,948,yes,8,-2000
2025-05-22T15:05:05.486196,KXBTCD-25MAY2219-T111499.99,DELTA,13,100,18,1014,949,no,77,1250
2025-05-22T15:05:05.486928,KXBTCD-25MAY2219-T111499.99,DELTA,13,150,18,1014,950,yes,13,50
2025-05-22T15:05:05.584261,KXBTCD-25MAY2219-T111499.99,DELTA,13,150,18,1014,951,yes,9,-1250
2025-05-22T15:05:05.585076,KXBTCD-25MAY2219-T111499.99,DELTA,13,150,18,1364,952,no,82,350
2025-05-22T15:05:05.687613,KXBTCD-25MAY2219-T111499.99,DELTA,13,150,18,1364,953,yes,9,30
2025-05-22T15:05:05.688673,KXBTCD-25MAY2219-T111499.99,DELTA,13,150,18,1364,954,yes,10,14
2025-05-22T15:05:05.689361,KXBTCD-25MAY2219-T111499.99,DELTA,13,150,18,1364,955,yes,8,-14
2025-05-22T15:05:05.689979,KXBTCD-25MAY2219-T111499.99,DELTA,13,150,18,1364,956,yes,7,-30
2025-05-22T15:05:05.690542,KXBTCD-25MAY2219-T111499.99,DELTA,13,150,18,1364,957,yes,10,1250
2025-05-22T15:05:05.690985,KXBTCD-25MAY2219-T111499.99,DELTA,13,150,18,1364,958,yes,9,2000
2025-05-22T15:05:05.691416,KXBTCD-25MAY2219-T111499.99,DELTA,13,150,18,1350,959,no,82,-14
2025-05-22T15:05:05.691784,KXBTCD-25MAY2219-T111499.99,DELTA,13,150,18,1350,960,no,79,30
2025-05-22T15:05:05.692144,KXBTCD-25MAY2219-T111499.99,DELTA,13,150,18,1350,961,no,80,14
2025-05-22T15:05:05.692479,KXBTCD-25MAY2219-T111499.99,DELTA,13,150,18,1350,962,no,81,-30
2025-05-22T15:05:05.885244,KXBTCD-25MAY2219-T111499.99,DELTA,13,150,18,1350,963,no,77,2000
2025-05-22T15:05:06.084081,KXBTCD-25MAY2219-T111499.99,DELTA,13,150,18,350,964,no,82,-1000
2025-05-22T15:05:06.284545,KXBTCD-25MAY2219-T111499.99,DELTA,13,150,17,1000,965,no,83,1000
2025-05-22T15:05:06.285283,KXBTCD-25MAY2219-T111499.99,DELTA,13,100,17,1000,966,yes,13,-50
2025-05-22T15:05:06.285866,KXBTCD-25MAY2219-T111499.99,DELTA,13,100,17,1000,967,no,78,9
2025-05-22T15:05:06.525483,KXBTCD-25MAY2219-T111499.99,DELTA,13,100,17,1000,968,no,80,-100
2025-05-22T15:05:06.526331,KXBTCD-25MAY2219-T111499.99,DELTA,11,1000,17,1000,969,yes,13,-100
2025-05-22T15:05:06.527147,KXBTCD-25MAY2219-T111499.99,DELTA,13,300,17,1000,970,yes,13,300
2025-05-22T15:05:08.726920,KXBTCD-25MAY2219-T111499.99,DELTA,13,300,17,1000,971,no,39,-830
2025-05-22T15:05:08.727131,KXBTCD-25MAY2219-T111499.99,DELTA,13,300,17,1000,972,no,40,810
2025-05-22T15:05:08.823950,KXBTCD-25MAY2219-T111499.99,DELTA,13,300,17,1000,973,no,78,-9
2025-05-22T15:05:09.663897,KXBTCD-25MAY2219-T111499.99,DELTA,14,100,17,1000,974,yes,14,100
2025-05-22T15:05:09.664119,KXBTCD-25MAY2219-T111499.99,DELTA,14,100,17,1000,975,no,78,100
2025-05-22T15:05:21.384606,KXBTCD-25MAY2219-T111499.99,DELTA,14,100,17,1000,976,no,78,-100
2025-05-22T15:05:21.644652,KXBTCD-25MAY2219-T111499.99,DELTA,14,100,17,1000,977,yes,13,-300
2025-05-22T15:05:21.665333,KXBTCD-25MAY2219-T111499.99,DELTA,14,100,17,1000,978,yes,12,500
2025-05-22T15:05:21.727531,KXBTCD-25MAY2219-T111499.99,DELTA,14,100,17,1000,979,yes,11,-1000
2025-05-22T15:05:21.764927,KXBTCD-25MAY2219-T111499.99,DELTA,14,100,17,1000,980,yes,12,1000
2025-05-22T15:05:22.184947,KXBTCD-25MAY2219-T111499.99,DELTA,14,100,17,1000,981,yes,9,-2000
2025-05-22T15:05:22.204650,KXBTCD-25MAY2219-T111499.99,DELTA,14,100,17,1000,982,yes,12,-1000
2025-05-22T15:05:22.205244,KXBTCD-25MAY2219-T111499.99,DELTA,14,100,17,1000,983,yes,10,-1250
2025-05-22T15:05:22.224814,KXBTCD-25MAY2219-T111499.99,DELTA,14,100,17,1000,984,no,77,-1250
2025-05-22T15:05:22.264729,KXBTCD-25MAY2219-T111499.99,DELTA,14,100,17,1000,985,yes,8,2000
2025-05-22T15:05:22.265284,KXBTCD-25MAY2219-T111499.99,DELTA,14,100,17,1000,986,yes,9,1250
2025-05-22T15:05:22.265706,KXBTCD-25MAY2219-T111499.99,DELTA,14,100,17,1000,987,no,82,1250
2025-05-22T15:05:22.266100,KXBTCD-25MAY2219-T111499.99,DELTA,14,100,17,1000,988,yes,11,1000
2025-05-22T15:05:22.744611,KXBTCD-25MAY2219-T111499.99,DELTA,14,100,17,1000,989,yes,8,-2000
2025-05-22T15:05:22.765817,KXBTCD-25MAY2219-T111499.99,DELTA,14,100,17,1000,990,yes,11,-1000
2025-05-22T15:05:22.766589,KXBTCD-25MAY2219-T111499.99,DELTA,14,100,17,1000,991,yes,9,-1250
2025-05-22T15:05:22.784930,KXBTCD-25MAY2219-T111499.99,DELTA,14,100,17,1000,992,no,82,-1250
2025-05-22T15:05:22.825067,KXBTCD-25MAY2219-T111499.99,DELTA,14,100,17,1000,993,yes,10,1250
2025-05-22T15:05:22.826054,KXBTCD-25MAY2219-T111499.99,DELTA,14,100,17,1000,994,yes,9,2000
2025-05-22T15:05:22.826768,KXBTCD-25MAY2219-T111499.99,DELTA,14,100,17,1000,995,no,77,1250
2025-05-22T15:05:22.827221,KXBTCD-25MAY2219-T111499.99,DELTA,14,100,17,1000,996,yes,12,1000
2025-05-22T15:05:23.919717,KXBTCD-25MAY2219-T111499.99,DELTA,14,100,17,1000,997,no,79,100
2025-05-22T15:05:26.051677,KXBTCD-25MAY2219-T111499.99,DELTA,14,100,17,1000,998,yes,9,-2000
2025-05-22T15:05:26.052712,KXBTCD-25MAY2219-T111499.99,DELTA,14,100,17,1000,999,yes,12,-1000
2025-05-22T15:05:26.053238,KXBTCD-25MAY2219-T111499.99,DELTA,14,100,17,1000,1000,yes,10,-1250
2025-05-22T15:05:26.053691,KXBTCD-25MAY2219-T111499.99,DELTA,14,100,17,1000,1001,no,77,-1250
2025-05-22T15:05:26.054115,KXBTCD-25MAY2219-T111499.99,DELTA,14,100,17,1000,1002,yes,9,1250
2025-05-22T15:05:26.054555,KXBTCD-25MAY2219-T111499.99,DELTA,14,100,17,1000,1003,no,82,1250
2025-05-22T15:05:26.054986,KXBTCD-25MAY2219-T111499.99,DELTA,14,100,17,1000,1004,yes,11,1000
2025-05-22T15:05:26.055424,KXBTCD-25MAY2219-T111499.99,DELTA,14,100,17,1000,1005,yes,8,2000
2025-05-22T15:05:29.086224,KXBTCD-25MAY2219-T111499.99,DELTA,14,100,17,1000,1006,yes,10,-14
2025-05-22T15:05:29.087293,KXBTCD-25MAY2219-T111499.99,DELTA,14,100,17,1000,1007,yes,7,30
2025-05-22T15:05:29.088061,KXBTCD-25MAY2219-T111499.99,DELTA,14,100,17,1000,1008,yes,8,14
2025-05-22T15:05:29.088725,KXBTCD-25MAY2219-T111499.99,DELTA,14,100,17,1000,1009,yes,9,-30
2025-05-22T15:05:29.089227,KXBTCD-25MAY2219-T111499.99,DELTA,14,100,17,1000,1010,no,80,-14
2025-05-22T15:05:29.089661,KXBTCD-25MAY2219-T111499.99,DELTA,14,100,17,1000,1011,no,82,14
2025-05-22T15:05:29.090044,KXBTCD-25MAY2219-T111499.99,DELTA,14,100,17,1000,1012,no,81,30
2025-05-22T15:05:29.104409,KXBTCD-25MAY2219-T111499.99,DELTA,14,100,17,1000,1013,no,79,-30
2025-05-22T15:05:31.644687,KXBTCD-25MAY2219-T111499.99,DELTA,14,100,17,1000,1014,yes,8,-2000
2025-05-22T15:05:31.664905,KXBTCD-25MAY2219-T111499.99,DELTA,14,100,17,1000,1015,yes,11,-1000
2025-05-22T15:05:31.665555,KXBTCD-25MAY2219-T111499.99,DELTA,14,100,17,1000,1016,yes,9,-1250
2025-05-22T15:05:31.684537,KXBTCD-25MAY2219-T111499.99,DELTA,14,100,17,1000,1017,no,82,-1250
2025-05-22T15:05:31.725441,KXBTCD-25MAY2219-T111499.99,DELTA,14,100,17,1000,1018,yes,12,1000
2025-05-22T15:05:31.726103,KXBTCD-25MAY2219-T111499.99,DELTA,14,100,17,1000,1019,yes,10,1250
2025-05-22T15:05:31.744673,KXBTCD-25MAY2219-T111499.99,DELTA,14,100,17,1000,1020,no,77,1250
2025-05-22T15:05:31.745537,KXBTCD-25MAY2219-T111499.99,DELTA,14,100,17,1000,1021,yes,9,2000
2025-05-22T15:05:32.345703,KXBTCD-25MAY2219-T111499.99,DELTA,14,100,17,1000,1022,yes,9,-2000
2025-05-22T15:05:32.364463,KXBTCD-25MAY2219-T111499.99,DELTA,14,100,17,1000,1023,yes,12,-1000
2025-05-22T15:05:32.365175,KXBTCD-25MAY2219-T111499.99,DELTA,14,100,17,1000,1024,yes,10,-1250
2025-05-22T15:05:32.384134,KXBTCD-25MAY2219-T111499.99,DELTA,14,100,17,1000,1025,no,77,-1250
2025-05-22T15:05:32.424150,KXBTCD-25MAY2219-T111499.99,DELTA,14,100,17,1000,1026,yes,8,2000
2025-05-22T15:05:32.424414,KXBTCD-25MAY2219-T111499.99,DELTA,14,100,17,1000,1027,yes,9,1250
2025-05-22T15:05:32.424522,KXBTCD-25MAY2219-T111499.99,DELTA,14,100,17,1000,1028,yes,11,1000
2025-05-22T15:05:32.424608,KXBTCD-25MAY2219-T111499.99,DELTA,14,100,17,1000,1029,no,82,1250
2025-05-22T15:05:36.145035,KXBTCD-25MAY2219-T111499.99,DELTA,14,100,17,1000,1030,yes,10,-250
2025-05-22T15:05:36.224779,KXBTCD-25MAY2219-T111499.99,DELTA,14,100,17,1000,1031,yes,11,-1000
2025-05-22T15:05:36.266328,KXBTCD-25MAY2219-T111499.99,DELTA,14,100,17,1000,1032,yes,9,1000
2025-05-22T15:05:38.304667,KXBTCD-25MAY2219-T111499.99,DELTA,14,100,17,1000,1033,no,79,-100
2025-05-22T15:05:38.305423,KXBTCD-25MAY2219-T111499.99,DELTA,12,500,17,1000,1034,yes,14,-100
2025-05-22T15:05:39.165162,KXBTCD-25MAY2219-T111499.99,DELTA,12,500,17,1000,1035,yes,10,250
2025-05-22T15:05:39.224312,KXBTCD-25MAY2219-T111499.99,DELTA,12,500,17,1000,1036,yes,9,-1000
2025-05-22T15:05:39.284610,KXBTCD-25MAY2219-T111499.99,DELTA,12,500,17,1000,1037,yes,11,1000
2025-05-22T15:05:40.184102,KXBTCD-25MAY2219-T111499.99,DELTA,12,600,17,1000,1038,yes,12,100
2025-05-22T15:05:40.184776,KXBTCD-25MAY2219-T111499.99,DELTA,12,600,17,1000,1039,no,80,100
2025-05-22T15:05:40.224895,KXBTCD-25MAY2219-T111499.99,DELTA,12,600,17,1000,1040,yes,8,-2000
2025-05-22T15:05:40.225566,KXBTCD-25MAY2219-T111499.99,DELTA,12,600,17,1000,1041,yes,11,-1000
2025-05-22T15:05:40.244054,KXBTCD-25MAY2219-T111499.99,DELTA,12,600,17,1000,1042,yes,9,-1250
2025-05-22T15:05:40.244669,KXBTCD-25MAY2219-T111499.99,DELTA,12,600,17,1000,1043,no,82,-1250
2025-05-22T15:05:40.284445,KXBTCD-25MAY2219-T111499.99,DELTA,12,1600,17,1000,1044,yes,12,1000
2025-05-22T15:05:40.285163,KXBTCD-25MAY2219-T111499.99,DELTA,12,1600,17,1000,1045,yes,9,2000
2025-05-22T15:05:40.303855,KXBTCD-25MAY2219-T111499.99,DELTA,12,1600,17,1000,1046,yes,10,1250
2025-05-22T15:05:40.304397,KXBTCD-25MAY2219-T111499.99,DELTA,12,1600,17,1000,1047,no,77,1250
2025-05-22T15:05:41.545190,KXBTCD-25MAY2219-T111499.99,DELTA,12,1500,17,1000,1048,yes,12,-100
2025-05-22T15:05:42.245498,KXBTCD-25MAY2219-T111499.99,DELTA,12,1500,17,1000,1049,yes,9,-2000
2025-05-22T15:05:42.264748,KXBTCD-25MAY2219-T111499.99,DELTA,12,500,17,1000,1050,yes,12,-1000
2025-05-22T15:05:42.284916,KXBTCD-25MAY2219-T111499.99,DELTA,12,500,17,1000,1051,yes,10,-1250
2025-05-22T15:05:42.285725,KXBTCD-25MAY2219-T111499.99,DELTA,12,500,17,1000,1052,no,77,-1250
2025-05-22T15:05:42.345181,KXBTCD-25MAY2219-T111499.99,DELTA,12,500,17,1000,1053,no,82,1250
2025-05-22T15:05:42.345884,KXBTCD-25MAY2219-T111499.99,DELTA,12,500,17,1000,1054,yes,9,1250
2025-05-22T15:05:42.346378,KXBTCD-25MAY2219-T111499.99,DELTA,12,500,17,1000,1055,yes,8,2000
2025-05-22T15:05:42.346817,KXBTCD-25MAY2219-T111499.99,DELTA,12,500,17,1000,1056,yes,11,1000
2025-05-22T15:05:43.049222,KXBTCD-25MAY2219-T111499.99,DELTA,12,600,17,1000,1057,yes,12,100
2025-05-22T15:05:43.823994,KXBTCD-25MAY2219-T111499.99,DELTA,12,500,17,1000,1058,yes,12,-100
2025-05-22T15:05:45.726340,KXBTCD-25MAY2219-T111499.99,DELTA,13,100,17,1000,1059,yes,13,100
2025-05-22T15:05:46.265357,KXBTCD-25MAY2219-T111499.99,DELTA,13,100,17,1000,1060,yes,12,-500
2025-05-22T15:05:46.304985,KXBTCD-25MAY2219-T111499.99,DELTA,13,100,17,1000,1061,yes,11,500
2025-05-22T15:05:53.424468,KXBTCD-25MAY2219-T111499.99,DELTA,13,100,17,1000,1062,no,82,-350
2025-05-22T15:05:53.464450,KXBTCD-25MAY2219-T111499.99,DELTA,13,100,16,50,1063,no,84,50
2025-05-22T15:05:53.484499,KXBTCD-25MAY2219-T111499.99,DELTA,13,100,17,1000,1064,no,84,-50
2025-05-22T15:05:53.485449,KXBTCD-25MAY2219-T111499.99,DELTA,13,100,18,1264,1065,no,83,-1000
2025-05-22T15:05:53.504677,KXBTCD-25MAY2219-T111499.99,DELTA,13,100,18,14,1066,no,82,-1250
2025-05-22T15:05:53.505534,KXBTCD-25MAY2219-T111499.99,DELTA,13,100,17,450,1067,no,83,450
2025-05-22T15:05:53.545233,KXBTCD-25MAY2219-T111499.99,DELTA,13,100,17,450,1068,no,77,1250
2025-05-22T15:05:53.546047,KXBTCD-25MAY2219-T111499.99,DELTA,13,100,17,450,1069,no,82,1000
2025-05-22T15:05:53.584834,KXBTCD-25MAY2219-T111499.99,DELTA,13,100,17,450,1070,no,82,-1000
2025-05-22T15:05:53.626321,KXBTCD-25MAY2219-T111499.99,DELTA,13,100,16,1000,1071,no,84,1000
2025-05-22T15:05:55.064772,KXBTCD-25MAY2219-T111499.99,DELTA,13,100,16,1000,1072,yes,1,32400
2025-05-22T15:05:55.324963,KXBTCD-25MAY2219-T111499.99,DELTA,13,100,16,1000,1073,yes,2,20000
2025-05-22T15:05:55.444677,KXBTCD-25MAY2219-T111499.99,DELTA,13,100,16,1000,1074,yes,8,-2000
2025-05-22T15:05:55.446055,KXBTCD-25MAY2219-T111499.99,DELTA,13,100,16,1000,1075,yes,11,-1000
2025-05-22T15:05:55.465848,KXBTCD-25MAY2219-T111499.99,DELTA,13,100,16,1000,1076,yes,9,-1250
2025-05-22T15:05:55.466695,KXBTCD-25MAY2219-T111499.99,DELTA,13,100,16,1000,1077,no,77,-1250
2025-05-22T15:05:55.525333,KXBTCD-25MAY2219-T111499.99,DELTA,13,100,16,1000,1078,yes,10,1000
2025-05-22T15:05:55.526271,KXBTCD-25MAY2219-T111499.99,DELTA,13,100,16,1000,1079,yes,8,1250
2025-05-22T15:05:55.526799,KXBTCD-25MAY2219-T111499.99,DELTA,13,100,16,1000,1080,no,83,1250
2025-05-22T15:05:55.527287,KXBTCD-25MAY2219-T111499.99,DELTA,13,100,16,1000,1081,yes,7,2000
2025-05-22T15:05:55.584182,KXBTCD-25MAY2219-T111499.99,DELTA,13,100,16,1000,1082,yes,10,-250
2025-05-22T15:05:55.665361,KXBTCD-25MAY2219-T111499.99,DELTA,13,100,16,1000,1083,yes,10,-1000
2025-05-22T15:05:55.743830,KXBTCD-25MAY2219-T111499.99,DELTA,13,100,16,1000,1084,yes,8,-14
2025-05-22T15:05:55.744563,KXBTCD-25MAY2219-T111499.99,DELTA,13,100,16,1000,1085,yes,7,14
2025-05-22T15:05:55.745515,KXBTCD-25MAY2219-T111499.99,DELTA,13,100,16,1000,1086,yes,7,-30
2025-05-22T15:05:55.746070,KXBTCD-25MAY2219-T111499.99,DELTA,13,100,16,1000,1087,yes,6,30
2025-05-22T15:05:55.746566,KXBTCD-25MAY2219-T111499.99,DELTA,13,100,16,1000,1088,no,82,30
2025-05-22T15:05:55.747009,KXBTCD-25MAY2219-T111499.99,DELTA,13,100,16,1000,1089,no,81,-30
2025-05-22T15:05:55.747464,KXBTCD-25MAY2219-T111499.99,DELTA,13,100,16,1000,1090,no,83,14
2025-05-22T15:05:55.747861,KXBTCD-25MAY2219-T111499.99,DELTA,13,100,16,1000,1091,no,82,-14
