timestamp,market_ticker,type,yes_bid_price_cents,yes_bid_qty,yes_ask_price_cents,yes_ask_qty_on_no_side,sequence_num,delta_side,delta_price_cents,delta_quantity
2025-05-21T19:00:24.352456,KXBTCD-25MAY2123-T109999.99,SNAPSHOT,46,100,53,100,1,,,
2025-05-21T19:00:25.556821,KXBTCD-25MAY2123-T109999.99,DELTA,46,100,53,100,2,yes,20,200
2025-05-21T19:00:25.579273,KXBTCD-25MAY2123-T109999.99,DELTA,46,100,53,100,3,no,20,200
2025-05-21T19:00:25.682510,KXBTCD-25MAY2123-T109999.99,DELTA,46,100,53,100,4,yes,21,9
2025-05-21T19:00:25.779471,KXBTCD-25MAY2123-T109999.99,DELTA,46,100,53,100,5,yes,2,-9
2025-05-21T19:00:27.379660,KXBTCD-25MAY2123-T109999.99,DELTA,21,9,53,100,6,yes,46,-100
2025-05-21T19:00:27.598580,KXBTCD-25MAY2123-T109999.99,DELTA,21,9,52,9,7,no,48,9
2025-05-21T19:00:27.599507,KXBTCD-25MAY2123-T109999.99,DELTA,21,9,52,9,8,no,21,9
2025-05-21T19:00:27.599986,KXBTCD-25MAY2123-T109999.99,DELTA,21,9,52,9,9,no,5,-9
2025-05-21T19:00:27.600417,KXBTCD-25MAY2123-T109999.99,DELTA,21,9,52,9,10,yes,2,9
2025-05-21T19:00:27.600789,KXBTCD-25MAY2123-T109999.99,DELTA,21,18,52,9,11,yes,21,9
2025-05-21T19:00:27.601467,KXBTCD-25MAY2123-T109999.99,DELTA,21,9,52,9,12,yes,21,-9
2025-05-21T19:00:28.011532,KXBTCD-25MAY2123-T109999.99,DELTA,21,9,52,9,13,yes,1,-32400
2025-05-21T19:00:28.012396,KXBTCD-25MAY2123-T109999.99,DELTA,21,9,52,9,14,yes,3,10800
2025-05-21T19:00:28.198827,KXBTCD-25MAY2123-T109999.99,DELTA,21,9,52,9,15,no,4,-8100
2025-05-21T19:00:28.199018,KXBTCD-25MAY2123-T109999.99,DELTA,21,9,52,9,16,no,1,32400
2025-05-21T19:00:28.396919,KXBTCD-25MAY2123-T109999.99,DELTA,21,9,52,9,17,yes,2,-9
2025-05-21T19:00:28.397377,KXBTCD-25MAY2123-T109999.99,DELTA,21,9,52,9,18,yes,4,9
2025-05-21T19:00:28.578108,KXBTCD-25MAY2123-T109999.99,DELTA,44,100,52,9,19,yes,44,100
2025-05-21T19:00:28.579373,KXBTCD-25MAY2123-T109999.99,DELTA,44,100,52,9,20,no,47,-100
2025-05-21T19:00:28.759721,KXBTCD-25MAY2123-T109999.99,DELTA,44,100,79,9,21,no,48,-9
2025-05-21T19:00:28.760573,KXBTCD-25MAY2123-T109999.99,DELTA,44,100,79,18,22,no,21,9
2025-05-21T19:00:28.761214,KXBTCD-25MAY2123-T109999.99,DELTA,44,100,79,18,23,yes,21,-9
2025-05-21T19:00:28.761763,KXBTCD-25MAY2123-T109999.99,DELTA,45,9,79,18,24,yes,45,9
2025-05-21T19:00:29.552035,KXBTCD-25MAY2123-T109999.99,DELTA,45,9,79,18,25,yes,44,-100
2025-05-21T19:00:29.637927,KXBTCD-25MAY2123-T109999.99,DELTA,20,200,79,18,26,yes,45,-9
2025-05-21T19:00:29.639036,KXBTCD-25MAY2123-T109999.99,DELTA,21,9,79,18,27,yes,21,9
2025-05-21T19:00:29.639828,KXBTCD-25MAY2123-T109999.99,DELTA,21,9,79,9,28,no,21,-9
2025-05-21T19:00:29.640252,KXBTCD-25MAY2123-T109999.99,DELTA,21,9,79,9,29,no,2,9
2025-05-21T19:00:30.037873,KXBTCD-25MAY2123-T109999.99,DELTA,21,9,53,100,30,no,47,100
2025-05-21T19:00:30.180474,KXBTCD-25MAY2123-T109999.99,DELTA,21,9,53,100,31,no,21,-9
2025-05-21T19:00:30.181962,KXBTCD-25MAY2123-T109999.99,DELTA,21,9,52,9,32,no,48,9
2025-05-21T19:00:30.676974,KXBTCD-25MAY2123-T109999.99,DELTA,44,100,52,9,33,yes,44,100
2025-05-21T19:00:30.718232,KXBTCD-25MAY2123-T109999.99,DELTA,44,100,52,9,34,yes,21,-9
2025-05-21T19:00:30.737028,KXBTCD-25MAY2123-T109999.99,DELTA,44,100,52,9,35,no,2,-9
2025-05-21T19:00:30.737983,KXBTCD-25MAY2123-T109999.99,DELTA,44,100,53,100,36,no,48,-9
2025-05-21T19:00:30.738598,KXBTCD-25MAY2123-T109999.99,DELTA,44,100,53,100,37,yes,21,9
2025-05-21T19:00:30.739081,KXBTCD-25MAY2123-T109999.99,DELTA,44,100,53,100,38,yes,4,-9
2025-05-21T19:00:30.739481,KXBTCD-25MAY2123-T109999.99,DELTA,44,100,53,100,39,no,21,9
2025-05-21T19:00:31.016487,KXBTCD-25MAY2123-T109999.99,DELTA,44,100,53,100,40,yes,3,-10800
2025-05-21T19:00:31.017397,KXBTCD-25MAY2123-T109999.99,DELTA,44,100,53,100,41,yes,1,32400
2025-05-21T19:00:31.496786,KXBTCD-25MAY2123-T109999.99,DELTA,21,9,53,100,42,yes,44,-100
2025-05-21T19:00:31.617743,KXBTCD-25MAY2123-T109999.99,DELTA,21,9,53,100,43,yes,2,9
2025-05-21T19:00:31.618797,KXBTCD-25MAY2123-T109999.99,DELTA,20,200,53,100,44,yes,21,-9
2025-05-21T19:00:31.619628,KXBTCD-25MAY2123-T109999.99,DELTA,21,9,53,100,45,yes,21,9
2025-05-21T19:00:31.620285,KXBTCD-25MAY2123-T109999.99,DELTA,21,9,52,9,46,no,48,9
2025-05-21T19:00:31.956726,KXBTCD-25MAY2123-T109999.99,DELTA,21,9,52,9,47,yes,1,-32400
2025-05-21T19:00:31.957270,KXBTCD-25MAY2123-T109999.99,DELTA,21,9,52,9,48,yes,3,10800
2025-05-21T19:00:32.577713,KXBTCD-25MAY2123-T109999.99,DELTA,21,9,52,9,49,no,47,-100
2025-05-21T19:00:32.598017,KXBTCD-25MAY2123-T109999.99,DELTA,44,100,52,9,50,yes,44,100
2025-05-21T19:00:32.718532,KXBTCD-25MAY2123-T109999.99,DELTA,44,100,52,9,51,yes,2,-9
2025-05-21T19:00:32.719334,KXBTCD-25MAY2123-T109999.99,DELTA,44,100,52,9,52,no,21,-9
2025-05-21T19:00:32.740754,KXBTCD-25MAY2123-T109999.99,DELTA,44,100,80,200,53,no,48,-9
2025-05-21T19:00:32.741660,KXBTCD-25MAY2123-T109999.99,DELTA,44,100,79,9,54,no,21,9
2025-05-21T19:00:32.742364,KXBTCD-25MAY2123-T109999.99,DELTA,44,100,79,9,55,no,2,9
2025-05-21T19:00:32.743200,KXBTCD-25MAY2123-T109999.99,DELTA,44,100,79,9,56,yes,4,9
2025-05-21T19:00:32.837925,KXBTCD-25MAY2123-T109999.99,DELTA,44,100,79,9,57,yes,3,-10800
2025-05-21T19:00:32.839015,KXBTCD-25MAY2123-T109999.99,DELTA,44,100,79,9,58,yes,5,6480
2025-05-21T19:00:32.898513,KXBTCD-25MAY2123-T109999.99,DELTA,44,100,79,9,59,no,1,-32400
2025-05-21T19:00:32.899489,KXBTCD-25MAY2123-T109999.99,DELTA,44,100,79,9,60,no,3,10800
2025-05-21T19:00:33.959955,KXBTCD-25MAY2123-T109999.99,DELTA,44,100,52,100,61,no,48,100
2025-05-21T19:00:34.097088,KXBTCD-25MAY2123-T109999.99,DELTA,44,100,52,100,62,yes,4,-9
2025-05-21T19:00:34.116266,KXBTCD-25MAY2123-T109999.99,DELTA,44,100,52,100,63,yes,21,9
2025-05-21T19:00:34.117576,KXBTCD-25MAY2123-T109999.99,DELTA,44,100,52,100,64,no,21,9
2025-05-21T19:00:34.118328,KXBTCD-25MAY2123-T109999.99,DELTA,44,100,52,100,65,no,21,-9
2025-05-21T19:00:34.118807,KXBTCD-25MAY2123-T109999.99,DELTA,44,100,52,100,66,no,2,-9
2025-05-21T19:00:34.137197,KXBTCD-25MAY2123-T109999.99,DELTA,44,100,52,100,67,yes,21,-9
2025-05-21T19:00:34.798443,KXBTCD-25MAY2123-T109999.99,DELTA,44,100,52,100,68,yes,5,-6480
2025-05-21T19:00:34.799263,KXBTCD-25MAY2123-T109999.99,DELTA,44,100,52,100,69,yes,1,32400
2025-05-21T19:00:34.838659,KXBTCD-25MAY2123-T109999.99,DELTA,44,100,52,100,70,no,3,-10800
2025-05-21T19:00:34.839714,KXBTCD-25MAY2123-T109999.99,DELTA,44,100,52,100,71,no,1,32400
2025-05-21T19:00:42.578882,KXBTCD-25MAY2123-T109999.99,DELTA,44,100,79,9,72,no,48,-100
2025-05-21T19:00:42.696866,KXBTCD-25MAY2123-T109999.99,DELTA,45,9,79,9,73,yes,45,9
2025-05-21T19:00:42.697087,KXBTCD-25MAY2123-T109999.99,DELTA,45,9,79,18,74,no,21,9
2025-05-21T19:00:42.697334,KXBTCD-25MAY2123-T109999.99,DELTA,45,9,79,18,75,no,2,9
2025-05-21T19:00:42.716990,KXBTCD-25MAY2123-T109999.99,DELTA,45,9,79,9,76,no,21,-9
2025-05-21T19:00:43.017804,KXBTCD-25MAY2123-T109999.99,DELTA,45,9,79,9,77,no,1,-32400
2025-05-21T19:00:43.018710,KXBTCD-25MAY2123-T109999.99,DELTA,45,9,79,9,78,no,3,10800
2025-05-21T19:00:43.477277,KXBTCD-25MAY2123-T109999.99,DELTA,45,9,51,100,79,no,49,100
2025-05-21T19:00:43.557873,KXBTCD-25MAY2123-T109999.99,DELTA,45,9,51,100,80,no,2,-9
2025-05-21T19:00:43.559198,KXBTCD-25MAY2123-T109999.99,DELTA,45,9,51,100,81,no,21,9
2025-05-21T19:00:43.657050,KXBTCD-25MAY2123-T109999.99,DELTA,45,9,51,100,82,no,21,-9
2025-05-21T19:00:43.676337,KXBTCD-25MAY2123-T109999.99,DELTA,44,100,51,100,83,yes,45,-9
2025-05-21T19:00:43.897562,KXBTCD-25MAY2123-T109999.99,DELTA,44,100,51,100,84,no,3,-10800
2025-05-21T19:00:43.898605,KXBTCD-25MAY2123-T109999.99,DELTA,44,100,51,100,85,no,1,32400
2025-05-21T19:00:45.018154,KXBTCD-25MAY2123-T109999.99,DELTA,44,100,79,9,86,no,49,-100
2025-05-21T19:00:45.037920,KXBTCD-25MAY2123-T109999.99,DELTA,21,9,79,9,87,yes,44,-100
2025-05-21T19:00:45.158532,KXBTCD-25MAY2123-T109999.99,DELTA,21,9,79,18,88,no,21,9
2025-05-21T19:00:45.159813,KXBTCD-25MAY2123-T109999.99,DELTA,45,9,79,18,89,yes,45,9
2025-05-21T19:00:45.160401,KXBTCD-25MAY2123-T109999.99,DELTA,45,9,79,18,90,no,2,9
2025-05-21T19:00:45.160805,KXBTCD-25MAY2123-T109999.99,DELTA,45,9,79,9,91,no,21,-9
2025-05-21T19:00:45.939466,KXBTCD-25MAY2123-T109999.99,DELTA,45,9,79,9,92,no,1,-32400
2025-05-21T19:00:45.939925,KXBTCD-25MAY2123-T109999.99,DELTA,45,9,79,9,93,no,3,10800
2025-05-21T19:00:46.055889,KXBTCD-25MAY2123-T109999.99,DELTA,45,9,79,9,94,yes,2,9
2025-05-21T19:00:46.075745,KXBTCD-25MAY2123-T109999.99,DELTA,46,100,79,9,95,yes,46,100
2025-05-21T19:00:46.076663,KXBTCD-25MAY2123-T109999.99,DELTA,46,100,79,9,96,yes,21,-9
2025-05-21T19:00:46.077609,KXBTCD-25MAY2123-T109999.99,DELTA,46,100,79,9,97,no,2,-9
2025-05-21T19:00:46.078171,KXBTCD-25MAY2123-T109999.99,DELTA,46,100,79,9,98,no,4,9
2025-05-21T19:00:46.078938,KXBTCD-25MAY2123-T109999.99,DELTA,46,100,54,100,99,no,46,100
2025-05-21T19:00:46.079536,KXBTCD-25MAY2123-T109999.99,DELTA,46,100,54,100,100,yes,45,-9
2025-05-21T19:00:46.080038,KXBTCD-25MAY2123-T109999.99,DELTA,46,100,54,100,101,yes,21,9
2025-05-21T19:00:46.496751,KXBTCD-25MAY2123-T109999.99,DELTA,21,9,54,100,102,yes,46,-100
2025-05-21T19:00:46.599599,KXBTCD-25MAY2123-T109999.99,DELTA,21,9,54,100,103,no,21,-9
2025-05-21T19:00:46.600662,KXBTCD-25MAY2123-T109999.99,DELTA,21,9,53,9,104,no,47,9
2025-05-21T19:00:47.976945,KXBTCD-25MAY2123-T109999.99,DELTA,46,100,53,9,105,yes,46,100
2025-05-21T19:00:48.096925,KXBTCD-25MAY2123-T109999.99,DELTA,46,100,53,9,106,no,21,9
2025-05-21T19:00:48.116670,KXBTCD-25MAY2123-T109999.99,DELTA,46,100,53,9,107,yes,2,-9
2025-05-21T19:00:48.117422,KXBTCD-25MAY2123-T109999.99,DELTA,46,100,54,100,108,no,47,-9
2025-05-21T19:00:48.118020,KXBTCD-25MAY2123-T109999.99,DELTA,46,100,54,100,109,yes,21,-9
2025-05-21T19:00:48.118583,KXBTCD-25MAY2123-T109999.99,DELTA,46,100,54,100,110,no,4,-9
2025-05-21T19:00:48.119106,KXBTCD-25MAY2123-T109999.99,DELTA,46,100,54,100,111,yes,21,9
2025-05-21T19:00:48.315599,KXBTCD-25MAY2123-T109999.99,DELTA,46,100,79,9,112,no,46,-100
2025-05-21T19:00:48.364784,KXBTCD-25MAY2123-T109999.99,DELTA,46,100,79,9,113,yes,21,3000
2025-05-21T19:00:48.365112,KXBTCD-25MAY2123-T109999.99,DELTA,46,100,73,3000,114,no,27,3000
2025-05-21T19:00:48.375947,KXBTCD-25MAY2123-T109999.99,DELTA,46,100,73,3000,115,yes,3,80000
2025-05-21T19:00:48.376722,KXBTCD-25MAY2123-T109999.99,DELTA,46,100,73,3000,116,no,1,8000
2025-05-21T19:00:48.378698,KXBTCD-25MAY2123-T109999.99,DELTA,46,100,73,3000,117,no,3,80000
2025-05-21T19:00:48.556728,KXBTCD-25MAY2123-T109999.99,DELTA,47,9,73,3000,118,yes,47,9
2025-05-21T19:00:48.557137,KXBTCD-25MAY2123-T109999.99,DELTA,47,9,72,9,119,no,28,9
2025-05-21T19:00:49.376645,KXBTCD-25MAY2123-T109999.99,DELTA,47,9,72,9,120,yes,21,1000
2025-05-21T19:00:49.402763,KXBTCD-25MAY2123-T109999.99,DELTA,47,9,72,9,121,no,4,20000
2025-05-21T19:00:49.403198,KXBTCD-25MAY2123-T109999.99,DELTA,47,9,72,9,122,yes,21,2000
2025-05-21T19:00:49.403919,KXBTCD-25MAY2123-T109999.99,DELTA,47,9,72,9,123,no,21,2000
2025-05-21T19:00:49.404465,KXBTCD-25MAY2123-T109999.99,DELTA,47,9,72,9,124,no,21,1000
2025-05-21T19:00:49.404690,KXBTCD-25MAY2123-T109999.99,DELTA,47,9,72,9,125,yes,2,20000
2025-05-21T19:00:49.496320,KXBTCD-25MAY2123-T109999.99,DELTA,47,9,54,100,126,no,46,100
2025-05-21T19:00:49.560012,KXBTCD-25MAY2123-T109999.99,DELTA,47,9,54,100,127,no,21,-1000
2025-05-21T19:00:49.616916,KXBTCD-25MAY2123-T109999.99,DELTA,47,9,54,100,128,yes,21,-9
2025-05-21T19:00:49.623207,KXBTCD-25MAY2123-T109999.99,DELTA,47,9,54,100,129,no,21,-9
2025-05-21T19:00:49.636382,KXBTCD-25MAY2123-T109999.99,DELTA,47,9,54,100,130,yes,22,9
2025-05-21T19:00:49.699165,KXBTCD-25MAY2123-T109999.99,DELTA,47,9,72,9,131,no,46,-100
2025-05-21T19:00:50.155938,KXBTCD-25MAY2123-T109999.99,DELTA,47,9,72,9,132,yes,46,-100
2025-05-21T19:00:50.217415,KXBTCD-25MAY2123-T109999.99,DELTA,47,9,72,9,133,no,21,1000
2025-05-21T19:00:50.275946,KXBTCD-25MAY2123-T109999.99,DELTA,47,9,72,9,134,yes,22,-9
2025-05-21T19:00:50.276247,KXBTCD-25MAY2123-T109999.99,DELTA,21,6000,72,9,135,yes,47,-9
2025-05-21T19:00:50.276412,KXBTCD-25MAY2123-T109999.99,DELTA,22,9,72,9,136,yes,22,9
2025-05-21T19:00:50.649722,KXBTCD-25MAY2123-T109999.99,DELTA,22,9,52,100,137,no,48,100
2025-05-21T19:00:50.734804,KXBTCD-25MAY2123-T109999.99,DELTA,22,9,52,100,138,no,21,-1000
2025-05-21T19:00:50.753203,KXBTCD-25MAY2123-T109999.99,DELTA,22,9,51,1000,139,no,49,1000
2025-05-21T19:00:50.753865,KXBTCD-25MAY2123-T109999.99,DELTA,22,9,51,1000,140,no,28,-9
2025-05-21T19:00:50.754307,KXBTCD-25MAY2123-T109999.99,DELTA,22,9,51,1009,141,no,49,9
2025-05-21T19:00:51.225472,KXBTCD-25MAY2123-T109999.99,DELTA,44,100,51,1009,142,yes,44,100
2025-05-21T19:00:51.355941,KXBTCD-25MAY2123-T109999.99,DELTA,44,100,51,1009,143,yes,22,9
2025-05-21T19:00:51.357525,KXBTCD-25MAY2123-T109999.99,DELTA,44,100,51,1009,144,yes,22,-9
2025-05-21T19:00:51.357878,KXBTCD-25MAY2123-T109999.99,DELTA,44,100,51,1000,145,no,49,-9
2025-05-21T19:00:52.038170,KXBTCD-25MAY2123-T109999.99,DELTA,44,100,51,1000,146,yes,42,24
2025-05-21T19:00:52.059019,KXBTCD-25MAY2123-T109999.99,DELTA,44,100,51,1000,147,no,41,24
2025-05-21T19:00:52.776820,KXBTCD-25MAY2123-T109999.99,DELTA,44,100,51,1000,148,yes,1,-32400
2025-05-21T19:00:52.777177,KXBTCD-25MAY2123-T109999.99,DELTA,44,100,51,1000,149,yes,4,8100
2025-05-21T19:00:52.836520,KXBTCD-25MAY2123-T109999.99,DELTA,44,100,51,1000,150,no,3,-10800
2025-05-21T19:00:52.836720,KXBTCD-25MAY2123-T109999.99,DELTA,44,100,51,1000,151,no,5,6480
2025-05-21T19:00:52.855850,KXBTCD-25MAY2123-T109999.99,DELTA,44,100,51,1000,152,yes,2,-20000
2025-05-21T19:00:52.896042,KXBTCD-25MAY2123-T109999.99,DELTA,44,100,51,1000,153,yes,5,20000
2025-05-21T19:00:52.916284,KXBTCD-25MAY2123-T109999.99,DELTA,44,100,51,1000,154,no,4,-20000
2025-05-21T19:00:52.955850,KXBTCD-25MAY2123-T109999.99,DELTA,44,100,51,1000,155,no,6,20000
2025-05-21T19:00:55.755305,KXBTCD-25MAY2123-T109999.99,DELTA,44,100,51,1000,156,yes,4,-8100
2025-05-21T19:00:55.755503,KXBTCD-25MAY2123-T109999.99,DELTA,44,100,51,1000,157,yes,6,5400
2025-05-21T19:00:55.755827,KXBTCD-25MAY2123-T109999.99,DELTA,44,100,51,1000,158,no,5,-6480
2025-05-21T19:00:55.756015,KXBTCD-25MAY2123-T109999.99,DELTA,44,100,51,1000,159,no,7,4628
2025-05-21T19:00:55.756132,KXBTCD-25MAY2123-T109999.99,DELTA,44,100,51,1000,160,yes,5,-20000
2025-05-21T19:00:55.823877,KXBTCD-25MAY2123-T109999.99,DELTA,44,100,51,1000,161,yes,7,20000
2025-05-21T19:00:55.832360,KXBTCD-25MAY2123-T109999.99,DELTA,44,100,51,1000,162,no,6,-20000
2025-05-21T19:00:55.871791,KXBTCD-25MAY2123-T109999.99,DELTA,44,100,51,1000,163,no,8,20000
2025-05-21T19:00:56.496451,KXBTCD-25MAY2123-T109999.99,DELTA,44,100,51,1000,164,no,48,-100
2025-05-21T19:00:56.555612,KXBTCD-25MAY2123-T109999.99,DELTA,44,100,59,24,165,no,49,-1000
2025-05-21T19:00:56.595835,KXBTCD-25MAY2123-T109999.99,DELTA,44,100,59,24,166,no,21,1000
2025-05-21T19:00:57.018697,KXBTCD-25MAY2123-T109999.99,DELTA,44,100,59,24,167,yes,6,-5400
2025-05-21T19:00:57.018907,KXBTCD-25MAY2123-T109999.99,DELTA,44,100,59,24,168,yes,8,4050
2025-05-21T19:00:57.057631,KXBTCD-25MAY2123-T109999.99,DELTA,44,100,59,24,169,no,7,-4628
2025-05-21T19:00:57.057933,KXBTCD-25MAY2123-T109999.99,DELTA,44,100,59,24,170,no,9,3600
2025-05-21T19:00:57.082025,KXBTCD-25MAY2123-T109999.99,DELTA,44,100,59,24,171,yes,7,-20000
2025-05-21T19:00:57.121970,KXBTCD-25MAY2123-T109999.99,DELTA,44,100,59,24,172,no,8,-20000
2025-05-21T19:00:57.122371,KXBTCD-25MAY2123-T109999.99,DELTA,44,100,59,24,173,yes,9,20000
2025-05-21T19:00:57.139106,KXBTCD-25MAY2123-T109999.99,DELTA,44,100,59,24,174,no,28,9
2025-05-21T19:00:57.139514,KXBTCD-25MAY2123-T109999.99,DELTA,45,9,59,24,175,yes,45,9
2025-05-21T19:00:57.158059,KXBTCD-25MAY2123-T109999.99,DELTA,45,9,59,24,176,no,10,20000
2025-05-21T19:00:57.717669,KXBTCD-25MAY2123-T109999.99,DELTA,45,9,52,100,177,no,48,100
2025-05-21T19:00:57.796757,KXBTCD-25MAY2123-T109999.99,DELTA,45,9,52,100,178,no,21,-1000
2025-05-21T19:00:57.835416,KXBTCD-25MAY2123-T109999.99,DELTA,45,9,51,1000,179,no,49,1000
2025-05-21T19:00:57.857409,KXBTCD-25MAY2123-T109999.99,DELTA,45,9,51,1000,180,no,42,9
2025-05-21T19:00:57.857659,KXBTCD-25MAY2123-T109999.99,DELTA,44,100,51,1000,181,yes,45,-9
2025-05-21T19:00:57.938076,KXBTCD-25MAY2123-T109999.99,DELTA,44,100,51,1000,182,no,28,-9
2025-05-21T19:00:58.276811,KXBTCD-25MAY2123-T109999.99,DELTA,44,100,51,1000,183,yes,8,-4050
2025-05-21T19:00:58.277790,KXBTCD-25MAY2123-T109999.99,DELTA,44,100,51,1000,184,yes,10,3240
2025-05-21T19:00:58.336275,KXBTCD-25MAY2123-T109999.99,DELTA,44,100,51,1000,185,no,9,-3600
2025-05-21T19:00:58.336762,KXBTCD-25MAY2123-T109999.99,DELTA,44,100,51,1000,186,no,11,2945
2025-05-21T19:00:58.337174,KXBTCD-25MAY2123-T109999.99,DELTA,44,100,51,1000,187,yes,9,-20000
2025-05-21T19:00:58.376687,KXBTCD-25MAY2123-T109999.99,DELTA,44,100,51,1000,188,yes,11,20000
2025-05-21T19:00:58.415961,KXBTCD-25MAY2123-T109999.99,DELTA,44,100,51,1000,189,no,10,-20000
2025-05-21T19:00:58.435977,KXBTCD-25MAY2123-T109999.99,DELTA,44,100,51,1000,190,no,48,-100
2025-05-21T19:00:58.516478,KXBTCD-25MAY2123-T109999.99,DELTA,44,100,58,9,191,no,49,-1000
2025-05-21T19:00:58.576259,KXBTCD-25MAY2123-T109999.99,DELTA,44,100,58,9,192,no,21,1000
2025-05-21T19:00:58.639202,KXBTCD-25MAY2123-T109999.99,DELTA,44,100,58,9,193,no,28,9
2025-05-21T19:00:58.656270,KXBTCD-25MAY2123-T109999.99,DELTA,44,100,59,24,194,no,42,-9
2025-05-21T19:00:59.318243,KXBTCD-25MAY2123-T109999.99,DELTA,44,100,52,100,195,no,48,100
2025-05-21T19:00:59.389896,KXBTCD-25MAY2123-T109999.99,DELTA,44,100,52,100,196,no,21,-1000
2025-05-21T19:00:59.417879,KXBTCD-25MAY2123-T109999.99,DELTA,44,100,51,1000,197,no,49,1000
2025-05-21T19:00:59.436854,KXBTCD-25MAY2123-T109999.99,DELTA,44,100,51,1000,198,no,42,9
2025-05-21T19:00:59.437624,KXBTCD-25MAY2123-T109999.99,DELTA,44,100,51,1000,199,no,28,-9
2025-05-21T19:00:59.516966,KXBTCD-25MAY2123-T109999.99,DELTA,44,100,51,1000,200,yes,10,-3240
2025-05-21T19:00:59.517237,KXBTCD-25MAY2123-T109999.99,DELTA,44,100,51,1000,201,yes,12,2700
2025-05-21T19:00:59.556535,KXBTCD-25MAY2123-T109999.99,DELTA,44,100,51,1000,202,no,48,-100
2025-05-21T19:00:59.556762,KXBTCD-25MAY2123-T109999.99,DELTA,44,100,51,1000,203,no,11,-2945
2025-05-21T19:00:59.556870,KXBTCD-25MAY2123-T109999.99,DELTA,44,100,51,1000,204,no,4,8100
2025-05-21T19:00:59.576487,KXBTCD-25MAY2123-T109999.99,DELTA,44,100,51,1000,205,yes,11,-20000
2025-05-21T19:00:59.756370,KXBTCD-25MAY2123-T109999.99,DELTA,44,100,51,1000,206,no,5,20000
2025-05-21T19:00:59.757102,KXBTCD-25MAY2123-T109999.99,DELTA,44,100,58,9,207,no,49,-1000
2025-05-21T19:00:59.818158,KXBTCD-25MAY2123-T109999.99,DELTA,44,100,58,9,208,no,21,1000
2025-05-21T19:00:59.882551,KXBTCD-25MAY2123-T109999.99,DELTA,45,9,58,9,209,yes,45,9
2025-05-21T19:00:59.883154,KXBTCD-25MAY2123-T109999.99,DELTA,45,9,58,9,210,no,28,9
2025-05-21T19:01:00.396319,KXBTCD-25MAY2123-T109999.99,DELTA,45,9,52,100,211,no,48,100
2025-05-21T19:01:00.485497,KXBTCD-25MAY2123-T109999.99,DELTA,45,9,52,100,212,no,21,-1000
2025-05-21T19:01:00.501853,KXBTCD-25MAY2123-T109999.99,DELTA,45,9,51,1000,213,no,49,1000
2025-05-21T19:01:00.517768,KXBTCD-25MAY2123-T109999.99,DELTA,45,9,51,1000,214,no,28,-9
2025-05-21T19:01:00.517961,KXBTCD-25MAY2123-T109999.99,DELTA,44,100,51,1000,215,yes,45,-9
2025-05-21T19:01:00.597184,KXBTCD-25MAY2123-T109999.99,DELTA,44,100,51,1000,216,no,48,-100
2025-05-21T19:01:00.674346,KXBTCD-25MAY2123-T109999.99,DELTA,44,100,58,9,217,no,49,-1000
2025-05-21T19:01:00.740217,KXBTCD-25MAY2123-T109999.99,DELTA,44,100,58,9,218,no,21,1000
2025-05-21T19:01:00.831477,KXBTCD-25MAY2123-T109999.99,DELTA,44,100,58,9,219,yes,12,-2700
2025-05-21T19:01:00.831870,KXBTCD-25MAY2123-T109999.99,DELTA,44,100,58,9,220,yes,4,8100
2025-05-21T19:01:00.882355,KXBTCD-25MAY2123-T109999.99,DELTA,44,100,58,9,221,yes,5,20000
2025-05-21T19:01:00.932515,KXBTCD-25MAY2123-T109999.99,DELTA,45,9,58,9,222,yes,45,9
2025-05-21T19:01:00.933175,KXBTCD-25MAY2123-T109999.99,DELTA,45,9,58,9,223,no,28,9
2025-05-21T19:01:00.957825,KXBTCD-25MAY2123-T109999.99,DELTA,45,9,58,9,224,no,4,-8100
2025-05-21T19:01:00.958276,KXBTCD-25MAY2123-T109999.99,DELTA,45,9,58,9,225,no,6,5400
2025-05-21T19:01:00.976110,KXBTCD-25MAY2123-T109999.99,DELTA,45,9,58,9,226,no,5,-20000
2025-05-21T19:01:01.016893,KXBTCD-25MAY2123-T109999.99,DELTA,45,9,58,9,227,no,7,20000
2025-05-21T19:01:01.796724,KXBTCD-25MAY2123-T109999.99,DELTA,45,9,52,100,228,no,48,100
2025-05-21T19:01:01.856548,KXBTCD-25MAY2123-T109999.99,DELTA,45,9,52,100,229,no,21,-1000
2025-05-21T19:01:01.916939,KXBTCD-25MAY2123-T109999.99,DELTA,45,9,51,1000,230,no,49,1000
2025-05-21T19:01:01.917495,KXBTCD-25MAY2123-T109999.99,DELTA,45,9,51,1000,231,no,28,-9
2025-05-21T19:01:01.937819,KXBTCD-25MAY2123-T109999.99,DELTA,44,100,51,1000,232,yes,45,-9
2025-05-21T19:01:03.547547,KXBTCD-25MAY2123-T109999.99,DELTA,42,24,51,1000,233,yes,44,-100
2025-05-21T19:01:03.636590,KXBTCD-25MAY2123-T109999.99,DELTA,42,24,51,1000,234,no,42,-9
2025-05-21T19:01:04.483447,KXBTCD-25MAY2123-T109999.99,DELTA,44,100,51,1000,235,yes,44,100
2025-05-21T19:01:07.576202,KXBTCD-25MAY2123-T109999.99,DELTA,44,100,51,1000,236,no,48,-100
2025-05-21T19:01:07.636796,KXBTCD-25MAY2123-T109999.99,DELTA,44,100,51,1000,237,yes,4,-8100
2025-05-21T19:01:07.637767,KXBTCD-25MAY2123-T109999.99,DELTA,44,100,51,1000,238,yes,6,5400
2025-05-21T19:01:07.658611,KXBTCD-25MAY2123-T109999.99,DELTA,44,100,59,24,239,no,49,-1000
2025-05-21T19:01:07.697698,KXBTCD-25MAY2123-T109999.99,DELTA,44,100,59,24,240,no,6,-5400
2025-05-21T19:01:07.698566,KXBTCD-25MAY2123-T109999.99,DELTA,44,100,59,24,241,no,8,4050
2025-05-21T19:01:07.699187,KXBTCD-25MAY2123-T109999.99,DELTA,44,100,59,24,242,no,21,1000
2025-05-21T19:01:07.699724,KXBTCD-25MAY2123-T109999.99,DELTA,44,100,59,24,243,yes,5,-20000
2025-05-21T19:01:07.757848,KXBTCD-25MAY2123-T109999.99,DELTA,44,100,59,24,244,yes,7,20000
2025-05-21T19:01:07.758688,KXBTCD-25MAY2123-T109999.99,DELTA,44,100,59,24,245,no,7,-20000
2025-05-21T19:01:07.846750,KXBTCD-25MAY2123-T109999.99,DELTA,44,100,59,24,246,no,9,20000
2025-05-21T19:01:08.397290,KXBTCD-25MAY2123-T109999.99,DELTA,44,100,59,24,247,no,20,-200
2025-05-21T19:01:08.397633,KXBTCD-25MAY2123-T109999.99,DELTA,44,100,59,24,248,no,30,200
2025-05-21T19:01:08.397937,KXBTCD-25MAY2123-T109999.99,DELTA,44,100,59,24,249,yes,39,24
2025-05-21T19:01:08.416662,KXBTCD-25MAY2123-T109999.99,DELTA,44,100,57,24,250,no,43,24
2025-05-21T19:01:08.437329,KXBTCD-25MAY2123-T109999.99,DELTA,44,100,57,24,251,yes,42,-24
2025-05-21T19:01:08.437593,KXBTCD-25MAY2123-T109999.99,DELTA,44,100,57,24,252,no,41,-24
2025-05-21T19:01:08.456245,KXBTCD-25MAY2123-T109999.99,DELTA,44,100,57,24,253,no,21,-2000
2025-05-21T19:01:08.476507,KXBTCD-25MAY2123-T109999.99,DELTA,44,100,57,24,254,no,21,-1000
2025-05-21T19:01:08.536867,KXBTCD-25MAY2123-T109999.99,DELTA,44,100,57,24,255,no,31,2000
2025-05-21T19:01:08.537488,KXBTCD-25MAY2123-T109999.99,DELTA,44,100,57,24,256,no,31,9
2025-05-21T19:01:08.538005,KXBTCD-25MAY2123-T109999.99,DELTA,44,100,57,24,257,no,31,1000
2025-05-21T19:01:08.538450,KXBTCD-25MAY2123-T109999.99,DELTA,44,100,57,24,258,yes,22,-9
2025-05-21T19:01:08.538838,KXBTCD-25MAY2123-T109999.99,DELTA,45,9,57,24,259,yes,45,9
2025-05-21T19:01:08.539162,KXBTCD-25MAY2123-T109999.99,DELTA,45,9,57,24,260,yes,40,9
2025-05-21T19:01:08.555520,KXBTCD-25MAY2123-T109999.99,DELTA,45,9,57,24,261,no,31,9
2025-05-21T19:01:08.897263,KXBTCD-25MAY2123-T109999.99,DELTA,45,9,51,100,262,no,49,100
2025-05-21T19:01:08.956266,KXBTCD-25MAY2123-T109999.99,DELTA,45,9,51,100,263,no,31,-1000
2025-05-21T19:01:08.996354,KXBTCD-25MAY2123-T109999.99,DELTA,45,9,51,100,264,yes,44,-100
2025-05-21T19:01:08.996838,KXBTCD-25MAY2123-T109999.99,DELTA,45,9,50,1000,265,no,50,1000
2025-05-21T19:01:08.996979,KXBTCD-25MAY2123-T109999.99,DELTA,45,9,50,1000,266,no,31,-9
2025-05-21T19:01:09.016584,KXBTCD-25MAY2123-T109999.99,DELTA,40,9,50,1000,267,yes,45,-9
2025-05-21T19:01:09.297841,KXBTCD-25MAY2123-T109999.99,DELTA,40,9,50,1000,268,no,49,-100
2025-05-21T19:01:09.355595,KXBTCD-25MAY2123-T109999.99,DELTA,40,9,57,24,269,no,50,-1000
2025-05-21T19:01:09.394995,KXBTCD-25MAY2123-T109999.99,DELTA,40,9,57,24,270,no,31,1000
2025-05-21T19:01:09.415874,KXBTCD-25MAY2123-T109999.99,DELTA,39,24,57,24,271,yes,40,-9
2025-05-21T19:01:09.416191,KXBTCD-25MAY2123-T109999.99,DELTA,39,24,57,24,272,yes,22,9
2025-05-21T19:01:09.488189,KXBTCD-25MAY2123-T109999.99,DELTA,39,24,57,24,273,no,31,-9
2025-05-21T19:01:09.556372,KXBTCD-25MAY2123-T109999.99,DELTA,39,24,57,24,274,no,32,9
2025-05-21T19:01:09.556655,KXBTCD-25MAY2123-T109999.99,DELTA,39,24,57,24,275,yes,22,9
2025-05-21T19:01:10.197013,KXBTCD-25MAY2123-T109999.99,DELTA,41,100,57,24,276,yes,41,100
2025-05-21T19:01:10.197617,KXBTCD-25MAY2123-T109999.99,DELTA,41,100,50,100,277,no,50,100
2025-05-21T19:01:10.260951,KXBTCD-25MAY2123-T109999.99,DELTA,41,100,50,100,278,yes,21,-1000
2025-05-21T19:01:10.262000,KXBTCD-25MAY2123-T109999.99,DELTA,41,100,50,100,279,no,31,-1000
2025-05-21T19:01:10.316488,KXBTCD-25MAY2123-T109999.99,DELTA,41,1100,50,100,280,yes,41,1000
2025-05-21T19:01:10.344182,KXBTCD-25MAY2123-T109999.99,DELTA,41,1100,50,100,281,no,32,-9
2025-05-21T19:01:10.344937,KXBTCD-25MAY2123-T109999.99,DELTA,41,1100,50,100,282,no,44,9
2025-05-21T19:01:10.359665,KXBTCD-25MAY2123-T109999.99,DELTA,41,1100,50,100,283,yes,22,-9
2025-05-21T19:01:10.396653,KXBTCD-25MAY2123-T109999.99,DELTA,41,1100,49,1000,284,no,51,1000
2025-05-21T19:01:10.397823,KXBTCD-25MAY2123-T109999.99,DELTA,41,1100,49,1000,285,yes,6,-5400
2025-05-21T19:01:10.398320,KXBTCD-25MAY2123-T109999.99,DELTA,41,1100,49,1000,286,yes,8,4050
2025-05-21T19:01:10.472972,KXBTCD-25MAY2123-T109999.99,DELTA,41,1100,49,1000,287,no,8,-4050
2025-05-21T19:01:10.473879,KXBTCD-25MAY2123-T109999.99,DELTA,41,1100,49,1000,288,no,10,3240
2025-05-21T19:01:10.474196,KXBTCD-25MAY2123-T109999.99,DELTA,41,1100,49,1000,289,yes,7,-20000
2025-05-21T19:01:10.537494,KXBTCD-25MAY2123-T109999.99,DELTA,41,1000,49,1000,290,yes,41,-100
2025-05-21T19:01:10.538617,KXBTCD-25MAY2123-T109999.99,DELTA,41,1000,49,1000,291,no,9,-20000
2025-05-21T19:01:10.577090,KXBTCD-25MAY2123-T109999.99,DELTA,41,1000,49,1000,292,yes,9,20000
2025-05-21T19:01:10.577979,KXBTCD-25MAY2123-T109999.99,DELTA,41,1000,49,1000,293,no,11,20000
2025-05-21T19:01:10.596479,KXBTCD-25MAY2123-T109999.99,DELTA,39,24,49,1000,294,yes,41,-1000
2025-05-21T19:01:10.637048,KXBTCD-25MAY2123-T109999.99,DELTA,39,24,49,1000,295,yes,21,1000
2025-05-21T19:01:10.736313,KXBTCD-25MAY2123-T109999.99,DELTA,39,24,48,9,296,no,52,9
2025-05-21T19:01:10.756313,KXBTCD-25MAY2123-T109999.99,DELTA,39,24,48,9,297,yes,22,9
2025-05-21T19:01:11.198756,KXBTCD-25MAY2123-T109999.99,DELTA,39,24,48,9,298,yes,38,24
2025-05-21T19:01:11.200069,KXBTCD-25MAY2123-T109999.99,DELTA,38,24,48,9,299,yes,39,-24
2025-05-21T19:01:11.200451,KXBTCD-25MAY2123-T109999.99,DELTA,38,24,48,9,300,no,45,24
2025-05-21T19:01:11.216928,KXBTCD-25MAY2123-T109999.99,DELTA,38,24,48,9,301,no,43,-24
2025-05-21T19:01:11.338971,KXBTCD-25MAY2123-T109999.99,DELTA,38,24,48,9,302,no,44,-9
2025-05-21T19:01:11.477364,KXBTCD-25MAY2123-T109999.99,DELTA,22,18,48,9,303,yes,38,-24
2025-05-21T19:01:11.478317,KXBTCD-25MAY2123-T109999.99,DELTA,36,24,48,9,304,yes,36,24
2025-05-21T19:01:11.478914,KXBTCD-25MAY2123-T109999.99,DELTA,36,24,48,9,305,no,45,-24
2025-05-21T19:01:11.497535,KXBTCD-25MAY2123-T109999.99,DELTA,36,24,48,9,306,no,47,24
2025-05-21T19:01:11.637989,KXBTCD-25MAY2123-T109999.99,DELTA,36,24,48,9,307,yes,8,-4050
2025-05-21T19:01:11.639166,KXBTCD-25MAY2123-T109999.99,DELTA,36,24,48,9,308,yes,10,3240
2025-05-21T19:01:11.676636,KXBTCD-25MAY2123-T109999.99,DELTA,36,24,48,9,309,no,50,-100
2025-05-21T19:01:11.697121,KXBTCD-25MAY2123-T109999.99,DELTA,36,24,48,9,310,no,10,-3240
2025-05-21T19:01:11.698513,KXBTCD-25MAY2123-T109999.99,DELTA,36,24,48,9,311,no,12,2700
2025-05-21T19:01:11.699483,KXBTCD-25MAY2123-T109999.99,DELTA,36,24,48,9,312,yes,9,-20000
2025-05-21T19:01:11.737479,KXBTCD-25MAY2123-T109999.99,DELTA,36,24,48,9,313,no,51,-1000
2025-05-21T19:01:11.756881,KXBTCD-25MAY2123-T109999.99,DELTA,36,24,48,9,314,yes,11,20000
2025-05-21T19:01:11.757618,KXBTCD-25MAY2123-T109999.99,DELTA,36,24,48,9,315,no,11,-20000
2025-05-21T19:01:11.799818,KXBTCD-25MAY2123-T109999.99,DELTA,36,24,48,9,316,no,31,1000
2025-05-21T19:01:12.296786,KXBTCD-25MAY2123-T109999.99,DELTA,36,24,48,9,317,yes,20,-200
2025-05-21T19:01:12.297806,KXBTCD-25MAY2123-T109999.99,DELTA,36,24,48,9,318,yes,10,200
2025-05-21T19:01:12.357739,KXBTCD-25MAY2123-T109999.99,DELTA,36,24,48,9,319,yes,21,-2000
2025-05-21T19:01:12.359081,KXBTCD-25MAY2123-T109999.99,DELTA,36,24,48,9,320,yes,21,-1000
2025-05-21T19:01:12.422527,KXBTCD-25MAY2123-T109999.99,DELTA,36,24,48,9,321,yes,11,1000
2025-05-21T19:01:12.423676,KXBTCD-25MAY2123-T109999.99,DELTA,36,24,48,9,322,no,32,9
2025-05-21T19:01:12.424520,KXBTCD-25MAY2123-T109999.99,DELTA,36,24,48,9,323,yes,11,2000
2025-05-21T19:01:12.425083,KXBTCD-25MAY2123-T109999.99,DELTA,36,24,53,24,324,no,52,-9
2025-05-21T19:01:12.425391,KXBTCD-25MAY2123-T109999.99,DELTA,36,24,53,24,325,no,32,9
2025-05-21T19:01:12.796106,KXBTCD-25MAY2123-T109999.99,DELTA,39,100,53,24,326,yes,39,100
2025-05-21T19:01:12.817543,KXBTCD-25MAY2123-T109999.99,DELTA,39,100,47,100,327,no,53,100
2025-05-21T19:01:12.896403,KXBTCD-25MAY2123-T109999.99,DELTA,39,100,47,100,328,no,31,-1000
2025-05-21T19:01:12.938235,KXBTCD-25MAY2123-T109999.99,DELTA,39,100,46,1000,329,no,54,1000
2025-05-21T19:01:12.938903,KXBTCD-25MAY2123-T109999.99,DELTA,39,100,46,1000,330,yes,22,-9
2025-05-21T19:01:12.939347,KXBTCD-25MAY2123-T109999.99,DELTA,40,9,46,1000,331,yes,40,9
2025-05-21T19:01:13.016771,KXBTCD-25MAY2123-T109999.99,DELTA,40,9,46,1000,332,yes,10,-3240
2025-05-21T19:01:13.017907,KXBTCD-25MAY2123-T109999.99,DELTA,40,9,46,1000,333,yes,12,2700
2025-05-21T19:01:13.064996,KXBTCD-25MAY2123-T109999.99,DELTA,40,9,46,1000,334,no,53,-100
2025-05-21T19:01:13.066036,KXBTCD-25MAY2123-T109999.99,DELTA,40,9,46,1000,335,no,12,-2700
2025-05-21T19:01:13.066856,KXBTCD-25MAY2123-T109999.99,DELTA,40,9,46,1000,336,no,4,8100
2025-05-21T19:01:13.096715,KXBTCD-25MAY2123-T109999.99,DELTA,40,9,46,1000,337,yes,11,-20000
2025-05-21T19:01:13.097523,KXBTCD-25MAY2123-T109999.99,DELTA,40,9,46,1000,338,yes,11,-2000
2025-05-21T19:01:13.116173,KXBTCD-25MAY2123-T109999.99,DELTA,40,9,46,1000,339,yes,11,-1000
2025-05-21T19:01:13.136250,KXBTCD-25MAY2123-T109999.99,DELTA,40,9,46,1000,340,no,5,20000
2025-05-21T19:01:13.137259,KXBTCD-25MAY2123-T109999.99,DELTA,40,9,53,24,341,no,54,-1000
2025-05-21T19:01:13.165411,KXBTCD-25MAY2123-T109999.99,DELTA,40,9,53,24,342,yes,13,2000
2025-05-21T19:01:13.166263,KXBTCD-25MAY2123-T109999.99,DELTA,40,9,53,24,343,yes,13,1000
2025-05-21T19:01:13.166885,KXBTCD-25MAY2123-T109999.99,DELTA,40,9,53,24,344,no,32,-9
2025-05-21T19:01:13.175217,KXBTCD-25MAY2123-T109999.99,DELTA,40,9,53,24,345,no,31,1000
2025-05-21T19:01:14.236550,KXBTCD-25MAY2123-T109999.99,DELTA,40,9,46,100,346,no,54,100
2025-05-21T19:01:14.237283,KXBTCD-25MAY2123-T109999.99,DELTA,40,9,46,100,347,yes,12,-2700
2025-05-21T19:01:14.237747,KXBTCD-25MAY2123-T109999.99,DELTA,40,9,46,100,348,yes,13,2492
2025-05-21T19:01:14.296389,KXBTCD-25MAY2123-T109999.99,DELTA,40,9,46,100,349,no,4,-8100
2025-05-21T19:01:14.297895,KXBTCD-25MAY2123-T109999.99,DELTA,40,9,46,100,350,no,6,5400
2025-05-21T19:01:14.298991,KXBTCD-25MAY2123-T109999.99,DELTA,40,9,46,100,351,yes,13,-2000
2025-05-21T19:01:14.318144,KXBTCD-25MAY2123-T109999.99,DELTA,40,9,46,100,352,yes,13,-1000
2025-05-21T19:01:14.318954,KXBTCD-25MAY2123-T109999.99,DELTA,40,9,46,100,353,no,31,-1000
2025-05-21T19:01:14.356848,KXBTCD-25MAY2123-T109999.99,DELTA,40,9,46,100,354,no,32,-9
2025-05-21T19:01:14.357939,KXBTCD-25MAY2123-T109999.99,DELTA,39,100,46,100,355,yes,40,-9
2025-05-21T19:01:14.358767,KXBTCD-25MAY2123-T109999.99,DELTA,39,100,46,100,356,no,48,9
2025-05-21T19:01:14.378406,KXBTCD-25MAY2123-T109999.99,DELTA,39,100,46,100,357,yes,14,2000
2025-05-21T19:01:14.379470,KXBTCD-25MAY2123-T109999.99,DELTA,39,100,45,1000,358,no,55,1000
2025-05-21T19:01:14.380309,KXBTCD-25MAY2123-T109999.99,DELTA,39,100,45,1000,359,yes,14,1000
2025-05-21T19:01:14.380869,KXBTCD-25MAY2123-T109999.99,DELTA,39,100,45,1000,360,no,5,-20000
2025-05-21T19:01:14.417500,KXBTCD-25MAY2123-T109999.99,DELTA,39,100,45,1000,361,no,7,20000
2025-05-21T19:01:15.436825,KXBTCD-25MAY2123-T109999.99,DELTA,39,100,45,1000,362,yes,13,-2492
2025-05-21T19:01:15.437247,KXBTCD-25MAY2123-T109999.99,DELTA,39,100,45,1000,363,yes,11,2945
2025-05-21T19:01:15.497606,KXBTCD-25MAY2123-T109999.99,DELTA,39,100,45,1000,364,no,6,-5400
2025-05-21T19:01:15.498399,KXBTCD-25MAY2123-T109999.99,DELTA,39,100,45,1000,365,no,8,4050
2025-05-21T19:01:15.498894,KXBTCD-25MAY2123-T109999.99,DELTA,39,100,45,1000,366,yes,14,-2000
2025-05-21T19:01:15.499173,KXBTCD-25MAY2123-T109999.99,DELTA,39,100,45,1000,367,yes,14,-1000
2025-05-21T19:01:15.536698,KXBTCD-25MAY2123-T109999.99,DELTA,39,100,45,1000,368,no,48,-9
2025-05-21T19:01:15.537408,KXBTCD-25MAY2123-T109999.99,DELTA,39,100,45,1000,369,yes,12,2000
2025-05-21T19:01:15.538012,KXBTCD-25MAY2123-T109999.99,DELTA,39,100,45,1000,370,yes,12,1000
2025-05-21T19:01:15.557275,KXBTCD-25MAY2123-T109999.99,DELTA,39,100,45,1000,371,no,7,-20000
2025-05-21T19:01:15.597747,KXBTCD-25MAY2123-T109999.99,DELTA,39,100,45,1000,372,no,9,20000
2025-05-21T19:01:16.936626,KXBTCD-25MAY2123-T109999.99,DELTA,39,100,45,1000,373,no,54,-100
2025-05-21T19:01:16.937301,KXBTCD-25MAY2123-T109999.99,DELTA,36,24,45,1000,374,yes,39,-100
2025-05-21T19:01:16.997167,KXBTCD-25MAY2123-T109999.99,DELTA,36,24,53,24,375,no,55,-1000
2025-05-21T19:01:17.063080,KXBTCD-25MAY2123-T109999.99,DELTA,36,24,53,24,376,no,31,1000
2025-05-21T19:01:17.795871,KXBTCD-25MAY2123-T109999.99,DELTA,36,24,53,24,377,yes,10,-200
2025-05-21T19:01:17.796246,KXBTCD-25MAY2123-T109999.99,DELTA,36,24,53,24,378,yes,20,200
2025-05-21T19:01:17.876337,KXBTCD-25MAY2123-T109999.99,DELTA,36,24,53,24,379,yes,12,-2000
2025-05-21T19:01:17.876517,KXBTCD-25MAY2123-T109999.99,DELTA,36,24,53,24,380,yes,12,-1000
2025-05-21T19:01:17.915121,KXBTCD-25MAY2123-T109999.99,DELTA,36,24,53,24,381,yes,21,2000
2025-05-21T19:01:17.936972,KXBTCD-25MAY2123-T109999.99,DELTA,36,24,53,24,382,yes,21,1000
2025-05-21T19:01:17.937437,KXBTCD-25MAY2123-T109999.99,DELTA,36,24,53,24,383,no,32,9
2025-05-21T19:01:17.937757,KXBTCD-25MAY2123-T109999.99,DELTA,36,24,53,24,384,yes,22,9
2025-05-21T19:01:17.938008,KXBTCD-25MAY2123-T109999.99,DELTA,36,24,53,24,385,no,32,9
2025-05-21T19:01:18.456429,KXBTCD-25MAY2123-T109999.99,DELTA,41,100,53,24,386,yes,41,100
2025-05-21T19:01:18.483138,KXBTCD-25MAY2123-T109999.99,DELTA,41,100,49,100,387,no,51,100
2025-05-21T19:01:18.583450,KXBTCD-25MAY2123-T109999.99,DELTA,41,100,49,100,388,no,31,-1000
2025-05-21T19:01:18.585094,KXBTCD-25MAY2123-T109999.99,DELTA,41,100,49,100,389,yes,22,-9
2025-05-21T19:01:18.585633,KXBTCD-25MAY2123-T109999.99,DELTA,42,9,49,100,390,yes,42,9
2025-05-21T19:01:18.644094,KXBTCD-25MAY2123-T109999.99,DELTA,42,9,48,1000,391,no,52,1000
2025-05-21T19:01:18.728946,KXBTCD-25MAY2123-T109999.99,DELTA,42,9,48,1000,392,no,32,-9
2025-05-21T19:01:18.729973,KXBTCD-25MAY2123-T109999.99,DELTA,42,9,48,1000,393,yes,37,9
2025-05-21T19:01:18.730589,KXBTCD-25MAY2123-T109999.99,DELTA,42,9,48,1000,394,yes,22,-9
2025-05-21T19:01:19.037147,KXBTCD-25MAY2123-T109999.99,DELTA,42,9,48,1000,395,no,51,-100
2025-05-21T19:01:19.097021,KXBTCD-25MAY2123-T109999.99,DELTA,42,9,53,24,396,no,52,-1000
2025-05-21T19:01:19.137015,KXBTCD-25MAY2123-T109999.99,DELTA,42,9,53,24,397,no,31,1000
2025-05-21T19:01:19.138535,KXBTCD-25MAY2123-T109999.99,DELTA,42,9,53,24,398,no,32,-9
2025-05-21T19:01:19.161029,KXBTCD-25MAY2123-T109999.99,DELTA,41,100,53,24,399,yes,42,-9
2025-05-21T19:01:19.597031,KXBTCD-25MAY2123-T109999.99,DELTA,41,100,53,24,400,yes,37,24
2025-05-21T19:01:19.597315,KXBTCD-25MAY2123-T109999.99,DELTA,41,100,53,24,401,yes,36,-24
2025-05-21T19:01:19.597696,KXBTCD-25MAY2123-T109999.99,DELTA,41,100,69,3000,402,no,47,-24
2025-05-21T19:01:19.597858,KXBTCD-25MAY2123-T109999.99,DELTA,41,100,55,24,403,no,45,24
2025-05-21T19:01:19.656800,KXBTCD-25MAY2123-T109999.99,DELTA,41,100,55,24,404,yes,21,-1000
2025-05-21T19:01:19.696559,KXBTCD-25MAY2123-T109999.99,DELTA,41,100,55,24,405,yes,38,1000
2025-05-21T19:01:19.738011,KXBTCD-25MAY2123-T109999.99,DELTA,42,9,55,24,406,yes,42,9
2025-05-21T19:01:19.739078,KXBTCD-25MAY2123-T109999.99,DELTA,42,9,55,24,407,no,32,9
2025-05-21T19:01:19.739729,KXBTCD-25MAY2123-T109999.99,DELTA,42,9,55,24,408,no,32,9
2025-05-21T19:01:19.777411,KXBTCD-25MAY2123-T109999.99,DELTA,42,9,55,24,409,yes,39,24
2025-05-21T19:01:19.778318,KXBTCD-25MAY2123-T109999.99,DELTA,42,9,55,24,410,yes,37,-24
2025-05-21T19:01:19.778956,KXBTCD-25MAY2123-T109999.99,DELTA,42,9,55,24,411,no,44,24
2025-05-21T19:01:19.779497,KXBTCD-25MAY2123-T109999.99,DELTA,42,9,56,24,412,no,45,-24
2025-05-21T19:01:19.836464,KXBTCD-25MAY2123-T109999.99,DELTA,42,9,56,24,413,yes,38,-1000
2025-05-21T19:01:19.877899,KXBTCD-25MAY2123-T109999.99,DELTA,42,9,56,24,414,yes,21,1000
2025-05-21T19:01:20.059708,KXBTCD-25MAY2123-T109999.99,DELTA,42,9,56,24,415,yes,21,-1000
2025-05-21T19:01:20.077516,KXBTCD-25MAY2123-T109999.99,DELTA,42,9,56,24,416,yes,11,-2945
2025-05-21T19:01:20.077762,KXBTCD-25MAY2123-T109999.99,DELTA,42,9,56,24,417,yes,4,8100
2025-05-21T19:01:20.096865,KXBTCD-25MAY2123-T109999.99,DELTA,42,9,49,100,418,no,51,100
2025-05-21T19:01:20.097031,KXBTCD-25MAY2123-T109999.99,DELTA,42,9,49,100,419,yes,41,1000
2025-05-21T19:01:20.135844,KXBTCD-25MAY2123-T109999.99,DELTA,42,9,49,100,420,no,8,-4050
2025-05-21T19:01:20.135961,KXBTCD-25MAY2123-T109999.99,DELTA,42,9,49,100,421,no,10,3240
2025-05-21T19:01:20.136055,KXBTCD-25MAY2123-T109999.99,DELTA,42,9,49,100,422,yes,5,20000
2025-05-21T19:01:20.155819,KXBTCD-25MAY2123-T109999.99,DELTA,42,9,49,100,423,no,31,-1000
2025-05-21T19:01:20.195832,KXBTCD-25MAY2123-T109999.99,DELTA,42,9,49,100,424,yes,41,-1000
2025-05-21T19:01:20.215903,KXBTCD-25MAY2123-T109999.99,DELTA,42,9,49,1100,425,no,51,1000
2025-05-21T19:01:20.216314,KXBTCD-25MAY2123-T109999.99,DELTA,42,9,49,1100,426,no,9,-20000
2025-05-21T19:01:20.236317,KXBTCD-25MAY2123-T109999.99,DELTA,42,1009,49,1100,427,yes,42,1000
2025-05-21T19:01:20.257542,KXBTCD-25MAY2123-T109999.99,DELTA,42,1009,49,1100,428,no,11,20000
2025-05-21T19:01:20.677061,KXBTCD-25MAY2123-T109999.99,DELTA,42,1009,49,1100,429,yes,41,-100
2025-05-21T19:01:20.678128,KXBTCD-25MAY2123-T109999.99,DELTA,42,1009,49,1000,430,no,51,-100
2025-05-21T19:01:20.757264,KXBTCD-25MAY2123-T109999.99,DELTA,42,9,49,1000,431,yes,42,-1000
2025-05-21T19:01:20.758051,KXBTCD-25MAY2123-T109999.99,DELTA,42,9,56,24,432,no,51,-1000
2025-05-21T19:01:20.796024,KXBTCD-25MAY2123-T109999.99,DELTA,42,9,56,24,433,no,32,-9
2025-05-21T19:01:20.797327,KXBTCD-25MAY2123-T109999.99,DELTA,42,9,56,24,434,yes,37,-9
2025-05-21T19:01:20.814931,KXBTCD-25MAY2123-T109999.99,DELTA,42,9,56,24,435,no,32,-9
2025-05-21T19:01:20.815303,KXBTCD-25MAY2123-T109999.99,DELTA,42,9,56,24,436,yes,21,1000
2025-05-21T19:01:20.815542,KXBTCD-25MAY2123-T109999.99,DELTA,39,24,56,24,437,yes,42,-9
2025-05-21T19:01:20.815770,KXBTCD-25MAY2123-T109999.99,DELTA,39,24,56,24,438,no,31,1000
2025-05-21T19:01:20.835947,KXBTCD-25MAY2123-T109999.99,DELTA,21,6000,56,24,439,yes,39,-24
2025-05-21T19:01:20.836448,KXBTCD-25MAY2123-T109999.99,DELTA,41,24,56,24,440,yes,41,24
2025-05-21T19:01:20.837015,KXBTCD-25MAY2123-T109999.99,DELTA,41,24,69,3000,441,no,44,-24
2025-05-21T19:01:20.855505,KXBTCD-25MAY2123-T109999.99,DELTA,41,24,58,24,442,no,42,24
2025-05-21T19:01:21.676336,KXBTCD-25MAY2123-T109999.99,DELTA,44,100,58,24,443,yes,44,100
2025-05-21T19:01:21.677607,KXBTCD-25MAY2123-T109999.99,DELTA,44,100,52,100,444,no,48,100
2025-05-21T19:01:21.735937,KXBTCD-25MAY2123-T109999.99,DELTA,44,100,52,100,445,yes,21,-1000
2025-05-21T19:01:21.755611,KXBTCD-25MAY2123-T109999.99,DELTA,44,100,52,100,446,no,31,-1000
2025-05-21T19:01:21.796017,KXBTCD-25MAY2123-T109999.99,DELTA,44,100,51,1000,447,no,49,1000
2025-05-21T19:01:21.796806,KXBTCD-25MAY2123-T109999.99,DELTA,44,100,51,1000,448,no,43,9
2025-05-21T19:01:21.816152,KXBTCD-25MAY2123-T109999.99,DELTA,44,1100,51,1000,449,yes,44,1000
2025-05-21T19:01:21.817173,KXBTCD-25MAY2123-T109999.99,DELTA,44,1100,51,1000,450,yes,22,9
2025-05-21T19:01:22.356676,KXBTCD-25MAY2123-T109999.99,DELTA,44,100,51,1000,451,yes,44,-1000
2025-05-21T19:01:22.396452,KXBTCD-25MAY2123-T109999.99,DELTA,44,100,51,1000,452,yes,21,1000
2025-05-21T19:01:22.696232,KXBTCD-25MAY2123-T109999.99,DELTA,44,100,51,1000,453,yes,4,-8100
2025-05-21T19:01:22.697238,KXBTCD-25MAY2123-T109999.99,DELTA,44,100,51,1000,454,yes,6,5400
2025-05-21T19:01:22.756609,KXBTCD-25MAY2123-T109999.99,DELTA,44,100,51,1000,455,no,10,-3240
2025-05-21T19:01:22.757500,KXBTCD-25MAY2123-T109999.99,DELTA,44,100,51,1000,456,no,12,2700
2025-05-21T19:01:22.758266,KXBTCD-25MAY2123-T109999.99,DELTA,44,100,51,1000,457,yes,5,-20000
2025-05-21T19:01:22.795794,KXBTCD-25MAY2123-T109999.99,DELTA,44,100,51,1000,458,yes,7,20000
2025-05-21T19:01:22.816267,KXBTCD-25MAY2123-T109999.99,DELTA,44,100,51,1000,459,no,11,-20000
2025-05-21T19:01:22.816440,KXBTCD-25MAY2123-T109999.99,DELTA,44,100,51,1000,460,no,43,-9
2025-05-21T19:01:23.596985,KXBTCD-25MAY2123-T109999.99,DELTA,44,100,51,1000,461,yes,39,24
2025-05-21T19:01:23.598578,KXBTCD-25MAY2123-T109999.99,DELTA,44,100,51,1000,462,yes,41,-24
2025-05-21T19:01:23.599074,KXBTCD-25MAY2123-T109999.99,DELTA,44,100,51,1000,463,no,42,-24
2025-05-21T19:01:23.599376,KXBTCD-25MAY2123-T109999.99,DELTA,44,100,51,1000,464,no,44,24
2025-05-21T19:01:23.717353,KXBTCD-25MAY2123-T109999.99,DELTA,44,100,51,1000,465,yes,22,-9
2025-05-21T19:01:23.718317,KXBTCD-25MAY2123-T109999.99,DELTA,44,100,51,1000,466,yes,40,9
2025-05-21T19:01:23.918040,KXBTCD-25MAY2123-T109999.99,DELTA,44,100,51,1000,467,yes,6,-5400
2025-05-21T19:01:23.918276,KXBTCD-25MAY2123-T109999.99,DELTA,44,100,51,1000,468,yes,8,4050
2025-05-21T19:01:23.976425,KXBTCD-25MAY2123-T109999.99,DELTA,44,100,51,1000,469,yes,7,-20000
2025-05-21T19:01:23.976602,KXBTCD-25MAY2123-T109999.99,DELTA,44,100,51,1000,470,no,12,-2700
2025-05-21T19:01:23.976993,KXBTCD-25MAY2123-T109999.99,DELTA,44,100,51,1000,471,no,4,8100
2025-05-21T19:01:24.015927,KXBTCD-25MAY2123-T109999.99,DELTA,44,100,51,1000,472,yes,9,20000
2025-05-21T19:01:24.037210,KXBTCD-25MAY2123-T109999.99,DELTA,44,100,51,1000,473,no,5,20000
2025-05-21T19:01:24.058078,KXBTCD-25MAY2123-T109999.99,DELTA,44,100,51,1000,474,yes,39,-24
2025-05-21T19:01:24.058789,KXBTCD-25MAY2123-T109999.99,DELTA,44,100,51,1000,475,no,44,-24
2025-05-21T19:01:24.077304,KXBTCD-25MAY2123-T109999.99,DELTA,44,100,51,1000,476,yes,36,24
2025-05-21T19:01:24.096971,KXBTCD-25MAY2123-T109999.99,DELTA,44,100,51,1000,477,no,46,24
2025-05-21T19:01:24.317736,KXBTCD-25MAY2123-T109999.99,DELTA,44,100,51,1000,478,no,48,-100
2025-05-21T19:01:24.318796,KXBTCD-25MAY2123-T109999.99,DELTA,40,9,51,1000,479,yes,44,-100
2025-05-21T19:01:24.575574,KXBTCD-25MAY2123-T109999.99,DELTA,40,9,54,24,480,no,49,-1000
2025-05-21T19:01:24.616295,KXBTCD-25MAY2123-T109999.99,DELTA,40,9,54,24,481,no,31,1000
2025-05-21T19:01:24.717681,KXBTCD-25MAY2123-T109999.99,DELTA,36,24,54,24,482,yes,40,-9
2025-05-21T19:01:24.719206,KXBTCD-25MAY2123-T109999.99,DELTA,36,24,54,24,483,no,32,9
2025-05-21T19:01:24.720086,KXBTCD-25MAY2123-T109999.99,DELTA,36,24,54,24,484,yes,22,9
2025-05-21T19:01:24.720754,KXBTCD-25MAY2123-T109999.99,DELTA,36,24,54,24,485,yes,22,9
2025-05-21T19:01:24.721217,KXBTCD-25MAY2123-T109999.99,DELTA,36,24,54,24,486,no,32,9
2025-05-21T19:01:25.056649,KXBTCD-25MAY2123-T109999.99,DELTA,36,24,54,24,487,yes,20,-200
2025-05-21T19:01:25.057296,KXBTCD-25MAY2123-T109999.99,DELTA,36,24,54,24,488,yes,10,200
2025-05-21T19:01:25.115199,KXBTCD-25MAY2123-T109999.99,DELTA,36,24,54,24,489,yes,21,-2000
2025-05-21T19:01:25.136091,KXBTCD-25MAY2123-T109999.99,DELTA,36,24,54,24,490,yes,8,-4050
2025-05-21T19:01:25.136210,KXBTCD-25MAY2123-T109999.99,DELTA,36,24,54,24,491,yes,10,3240
2025-05-21T19:01:25.136472,KXBTCD-25MAY2123-T109999.99,DELTA,36,24,54,24,492,yes,21,-1000
2025-05-21T19:01:25.175513,KXBTCD-25MAY2123-T109999.99,DELTA,36,24,54,24,493,yes,11,2000
2025-05-21T19:01:25.175780,KXBTCD-25MAY2123-T109999.99,DELTA,36,24,54,24,494,yes,11,1000
2025-05-21T19:01:25.175936,KXBTCD-25MAY2123-T109999.99,DELTA,36,24,54,24,495,no,4,-8100
2025-05-21T19:01:25.176069,KXBTCD-25MAY2123-T109999.99,DELTA,36,24,54,24,496,no,6,5400
2025-05-21T19:01:25.215492,KXBTCD-25MAY2123-T109999.99,DELTA,36,24,54,24,497,yes,9,-20000
2025-05-21T19:01:25.237038,KXBTCD-25MAY2123-T109999.99,DELTA,36,24,54,24,498,no,5,-20000
2025-05-21T19:01:25.255535,KXBTCD-25MAY2123-T109999.99,DELTA,36,24,54,24,499,yes,11,20000
2025-05-21T19:01:25.275737,KXBTCD-25MAY2123-T109999.99,DELTA,36,24,54,24,500,no,7,20000
2025-05-21T19:01:25.595685,KXBTCD-25MAY2123-T109999.99,DELTA,36,24,47,100,501,no,53,100
2025-05-21T19:01:25.616712,KXBTCD-25MAY2123-T109999.99,DELTA,39,100,47,100,502,yes,39,100
2025-05-21T19:01:25.658730,KXBTCD-25MAY2123-T109999.99,DELTA,39,100,47,100,503,no,31,-1000
2025-05-21T19:01:25.716159,KXBTCD-25MAY2123-T109999.99,DELTA,39,100,47,100,504,no,47,9
2025-05-21T19:01:25.717275,KXBTCD-25MAY2123-T109999.99,DELTA,39,100,47,100,505,no,32,-9
2025-05-21T19:01:25.717939,KXBTCD-25MAY2123-T109999.99,DELTA,39,100,46,1000,506,no,54,1000
2025-05-21T19:01:25.718578,KXBTCD-25MAY2123-T109999.99,DELTA,39,100,46,1000,507,no,32,-9
2025-05-21T19:01:25.718999,KXBTCD-25MAY2123-T109999.99,DELTA,39,100,46,1009,508,no,54,9
2025-05-21T19:01:26.319479,KXBTCD-25MAY2123-T109999.99,DELTA,39,100,46,1009,509,yes,10,-3240
2025-05-21T19:01:26.320111,KXBTCD-25MAY2123-T109999.99,DELTA,39,100,46,1009,510,yes,12,2700
2025-05-21T19:01:26.384305,KXBTCD-25MAY2123-T109999.99,DELTA,39,100,46,1009,511,yes,11,-20000
2025-05-21T19:01:26.418229,KXBTCD-25MAY2123-T109999.99,DELTA,39,100,46,1009,512,yes,11,-2000
2025-05-21T19:01:26.418367,KXBTCD-25MAY2123-T109999.99,DELTA,39,100,46,1009,513,yes,11,-1000
2025-05-21T19:01:26.420691,KXBTCD-25MAY2123-T109999.99,DELTA,39,100,46,1009,514,no,6,-5400
2025-05-21T19:01:26.420765,KXBTCD-25MAY2123-T109999.99,DELTA,39,100,46,1009,515,no,8,4050
2025-05-21T19:01:26.420830,KXBTCD-25MAY2123-T109999.99,DELTA,39,100,46,1000,516,no,54,-9
2025-05-21T19:01:26.436349,KXBTCD-25MAY2123-T109999.99,DELTA,39,100,46,1000,517,yes,22,-9
2025-05-21T19:01:26.456701,KXBTCD-25MAY2123-T109999.99,DELTA,39,100,46,1000,518,yes,13,1000
2025-05-21T19:01:26.456794,KXBTCD-25MAY2123-T109999.99,DELTA,39,100,46,1000,519,yes,13,2000
2025-05-21T19:01:26.476231,KXBTCD-25MAY2123-T109999.99,DELTA,39,100,46,1000,520,no,7,-20000
2025-05-21T19:01:26.518368,KXBTCD-25MAY2123-T109999.99,DELTA,39,100,46,1000,521,no,9,20000
2025-05-21T19:01:26.518693,KXBTCD-25MAY2123-T109999.99,DELTA,39,100,46,1000,522,no,47,-9
2025-05-21T19:01:26.738651,KXBTCD-25MAY2123-T109999.99,DELTA,39,100,46,1000,523,no,27,-3000
2025-05-21T19:01:26.778295,KXBTCD-25MAY2123-T109999.99,DELTA,39,100,46,1000,524,no,34,3000
2025-05-21T19:01:27.597980,KXBTCD-25MAY2123-T109999.99,DELTA,39,100,46,1000,525,yes,12,-2700
2025-05-21T19:01:27.598934,KXBTCD-25MAY2123-T109999.99,DELTA,39,100,46,1000,526,yes,11,2945
2025-05-21T19:01:27.658414,KXBTCD-25MAY2123-T109999.99,DELTA,39,100,46,1000,527,no,8,-4050
2025-05-21T19:01:27.659354,KXBTCD-25MAY2123-T109999.99,DELTA,39,100,46,1000,528,no,10,3240
2025-05-21T19:01:27.660221,KXBTCD-25MAY2123-T109999.99,DELTA,39,100,46,1000,529,yes,13,-2000
2025-05-21T19:01:27.677508,KXBTCD-25MAY2123-T109999.99,DELTA,39,100,46,1000,530,yes,13,-1000
2025-05-21T19:01:27.717549,KXBTCD-25MAY2123-T109999.99,DELTA,39,100,46,1000,531,yes,12,1000
2025-05-21T19:01:27.718454,KXBTCD-25MAY2123-T109999.99,DELTA,39,100,46,1000,532,yes,12,2000
2025-05-21T19:01:27.719130,KXBTCD-25MAY2123-T109999.99,DELTA,39,100,46,1000,533,no,9,-20000
2025-05-21T19:01:27.757866,KXBTCD-25MAY2123-T109999.99,DELTA,39,100,46,1000,534,no,11,20000
2025-05-21T19:01:29.497010,KXBTCD-25MAY2123-T109999.99,DELTA,36,24,46,1000,535,yes,39,-100
2025-05-21T19:01:29.616322,KXBTCD-25MAY2123-T109999.99,DELTA,36,24,45,9,536,no,55,9
2025-05-21T19:01:29.636925,KXBTCD-25MAY2123-T109999.99,DELTA,36,24,45,9,537,yes,22,9
2025-05-21T19:01:30.164434,KXBTCD-25MAY2123-T109999.99,DELTA,39,100,45,9,538,yes,39,100
2025-05-21T19:01:30.277218,KXBTCD-25MAY2123-T109999.99,DELTA,39,100,46,1000,539,no,55,-9
2025-05-21T19:01:30.317027,KXBTCD-25MAY2123-T109999.99,DELTA,39,100,46,1000,540,yes,22,-9
2025-05-21T19:01:30.537668,KXBTCD-25MAY2123-T109999.99,DELTA,36,24,46,1000,541,yes,39,-100
2025-05-21T19:01:31.717610,KXBTCD-25MAY2123-T109999.99,DELTA,39,100,46,1000,542,yes,39,100
2025-05-21T19:01:32.397034,KXBTCD-25MAY2123-T109999.99,DELTA,39,100,46,1000,543,yes,12,-1000
2025-05-21T19:01:32.416010,KXBTCD-25MAY2123-T109999.99,DELTA,39,100,46,1000,544,yes,11,-2945
2025-05-21T19:01:32.417001,KXBTCD-25MAY2123-T109999.99,DELTA,39,100,46,1000,545,yes,12,2700
2025-05-21T19:01:32.436930,KXBTCD-25MAY2123-T109999.99,DELTA,39,1100,46,1000,546,yes,39,1000
2025-05-21T19:01:32.457118,KXBTCD-25MAY2123-T109999.99,DELTA,39,1100,46,1000,547,no,10,-3240
2025-05-21T19:01:32.458055,KXBTCD-25MAY2123-T109999.99,DELTA,39,1100,46,1000,548,no,12,2700
2025-05-21T19:01:32.498339,KXBTCD-25MAY2123-T109999.99,DELTA,39,1100,46,1000,549,yes,12,-2000
2025-05-21T19:01:32.516561,KXBTCD-25MAY2123-T109999.99,DELTA,39,1100,46,1000,550,no,11,-20000
2025-05-21T19:01:32.535988,KXBTCD-25MAY2123-T109999.99,DELTA,39,1100,46,1000,551,yes,13,2000
2025-05-21T19:01:32.616993,KXBTCD-25MAY2123-T109999.99,DELTA,39,1100,46,1000,552,yes,22,-9
2025-05-21T19:01:32.636437,KXBTCD-25MAY2123-T109999.99,DELTA,39,1000,46,1000,553,yes,39,-100
2025-05-21T19:01:32.678036,KXBTCD-25MAY2123-T109999.99,DELTA,36,24,46,1000,554,yes,39,-1000
2025-05-21T19:01:32.736589,KXBTCD-25MAY2123-T109999.99,DELTA,36,24,46,1000,555,yes,13,1000
2025-05-21T19:01:33.117938,KXBTCD-25MAY2123-T109999.99,DELTA,36,24,46,1000,556,no,53,-100
2025-05-21T19:01:33.237079,KXBTCD-25MAY2123-T109999.99,DELTA,36,24,45,9,557,no,55,9
2025-05-21T19:01:33.238001,KXBTCD-25MAY2123-T109999.99,DELTA,36,24,45,9,558,no,54,-1000
2025-05-21T19:01:33.238669,KXBTCD-25MAY2123-T109999.99,DELTA,36,24,45,9,559,yes,22,9
2025-05-21T19:01:33.277109,KXBTCD-25MAY2123-T109999.99,DELTA,36,24,45,9,560,no,31,1000
2025-05-21T19:01:33.397258,KXBTCD-25MAY2123-T109999.99,DELTA,36,24,45,9,561,yes,22,9
2025-05-21T19:01:33.398162,KXBTCD-25MAY2123-T109999.99,DELTA,36,24,45,9,562,no,35,9
2025-05-21T19:01:33.790646,KXBTCD-25MAY2123-T109999.99,DELTA,41,100,45,9,563,yes,41,100
2025-05-21T19:01:33.945228,KXBTCD-25MAY2123-T109999.99,DELTA,41,100,54,24,564,no,55,-9
2025-05-21T19:01:33.945466,KXBTCD-25MAY2123-T109999.99,DELTA,41,100,54,24,565,no,35,9
2025-05-21T19:01:33.945572,KXBTCD-25MAY2123-T109999.99,DELTA,41,100,54,24,566,yes,22,-9
2025-05-21T19:01:33.945657,KXBTCD-25MAY2123-T109999.99,DELTA,42,9,54,24,567,yes,42,9
2025-05-21T19:01:34.495756,KXBTCD-25MAY2123-T109999.99,DELTA,42,9,49,100,568,no,51,100
2025-05-21T19:01:34.556110,KXBTCD-25MAY2123-T109999.99,DELTA,42,9,49,100,569,no,31,-1000
2025-05-21T19:01:34.596043,KXBTCD-25MAY2123-T109999.99,DELTA,42,9,48,1000,570,no,52,1000
2025-05-21T19:01:34.615441,KXBTCD-25MAY2123-T109999.99,DELTA,42,9,48,1000,571,yes,22,-9
2025-05-21T19:01:34.636372,KXBTCD-25MAY2123-T109999.99,DELTA,42,9,48,1000,572,no,35,-9
2025-05-21T19:01:34.636907,KXBTCD-25MAY2123-T109999.99,DELTA,42,9,48,1000,573,no,35,-9
2025-05-21T19:01:34.637271,KXBTCD-25MAY2123-T109999.99,DELTA,42,9,48,1000,574,yes,37,9
2025-05-21T19:01:34.637582,KXBTCD-25MAY2123-T109999.99,DELTA,42,9,48,1000,575,no,47,9
2025-05-21T19:01:34.655876,KXBTCD-25MAY2123-T109999.99,DELTA,41,100,48,1000,576,yes,42,-9
2025-05-21T19:01:35.036911,KXBTCD-25MAY2123-T109999.99,DELTA,41,100,48,1000,577,yes,12,-2700
2025-05-21T19:01:35.037080,KXBTCD-25MAY2123-T109999.99,DELTA,41,100,48,1000,578,yes,11,2945
2025-05-21T19:01:35.147560,KXBTCD-25MAY2123-T109999.99,DELTA,41,100,48,1000,579,no,12,-2700
2025-05-21T19:01:35.147770,KXBTCD-25MAY2123-T109999.99,DELTA,41,100,48,1000,580,no,4,8100
2025-05-21T19:01:35.148087,KXBTCD-25MAY2123-T109999.99,DELTA,41,100,48,1000,581,yes,13,-2000
2025-05-21T19:01:35.148166,KXBTCD-25MAY2123-T109999.99,DELTA,41,100,48,1000,582,yes,13,-1000
2025-05-21T19:01:35.196370,KXBTCD-25MAY2123-T109999.99,DELTA,41,100,48,1000,583,yes,12,1000
2025-05-21T19:01:35.196530,KXBTCD-25MAY2123-T109999.99,DELTA,41,100,48,1000,584,no,5,20000
2025-05-21T19:01:35.196612,KXBTCD-25MAY2123-T109999.99,DELTA,41,100,48,1000,585,yes,12,2000
2025-05-21T19:01:36.178744,KXBTCD-25MAY2123-T109999.99,DELTA,41,100,48,1000,586,yes,11,-2945
2025-05-21T19:01:36.179860,KXBTCD-25MAY2123-T109999.99,DELTA,41,100,48,1000,587,yes,12,2700
2025-05-21T19:01:36.258298,KXBTCD-25MAY2123-T109999.99,DELTA,41,100,48,1000,588,yes,12,-2000
2025-05-21T19:01:36.259170,KXBTCD-25MAY2123-T109999.99,DELTA,41,100,48,1000,589,yes,12,-1000
2025-05-21T19:01:36.276368,KXBTCD-25MAY2123-T109999.99,DELTA,41,100,48,1000,590,no,47,-9
2025-05-21T19:01:36.297184,KXBTCD-25MAY2123-T109999.99,DELTA,41,100,48,1000,591,yes,13,1000
2025-05-21T19:01:36.317311,KXBTCD-25MAY2123-T109999.99,DELTA,41,100,48,1000,592,no,4,-8100
2025-05-21T19:01:36.318069,KXBTCD-25MAY2123-T109999.99,DELTA,41,100,48,1000,593,no,6,5400
2025-05-21T19:01:36.319056,KXBTCD-25MAY2123-T109999.99,DELTA,41,100,48,1000,594,yes,13,2000
2025-05-21T19:01:36.376027,KXBTCD-25MAY2123-T109999.99,DELTA,41,100,48,1000,595,no,5,-20000
2025-05-21T19:01:36.417447,KXBTCD-25MAY2123-T109999.99,DELTA,41,100,48,1000,596,no,7,20000
2025-05-21T19:01:37.398123,KXBTCD-25MAY2123-T109999.99,DELTA,41,100,48,1000,597,yes,12,-2700
2025-05-21T19:01:37.399024,KXBTCD-25MAY2123-T109999.99,DELTA,41,100,48,1000,598,yes,13,2492
2025-05-21T19:01:37.436210,KXBTCD-25MAY2123-T109999.99,DELTA,41,100,48,1000,599,no,6,-5400
2025-05-21T19:01:37.437427,KXBTCD-25MAY2123-T109999.99,DELTA,41,100,48,1000,600,no,8,4050
2025-05-21T19:01:37.596797,KXBTCD-25MAY2123-T109999.99,DELTA,41,100,48,1000,601,yes,13,-2000
2025-05-21T19:01:37.597653,KXBTCD-25MAY2123-T109999.99,DELTA,41,100,48,1000,602,no,7,-20000
2025-05-21T19:01:37.598212,KXBTCD-25MAY2123-T109999.99,DELTA,41,100,48,1000,603,yes,13,-1000
2025-05-21T19:01:37.598730,KXBTCD-25MAY2123-T109999.99,DELTA,41,100,48,1000,604,no,9,20000
2025-05-21T19:01:37.599461,KXBTCD-25MAY2123-T109999.99,DELTA,41,100,48,1000,605,yes,14,1000
2025-05-21T19:01:37.600012,KXBTCD-25MAY2123-T109999.99,DELTA,41,100,48,1000,606,yes,14,2000
2025-05-21T19:01:37.722381,KXBTCD-25MAY2123-T109999.99,DELTA,41,100,48,1000,607,no,51,-100
2025-05-21T19:01:37.776204,KXBTCD-25MAY2123-T109999.99,DELTA,41,100,54,24,608,no,52,-1000
2025-05-21T19:01:37.836209,KXBTCD-25MAY2123-T109999.99,DELTA,41,100,54,24,609,no,31,1000
2025-05-21T19:01:37.956896,KXBTCD-25MAY2123-T109999.99,DELTA,41,100,54,24,610,no,35,9
2025-05-21T19:01:37.957771,KXBTCD-25MAY2123-T109999.99,DELTA,42,9,54,24,611,yes,42,9
2025-05-21T19:01:38.576085,KXBTCD-25MAY2123-T109999.99,DELTA,42,9,54,24,612,yes,13,-2492
2025-05-21T19:01:38.577051,KXBTCD-25MAY2123-T109999.99,DELTA,42,9,54,24,613,yes,14,2314
2025-05-21T19:01:38.638362,KXBTCD-25MAY2123-T109999.99,DELTA,42,9,54,24,614,yes,14,-2000
2025-05-21T19:01:38.639470,KXBTCD-25MAY2123-T109999.99,DELTA,42,9,54,24,615,no,8,-4050
2025-05-21T19:01:38.640221,KXBTCD-25MAY2123-T109999.99,DELTA,42,9,54,24,616,no,10,3240
2025-05-21T19:01:38.640712,KXBTCD-25MAY2123-T109999.99,DELTA,42,9,54,24,617,yes,14,-1000
2025-05-21T19:01:38.677553,KXBTCD-25MAY2123-T109999.99,DELTA,42,9,54,24,618,yes,15,1000
2025-05-21T19:01:38.696029,KXBTCD-25MAY2123-T109999.99,DELTA,42,9,54,24,619,yes,15,2000
2025-05-21T19:01:38.697098,KXBTCD-25MAY2123-T109999.99,DELTA,42,9,54,24,620,no,9,-20000
2025-05-21T19:01:38.697912,KXBTCD-25MAY2123-T109999.99,DELTA,42,9,54,24,621,no,35,9
2025-05-21T19:01:38.735756,KXBTCD-25MAY2123-T109999.99,DELTA,42,9,54,24,622,no,11,20000
2025-05-21T19:01:38.775723,KXBTCD-25MAY2123-T109999.99,DELTA,42,9,54,24,623,yes,41,-100
2025-05-21T19:01:38.878950,KXBTCD-25MAY2123-T109999.99,DELTA,42,9,47,100,624,no,53,100
2025-05-21T19:01:38.935817,KXBTCD-25MAY2123-T109999.99,DELTA,42,9,47,100,625,no,31,-1000
2025-05-21T19:01:38.976032,KXBTCD-25MAY2123-T109999.99,DELTA,42,9,46,1000,626,no,54,1000
2025-05-21T19:01:39.716770,KXBTCD-25MAY2123-T109999.99,DELTA,42,9,46,1000,627,yes,14,-2314
2025-05-21T19:01:39.717673,KXBTCD-25MAY2123-T109999.99,DELTA,42,9,46,1000,628,yes,11,2945
2025-05-21T19:01:39.780804,KXBTCD-25MAY2123-T109999.99,DELTA,42,9,46,1000,629,no,10,-3240
2025-05-21T19:01:39.781986,KXBTCD-25MAY2123-T109999.99,DELTA,42,9,46,1000,630,no,12,2700
2025-05-21T19:01:39.783459,KXBTCD-25MAY2123-T109999.99,DELTA,42,9,46,1000,631,yes,15,-2000
2025-05-21T19:01:39.796172,KXBTCD-25MAY2123-T109999.99,DELTA,42,9,46,1000,632,yes,15,-1000
2025-05-21T19:01:39.853767,KXBTCD-25MAY2123-T109999.99,DELTA,42,9,46,1000,633,yes,12,1000
2025-05-21T19:01:39.855154,KXBTCD-25MAY2123-T109999.99,DELTA,42,9,46,1000,634,no,11,-20000
2025-05-21T19:01:39.856107,KXBTCD-25MAY2123-T109999.99,DELTA,42,9,46,1000,635,yes,12,2000
2025-05-21T19:01:39.869970,KXBTCD-25MAY2123-T109999.99,DELTA,42,9,46,1000,636,yes,37,-9
2025-05-21T19:01:39.870844,KXBTCD-25MAY2123-T109999.99,DELTA,42,9,46,1000,637,no,35,-9
2025-05-21T19:01:39.871513,KXBTCD-25MAY2123-T109999.99,DELTA,42,9,46,1000,638,yes,22,9
2025-05-21T19:01:39.872216,KXBTCD-25MAY2123-T109999.99,DELTA,36,24,46,1000,639,yes,42,-9
2025-05-21T19:01:39.872621,KXBTCD-25MAY2123-T109999.99,DELTA,36,24,46,1000,640,yes,22,9
2025-05-21T19:01:39.872875,KXBTCD-25MAY2123-T109999.99,DELTA,36,24,46,1000,641,no,35,-9
2025-05-21T19:01:39.873095,KXBTCD-25MAY2123-T109999.99,DELTA,36,24,45,9,642,no,55,9
2025-05-21T19:01:40.397091,KXBTCD-25MAY2123-T109999.99,DELTA,40,100,45,9,643,yes,40,100
2025-05-21T19:01:40.518091,KXBTCD-25MAY2123-T109999.99,DELTA,40,100,46,1000,644,no,55,-9
2025-05-21T19:01:40.519140,KXBTCD-25MAY2123-T109999.99,DELTA,40,100,46,1000,645,yes,22,-9
2025-05-21T19:01:40.536769,KXBTCD-25MAY2123-T109999.99,DELTA,40,100,46,1000,646,no,53,-100
2025-05-21T19:01:40.596705,KXBTCD-25MAY2123-T109999.99,DELTA,40,100,54,24,647,no,54,-1000
2025-05-21T19:01:40.639483,KXBTCD-25MAY2123-T109999.99,DELTA,40,100,54,24,648,no,31,1000
2025-05-21T19:01:41.610528,KXBTCD-25MAY2123-T109999.99,DELTA,36,24,54,24,649,yes,40,-100
2025-05-21T19:01:41.621834,KXBTCD-25MAY2123-T109999.99,DELTA,36,24,49,100,650,no,51,100
2025-05-21T19:01:41.686523,KXBTCD-25MAY2123-T109999.99,DELTA,36,24,49,100,651,no,31,-1000
2025-05-21T19:01:41.696689,KXBTCD-25MAY2123-T109999.99,DELTA,36,24,49,100,652,no,35,9
2025-05-21T19:01:41.697712,KXBTCD-25MAY2123-T109999.99,DELTA,36,24,49,100,653,no,35,9
2025-05-21T19:01:41.716389,KXBTCD-25MAY2123-T109999.99,DELTA,36,24,48,1000,654,no,52,1000
2025-05-21T19:01:41.737023,KXBTCD-25MAY2123-T109999.99,DELTA,36,24,48,1000,655,yes,22,9
2025-05-21T19:01:42.957230,KXBTCD-25MAY2123-T109999.99,DELTA,40,100,48,1000,656,yes,40,100
2025-05-21T19:01:42.997941,KXBTCD-25MAY2123-T109999.99,DELTA,40,100,48,1000,657,no,51,-100
2025-05-21T19:01:43.098580,KXBTCD-25MAY2123-T109999.99,DELTA,40,100,54,24,658,no,52,-1000
2025-05-21T19:01:43.099745,KXBTCD-25MAY2123-T109999.99,DELTA,40,100,54,24,659,no,35,-9
2025-05-21T19:01:43.199687,KXBTCD-25MAY2123-T109999.99,DELTA,40,100,54,24,660,no,35,-9
2025-05-21T19:01:43.282382,KXBTCD-25MAY2123-T109999.99,DELTA,40,100,54,24,661,yes,22,-9
2025-05-21T19:01:43.283266,KXBTCD-25MAY2123-T109999.99,DELTA,40,100,54,24,662,no,31,1000
2025-05-21T19:01:43.478016,KXBTCD-25MAY2123-T109999.99,DELTA,36,24,54,24,663,yes,40,-100
2025-05-21T19:01:43.677714,KXBTCD-25MAY2123-T109999.99,DELTA,36,24,54,24,664,yes,22,9
2025-05-21T19:01:43.678841,KXBTCD-25MAY2123-T109999.99,DELTA,36,24,54,24,665,no,35,9
2025-05-21T19:01:44.477764,KXBTCD-25MAY2123-T109999.99,DELTA,40,100,54,24,666,yes,40,100
2025-05-21T19:01:44.596719,KXBTCD-25MAY2123-T109999.99,DELTA,40,100,48,100,667,no,52,100
2025-05-21T19:01:44.679665,KXBTCD-25MAY2123-T109999.99,DELTA,40,100,48,100,668,no,35,9
2025-05-21T19:01:44.680861,KXBTCD-25MAY2123-T109999.99,DELTA,40,100,48,100,669,yes,22,-9
2025-05-21T19:01:44.681698,KXBTCD-25MAY2123-T109999.99,DELTA,41,9,48,100,670,yes,41,9
2025-05-21T19:01:44.796713,KXBTCD-25MAY2123-T109999.99,DELTA,41,9,48,100,671,no,31,-1000
2025-05-21T19:01:44.996882,KXBTCD-25MAY2123-T109999.99,DELTA,41,9,47,1000,672,no,53,1000
2025-05-21T19:01:45.275695,KXBTCD-25MAY2123-T109999.99,DELTA,41,9,47,1000,673,no,35,-9
2025-05-21T19:01:45.276873,KXBTCD-25MAY2123-T109999.99,DELTA,40,100,47,1000,674,yes,41,-9
2025-05-21T19:01:45.477056,KXBTCD-25MAY2123-T109999.99,DELTA,40,100,47,1000,675,no,35,-9
2025-05-21T19:01:45.577384,KXBTCD-25MAY2123-T109999.99,DELTA,36,24,47,1000,676,yes,40,-100
2025-05-21T19:01:46.777656,KXBTCD-25MAY2123-T109999.99,DELTA,36,24,47,1000,677,yes,11,-2945
2025-05-21T19:01:46.778783,KXBTCD-25MAY2123-T109999.99,DELTA,36,24,47,1000,678,yes,13,2492
2025-05-21T19:01:46.779739,KXBTCD-25MAY2123-T109999.99,DELTA,40,100,47,1000,679,yes,40,100
2025-05-21T19:01:46.878814,KXBTCD-25MAY2123-T109999.99,DELTA,40,100,47,1000,680,yes,12,-2000
2025-05-21T19:01:46.879890,KXBTCD-25MAY2123-T109999.99,DELTA,40,100,47,1000,681,no,12,-2700
2025-05-21T19:01:46.880649,KXBTCD-25MAY2123-T109999.99,DELTA,40,100,47,1000,682,no,4,8100
2025-05-21T19:01:46.976835,KXBTCD-25MAY2123-T109999.99,DELTA,40,100,47,1000,683,yes,12,-1000
2025-05-21T19:01:46.978283,KXBTCD-25MAY2123-T109999.99,DELTA,40,100,47,1000,684,no,5,20000
2025-05-21T19:01:47.017145,KXBTCD-25MAY2123-T109999.99,DELTA,40,100,47,1000,685,yes,14,2000
2025-05-21T19:01:47.018400,KXBTCD-25MAY2123-T109999.99,DELTA,40,100,47,1000,686,yes,14,1000
2025-05-21T19:01:47.477826,KXBTCD-25MAY2123-T109999.99,DELTA,36,24,47,1000,687,yes,40,-100
2025-05-21T19:01:47.576014,KXBTCD-25MAY2123-T109999.99,DELTA,36,24,46,9,688,no,54,9
2025-05-21T19:01:47.596293,KXBTCD-25MAY2123-T109999.99,DELTA,36,24,46,9,689,yes,22,9
2025-05-21T19:01:48.825509,KXBTCD-25MAY2123-T109999.99,DELTA,41,100,46,9,690,yes,41,100
2025-05-21T19:01:48.936456,KXBTCD-25MAY2123-T109999.99,DELTA,41,100,46,9,691,yes,37,9
2025-05-21T19:01:48.936738,KXBTCD-25MAY2123-T109999.99,DELTA,41,100,47,1000,692,no,54,-9
2025-05-21T19:01:48.937035,KXBTCD-25MAY2123-T109999.99,DELTA,41,100,47,1000,693,yes,22,-9
2025-05-21T19:01:48.955626,KXBTCD-25MAY2123-T109999.99,DELTA,41,100,47,1000,694,yes,22,-9
2025-05-21T19:01:49.376852,KXBTCD-25MAY2123-T109999.99,DELTA,41,100,47,1000,695,yes,13,-2492
2025-05-21T19:01:49.377798,KXBTCD-25MAY2123-T109999.99,DELTA,41,100,47,1000,696,yes,14,2314
2025-05-21T19:01:49.442645,KXBTCD-25MAY2123-T109999.99,DELTA,41,100,47,1000,697,no,4,-8100
2025-05-21T19:01:49.443802,KXBTCD-25MAY2123-T109999.99,DELTA,41,100,47,1000,698,no,6,5400
2025-05-21T19:01:49.444433,KXBTCD-25MAY2123-T109999.99,DELTA,41,100,47,1000,699,yes,14,-2000
2025-05-21T19:01:49.444917,KXBTCD-25MAY2123-T109999.99,DELTA,41,100,47,1000,700,yes,14,-1000
2025-05-21T19:01:49.475554,KXBTCD-25MAY2123-T109999.99,DELTA,41,100,47,1000,701,yes,15,2000
2025-05-21T19:01:49.495819,KXBTCD-25MAY2123-T109999.99,DELTA,41,100,47,1000,702,yes,15,1000
2025-05-21T19:01:49.496454,KXBTCD-25MAY2123-T109999.99,DELTA,41,100,47,1000,703,no,5,-20000
2025-05-21T19:01:49.534985,KXBTCD-25MAY2123-T109999.99,DELTA,41,100,47,1000,704,no,7,20000
2025-05-21T19:01:50.396888,KXBTCD-25MAY2123-T109999.99,DELTA,41,100,47,1000,705,no,52,-100
2025-05-21T19:01:50.457519,KXBTCD-25MAY2123-T109999.99,DELTA,41,100,47,1000,706,yes,14,-2314
2025-05-21T19:01:50.458484,KXBTCD-25MAY2123-T109999.99,DELTA,41,100,47,1000,707,yes,11,2945
2025-05-21T19:01:50.459431,KXBTCD-25MAY2123-T109999.99,DELTA,41,100,54,24,708,no,53,-1000
2025-05-21T19:01:50.497390,KXBTCD-25MAY2123-T109999.99,DELTA,41,100,54,24,709,no,31,1000
2025-05-21T19:01:50.517514,KXBTCD-25MAY2123-T109999.99,DELTA,41,100,54,24,710,no,6,-5400
2025-05-21T19:01:50.518529,KXBTCD-25MAY2123-T109999.99,DELTA,41,100,54,24,711,no,8,4050
2025-05-21T19:01:50.519170,KXBTCD-25MAY2123-T109999.99,DELTA,41,100,54,24,712,yes,15,-2000
2025-05-21T19:01:50.519723,KXBTCD-25MAY2123-T109999.99,DELTA,41,100,54,24,713,yes,15,-1000
2025-05-21T19:01:50.558509,KXBTCD-25MAY2123-T109999.99,DELTA,41,100,54,24,714,yes,12,2000
2025-05-21T19:01:50.559520,KXBTCD-25MAY2123-T109999.99,DELTA,41,100,54,24,715,yes,12,1000
2025-05-21T19:01:50.577653,KXBTCD-25MAY2123-T109999.99,DELTA,41,100,54,24,716,no,7,-20000
2025-05-21T19:01:50.616668,KXBTCD-25MAY2123-T109999.99,DELTA,41,100,54,24,717,no,9,20000
2025-05-21T19:01:51.520510,KXBTCD-25MAY2123-T109999.99,DELTA,37,9,54,24,718,yes,41,-100
2025-05-21T19:01:51.619050,KXBTCD-25MAY2123-T109999.99,DELTA,37,9,54,24,719,yes,11,-2945
2025-05-21T19:01:51.620453,KXBTCD-25MAY2123-T109999.99,DELTA,37,9,54,24,720,yes,13,2492
2025-05-21T19:01:51.656548,KXBTCD-25MAY2123-T109999.99,DELTA,36,24,54,24,721,yes,37,-9
2025-05-21T19:01:51.657793,KXBTCD-25MAY2123-T109999.99,DELTA,36,24,54,24,722,no,35,9
2025-05-21T19:01:51.658507,KXBTCD-25MAY2123-T109999.99,DELTA,36,24,54,24,723,no,35,9
2025-05-21T19:01:51.659044,KXBTCD-25MAY2123-T109999.99,DELTA,36,24,54,24,724,yes,22,9
2025-05-21T19:01:51.659527,KXBTCD-25MAY2123-T109999.99,DELTA,36,24,54,24,725,yes,22,9
2025-05-21T19:01:51.659991,KXBTCD-25MAY2123-T109999.99,DELTA,36,24,54,24,726,no,8,-4050
2025-05-21T19:01:51.660419,KXBTCD-25MAY2123-T109999.99,DELTA,36,24,54,24,727,no,10,3240
2025-05-21T19:01:51.676331,KXBTCD-25MAY2123-T109999.99,DELTA,36,24,50,100,728,no,50,100
2025-05-21T19:01:51.677112,KXBTCD-25MAY2123-T109999.99,DELTA,36,24,50,100,729,yes,12,-2000
2025-05-21T19:01:51.696922,KXBTCD-25MAY2123-T109999.99,DELTA,36,24,50,100,730,yes,12,-1000
2025-05-21T19:01:51.716745,KXBTCD-25MAY2123-T109999.99,DELTA,36,24,50,100,731,no,9,-20000
2025-05-21T19:01:51.736455,KXBTCD-25MAY2123-T109999.99,DELTA,36,24,50,100,732,yes,14,2000
2025-05-21T19:01:51.737399,KXBTCD-25MAY2123-T109999.99,DELTA,36,24,50,100,733,yes,14,1000
2025-05-21T19:01:51.759936,KXBTCD-25MAY2123-T109999.99,DELTA,36,24,50,100,734,no,11,20000
2025-05-21T19:01:51.760796,KXBTCD-25MAY2123-T109999.99,DELTA,36,24,50,100,735,no,31,-1000
2025-05-21T19:01:51.797010,KXBTCD-25MAY2123-T109999.99,DELTA,36,24,49,1000,736,no,51,1000
2025-05-21T19:01:51.818559,KXBTCD-25MAY2123-T109999.99,DELTA,36,24,49,1000,737,yes,10,-200
2025-05-21T19:01:51.819253,KXBTCD-25MAY2123-T109999.99,DELTA,36,24,49,1000,738,yes,20,200
2025-05-21T19:01:51.878836,KXBTCD-25MAY2123-T109999.99,DELTA,36,24,49,1000,739,yes,14,-2000
2025-05-21T19:01:51.879705,KXBTCD-25MAY2123-T109999.99,DELTA,36,24,49,1000,740,yes,14,-1000
2025-05-21T19:01:51.922740,KXBTCD-25MAY2123-T109999.99,DELTA,36,24,49,1000,741,yes,21,1000
2025-05-21T19:01:51.923635,KXBTCD-25MAY2123-T109999.99,DELTA,36,24,49,1000,742,yes,21,2000
2025-05-21T19:01:51.998355,KXBTCD-25MAY2123-T109999.99,DELTA,36,24,49,1000,743,no,50,-100
2025-05-21T19:01:52.056485,KXBTCD-25MAY2123-T109999.99,DELTA,36,24,54,24,744,no,51,-1000
2025-05-21T19:01:52.077492,KXBTCD-25MAY2123-T109999.99,DELTA,36,24,54,24,745,no,31,1000
2025-05-21T19:01:52.116724,KXBTCD-25MAY2123-T109999.99,DELTA,36,24,54,24,746,no,35,-9
2025-05-21T19:01:52.117727,KXBTCD-25MAY2123-T109999.99,DELTA,36,24,48,9,747,no,52,9
2025-05-21T19:01:52.659756,KXBTCD-25MAY2123-T109999.99,DELTA,36,24,48,9,748,yes,13,-2492
2025-05-21T19:01:52.659924,KXBTCD-25MAY2123-T109999.99,DELTA,36,24,48,9,749,yes,4,8100
2025-05-21T19:01:52.696037,KXBTCD-25MAY2123-T109999.99,DELTA,36,24,48,9,750,no,10,-3240
2025-05-21T19:01:52.696209,KXBTCD-25MAY2123-T109999.99,DELTA,36,24,48,9,751,no,12,2700
2025-05-21T19:01:52.715983,KXBTCD-25MAY2123-T109999.99,DELTA,36,24,48,9,752,yes,5,20000
2025-05-21T19:01:52.755833,KXBTCD-25MAY2123-T109999.99,DELTA,36,24,48,9,753,no,11,-20000
2025-05-21T19:01:52.756497,KXBTCD-25MAY2123-T109999.99,DELTA,36,24,54,24,754,no,52,-9
2025-05-21T19:01:52.756940,KXBTCD-25MAY2123-T109999.99,DELTA,36,24,54,24,755,no,35,9
2025-05-21T19:01:53.017248,KXBTCD-25MAY2123-T109999.99,DELTA,41,100,54,24,756,yes,41,100
2025-05-21T19:01:53.018416,KXBTCD-25MAY2123-T109999.99,DELTA,41,100,50,100,757,no,50,100
2025-05-21T19:01:53.097292,KXBTCD-25MAY2123-T109999.99,DELTA,41,100,50,100,758,no,31,-1000
2025-05-21T19:01:53.157431,KXBTCD-25MAY2123-T109999.99,DELTA,41,100,49,1000,759,no,51,1000
2025-05-21T19:01:53.236914,KXBTCD-25MAY2123-T109999.99,DELTA,41,100,49,1000,760,yes,22,-9
2025-05-21T19:01:53.256515,KXBTCD-25MAY2123-T109999.99,DELTA,41,100,49,1000,761,no,35,-9
2025-05-21T19:01:53.316887,KXBTCD-25MAY2123-T109999.99,DELTA,41,100,49,1000,762,no,50,-100
2025-05-21T19:01:53.377096,KXBTCD-25MAY2123-T109999.99,DELTA,41,100,54,24,763,no,51,-1000
2025-05-21T19:01:53.417572,KXBTCD-25MAY2123-T109999.99,DELTA,41,100,54,24,764,no,31,1000
2025-05-21T19:01:53.522671,KXBTCD-25MAY2123-T109999.99,DELTA,36,24,54,24,765,yes,41,-100
2025-05-21T19:01:53.536848,KXBTCD-25MAY2123-T109999.99,DELTA,36,24,54,24,766,yes,22,-9
2025-05-21T19:01:53.537785,KXBTCD-25MAY2123-T109999.99,DELTA,37,9,54,24,767,yes,37,9
2025-05-21T19:01:53.738743,KXBTCD-25MAY2123-T109999.99,DELTA,37,9,54,24,768,yes,4,-8100
2025-05-21T19:01:53.739776,KXBTCD-25MAY2123-T109999.99,DELTA,37,9,54,24,769,yes,6,5400
2025-05-21T19:01:53.776826,KXBTCD-25MAY2123-T109999.99,DELTA,37,9,54,24,770,no,12,-2700
2025-05-21T19:01:53.778090,KXBTCD-25MAY2123-T109999.99,DELTA,37,9,54,24,771,no,4,8100
2025-05-21T19:01:53.797929,KXBTCD-25MAY2123-T109999.99,DELTA,37,9,54,24,772,yes,5,-20000
2025-05-21T19:01:53.836644,KXBTCD-25MAY2123-T109999.99,DELTA,37,9,54,24,773,yes,7,20000
2025-05-21T19:01:53.837673,KXBTCD-25MAY2123-T109999.99,DELTA,37,9,54,24,774,no,5,20000
2025-05-21T19:01:54.644703,KXBTCD-25MAY2123-T109999.99,DELTA,41,100,54,24,775,yes,41,100
2025-05-21T19:01:54.645594,KXBTCD-25MAY2123-T109999.99,DELTA,41,100,49,100,776,no,51,100
2025-05-21T19:01:54.645994,KXBTCD-25MAY2123-T109999.99,DELTA,41,100,49,100,777,no,31,-1000
2025-05-21T19:01:54.675525,KXBTCD-25MAY2123-T109999.99,DELTA,41,100,48,1000,778,no,52,1000
2025-05-21T19:01:54.696683,KXBTCD-25MAY2123-T109999.99,DELTA,41,100,48,1000,779,no,35,-9
2025-05-21T19:01:54.697382,KXBTCD-25MAY2123-T109999.99,DELTA,41,100,48,1000,780,no,47,9
2025-05-21T19:01:58.558101,KXBTCD-25MAY2123-T109999.99,DELTA,41,100,48,1000,781,yes,6,-5400
2025-05-21T19:01:58.558304,KXBTCD-25MAY2123-T109999.99,DELTA,41,100,48,1000,782,yes,8,4050
2025-05-21T19:01:58.616265,KXBTCD-25MAY2123-T109999.99,DELTA,41,100,48,1000,783,no,4,-8100
2025-05-21T19:01:58.617072,KXBTCD-25MAY2123-T109999.99,DELTA,41,100,48,1000,784,no,6,5400
2025-05-21T19:01:58.617586,KXBTCD-25MAY2123-T109999.99,DELTA,41,100,48,1000,785,yes,7,-20000
2025-05-21T19:01:58.656473,KXBTCD-25MAY2123-T109999.99,DELTA,41,100,48,1000,786,yes,9,20000
2025-05-21T19:01:58.657333,KXBTCD-25MAY2123-T109999.99,DELTA,41,100,48,1000,787,no,47,-9
2025-05-21T19:01:58.676156,KXBTCD-25MAY2123-T109999.99,DELTA,41,100,48,1000,788,no,5,-20000
2025-05-21T19:01:58.715860,KXBTCD-25MAY2123-T109999.99,DELTA,41,100,48,1000,789,no,7,20000
2025-05-21T19:02:01.257354,KXBTCD-25MAY2123-T109999.99,DELTA,41,100,48,1000,790,yes,8,-4050
2025-05-21T19:02:01.258197,KXBTCD-25MAY2123-T109999.99,DELTA,41,100,48,1000,791,yes,10,3240
2025-05-21T19:02:01.320238,KXBTCD-25MAY2123-T109999.99,DELTA,41,100,48,1000,792,no,6,-5400
2025-05-21T19:02:01.321441,KXBTCD-25MAY2123-T109999.99,DELTA,41,100,48,1000,793,no,8,4050
2025-05-21T19:02:01.322145,KXBTCD-25MAY2123-T109999.99,DELTA,41,100,48,1000,794,yes,9,-20000
2025-05-21T19:02:01.356600,KXBTCD-25MAY2123-T109999.99,DELTA,41,100,48,1000,795,yes,11,20000
2025-05-21T19:02:01.376645,KXBTCD-25MAY2123-T109999.99,DELTA,41,100,48,1000,796,no,7,-20000
2025-05-21T19:02:01.415733,KXBTCD-25MAY2123-T109999.99,DELTA,41,100,48,1000,797,no,9,20000
2025-05-21T19:02:02.356871,KXBTCD-25MAY2123-T109999.99,DELTA,41,100,48,1000,798,yes,10,-3240
2025-05-21T19:02:02.357633,KXBTCD-25MAY2123-T109999.99,DELTA,41,100,48,1000,799,yes,12,2700
2025-05-21T19:02:02.416215,KXBTCD-25MAY2123-T109999.99,DELTA,41,100,48,1000,800,no,8,-4050
2025-05-21T19:02:02.416441,KXBTCD-25MAY2123-T109999.99,DELTA,41,100,48,1000,801,no,10,3240
2025-05-21T19:02:02.416785,KXBTCD-25MAY2123-T109999.99,DELTA,41,100,48,1000,802,yes,11,-20000
2025-05-21T19:02:02.496865,KXBTCD-25MAY2123-T109999.99,DELTA,41,100,48,1000,803,no,9,-20000
2025-05-21T19:02:02.540384,KXBTCD-25MAY2123-T109999.99,DELTA,41,100,48,1000,804,no,11,20000
2025-05-21T19:02:03.515787,KXBTCD-25MAY2123-T109999.99,DELTA,41,100,48,1000,805,yes,12,-2700
2025-05-21T19:02:03.516134,KXBTCD-25MAY2123-T109999.99,DELTA,41,100,48,1000,806,yes,4,8100
2025-05-21T19:02:03.577101,KXBTCD-25MAY2123-T109999.99,DELTA,41,100,48,1000,807,yes,5,20000
2025-05-21T19:02:03.577309,KXBTCD-25MAY2123-T109999.99,DELTA,41,100,48,1000,808,no,10,-3240
2025-05-21T19:02:03.577612,KXBTCD-25MAY2123-T109999.99,DELTA,41,100,48,1000,809,no,12,2700
2025-05-21T19:02:03.636349,KXBTCD-25MAY2123-T109999.99,DELTA,41,100,48,1000,810,no,11,-20000
2025-05-21T19:02:04.596043,KXBTCD-25MAY2123-T109999.99,DELTA,41,100,48,1000,811,yes,4,-8100
2025-05-21T19:02:04.596264,KXBTCD-25MAY2123-T109999.99,DELTA,41,100,48,1000,812,yes,6,5400
2025-05-21T19:02:04.659587,KXBTCD-25MAY2123-T109999.99,DELTA,41,100,48,1000,813,no,12,-2700
2025-05-21T19:02:04.660284,KXBTCD-25MAY2123-T109999.99,DELTA,41,100,48,1000,814,no,4,8100
2025-05-21T19:02:04.660727,KXBTCD-25MAY2123-T109999.99,DELTA,41,100,48,1000,815,yes,5,-20000
2025-05-21T19:02:04.696863,KXBTCD-25MAY2123-T109999.99,DELTA,41,100,48,1000,816,yes,7,20000
2025-05-21T19:02:04.716623,KXBTCD-25MAY2123-T109999.99,DELTA,41,100,48,1000,817,no,5,20000
2025-05-21T19:02:05.737383,KXBTCD-25MAY2123-T109999.99,DELTA,41,100,48,1000,818,yes,6,-5400
2025-05-21T19:02:05.738531,KXBTCD-25MAY2123-T109999.99,DELTA,41,100,48,1000,819,yes,8,4050
2025-05-21T19:02:05.793610,KXBTCD-25MAY2123-T109999.99,DELTA,41,100,48,1000,820,no,4,-8100
2025-05-21T19:02:05.794702,KXBTCD-25MAY2123-T109999.99,DELTA,41,100,48,1000,821,no,6,5400
2025-05-21T19:02:05.796305,KXBTCD-25MAY2123-T109999.99,DELTA,41,100,48,1000,822,yes,7,-20000
2025-05-21T19:02:05.857543,KXBTCD-25MAY2123-T109999.99,DELTA,41,100,48,1000,823,no,5,-20000
2025-05-21T19:02:05.858608,KXBTCD-25MAY2123-T109999.99,DELTA,41,100,48,1000,824,yes,9,20000
2025-05-21T19:02:05.898258,KXBTCD-25MAY2123-T109999.99,DELTA,41,100,48,1000,825,no,7,20000
2025-05-21T19:02:09.181246,KXBTCD-25MAY2123-T109999.99,DELTA,41,100,48,1000,826,no,51,-100
2025-05-21T19:02:09.236783,KXBTCD-25MAY2123-T109999.99,DELTA,41,100,54,24,827,no,52,-1000
2025-05-21T19:02:09.237856,KXBTCD-25MAY2123-T109999.99,DELTA,41,100,54,24,828,no,31,1000
2025-05-21T19:02:10.416957,KXBTCD-25MAY2123-T109999.99,DELTA,41,100,48,100,829,no,52,100
2025-05-21T19:02:10.497197,KXBTCD-25MAY2123-T109999.99,DELTA,41,100,48,100,830,no,31,-1000
2025-05-21T19:02:10.537344,KXBTCD-25MAY2123-T109999.99,DELTA,41,100,47,1000,831,no,53,1000
2025-05-21T19:02:10.538472,KXBTCD-25MAY2123-T109999.99,DELTA,41,100,47,1000,832,no,47,9
2025-05-21T19:02:11.097001,KXBTCD-25MAY2123-T109999.99,DELTA,41,100,47,1000,833,yes,8,-4050
2025-05-21T19:02:11.097970,KXBTCD-25MAY2123-T109999.99,DELTA,41,100,47,1000,834,yes,10,3240
2025-05-21T19:02:11.156670,KXBTCD-25MAY2123-T109999.99,DELTA,41,100,47,1000,835,no,6,-5400
2025-05-21T19:02:11.157468,KXBTCD-25MAY2123-T109999.99,DELTA,41,100,47,1000,836,no,8,4050
2025-05-21T19:02:11.177957,KXBTCD-25MAY2123-T109999.99,DELTA,41,100,47,1000,837,yes,9,-20000
2025-05-21T19:02:11.217077,KXBTCD-25MAY2123-T109999.99,DELTA,41,100,47,1000,838,no,7,-20000
2025-05-21T19:02:11.238308,KXBTCD-25MAY2123-T109999.99,DELTA,41,100,47,1000,839,yes,11,20000
2025-05-21T19:02:11.255901,KXBTCD-25MAY2123-T109999.99,DELTA,41,100,47,1000,840,no,9,20000
2025-05-21T19:02:11.277095,KXBTCD-25MAY2123-T109999.99,DELTA,41,100,47,1000,841,no,47,-9
2025-05-21T19:02:13.016679,KXBTCD-25MAY2123-T109999.99,DELTA,41,100,47,1000,842,yes,20,-200
2025-05-21T19:02:13.017467,KXBTCD-25MAY2123-T109999.99,DELTA,41,100,47,1000,843,yes,10,200
2025-05-21T19:02:13.097874,KXBTCD-25MAY2123-T109999.99,DELTA,41,100,47,1000,844,yes,21,-2000
2025-05-21T19:02:13.098386,KXBTCD-25MAY2123-T109999.99,DELTA,41,100,47,1000,845,yes,35,24
2025-05-21T19:02:13.098634,KXBTCD-25MAY2123-T109999.99,DELTA,41,100,47,1000,846,yes,21,-1000
2025-05-21T19:02:13.119828,KXBTCD-25MAY2123-T109999.99,DELTA,41,100,47,1000,847,no,48,24
2025-05-21T19:02:13.136970,KXBTCD-25MAY2123-T109999.99,DELTA,41,100,47,1000,848,yes,11,1000
2025-05-21T19:02:13.156603,KXBTCD-25MAY2123-T109999.99,DELTA,41,100,47,1000,849,yes,11,2000
2025-05-21T19:02:13.158268,KXBTCD-25MAY2123-T109999.99,DELTA,41,100,47,1000,850,yes,36,-24
2025-05-21T19:02:13.176221,KXBTCD-25MAY2123-T109999.99,DELTA,41,100,47,1000,851,no,46,-24
2025-05-21T19:02:13.356661,KXBTCD-25MAY2123-T109999.99,DELTA,37,9,47,1000,852,yes,41,-100
2025-05-21T19:02:13.377657,KXBTCD-25MAY2123-T109999.99,DELTA,37,9,47,1000,853,no,52,-100
2025-05-21T19:02:13.456668,KXBTCD-25MAY2123-T109999.99,DELTA,37,9,52,24,854,no,53,-1000
2025-05-21T19:02:13.496701,KXBTCD-25MAY2123-T109999.99,DELTA,37,9,52,24,855,no,31,1000
2025-05-21T19:02:13.576978,KXBTCD-25MAY2123-T109999.99,DELTA,37,9,52,24,856,yes,22,9
2025-05-21T19:02:13.637067,KXBTCD-25MAY2123-T109999.99,DELTA,37,9,52,24,857,no,35,9
2025-05-21T19:02:13.796620,KXBTCD-25MAY2123-T109999.99,DELTA,37,9,52,24,858,yes,10,-3240
2025-05-21T19:02:13.797776,KXBTCD-25MAY2123-T109999.99,DELTA,37,9,52,24,859,yes,12,2700
2025-05-21T19:02:13.838747,KXBTCD-25MAY2123-T109999.99,DELTA,37,9,52,24,860,no,8,-4050
2025-05-21T19:02:13.839521,KXBTCD-25MAY2123-T109999.99,DELTA,37,9,52,24,861,no,10,3240
2025-05-21T19:02:13.856037,KXBTCD-25MAY2123-T109999.99,DELTA,37,9,52,24,862,yes,11,-20000
2025-05-21T19:02:13.876476,KXBTCD-25MAY2123-T109999.99,DELTA,37,9,52,24,863,yes,11,-2000
2025-05-21T19:02:13.877572,KXBTCD-25MAY2123-T109999.99,DELTA,37,9,52,24,864,yes,11,-1000
2025-05-21T19:02:13.896788,KXBTCD-25MAY2123-T109999.99,DELTA,37,9,52,24,865,no,9,-20000
2025-05-21T19:02:13.917405,KXBTCD-25MAY2123-T109999.99,DELTA,35,24,52,24,866,yes,37,-9
2025-05-21T19:02:13.918327,KXBTCD-25MAY2123-T109999.99,DELTA,35,24,52,24,867,yes,22,9
2025-05-21T19:02:13.919114,KXBTCD-25MAY2123-T109999.99,DELTA,35,24,52,24,868,no,35,9
2025-05-21T19:02:13.919633,KXBTCD-25MAY2123-T109999.99,DELTA,35,24,52,24,869,yes,13,2000
2025-05-21T19:02:13.938610,KXBTCD-25MAY2123-T109999.99,DELTA,35,24,52,24,870,no,11,20000
2025-05-21T19:02:13.996604,KXBTCD-25MAY2123-T109999.99,DELTA,35,24,52,24,871,yes,13,1000
2025-05-21T19:02:14.397762,KXBTCD-25MAY2123-T109999.99,DELTA,35,24,52,24,872,yes,33,24
2025-05-21T19:02:14.416272,KXBTCD-25MAY2123-T109999.99,DELTA,33,24,52,24,873,yes,35,-24
2025-05-21T19:02:14.417356,KXBTCD-25MAY2123-T109999.99,DELTA,33,24,51,24,874,no,49,24
2025-05-21T19:02:14.417921,KXBTCD-25MAY2123-T109999.99,DELTA,33,24,51,24,875,no,48,-24
2025-05-21T19:02:14.497780,KXBTCD-25MAY2123-T109999.99,DELTA,33,24,51,24,876,yes,32,24
2025-05-21T19:02:14.498527,KXBTCD-25MAY2123-T109999.99,DELTA,32,24,51,24,877,yes,33,-24
2025-05-21T19:02:14.499145,KXBTCD-25MAY2123-T109999.99,DELTA,39,100,51,24,878,yes,39,100
2025-05-21T19:02:14.516451,KXBTCD-25MAY2123-T109999.99,DELTA,39,100,49,24,879,no,51,24
2025-05-21T19:02:14.516814,KXBTCD-25MAY2123-T109999.99,DELTA,39,100,47,100,880,no,53,100
2025-05-21T19:02:14.516954,KXBTCD-25MAY2123-T109999.99,DELTA,39,100,47,100,881,no,49,-24
2025-05-21T19:02:14.517064,KXBTCD-25MAY2123-T109999.99,DELTA,39,100,47,100,882,yes,22,-9
2025-05-21T19:02:14.517166,KXBTCD-25MAY2123-T109999.99,DELTA,39,100,47,100,883,yes,34,9
2025-05-21T19:02:14.575716,KXBTCD-25MAY2123-T109999.99,DELTA,39,100,47,100,884,no,31,-1000
2025-05-21T19:02:14.675878,KXBTCD-25MAY2123-T109999.99,DELTA,39,100,46,1000,885,no,54,1000
2025-05-21T19:02:14.696613,KXBTCD-25MAY2123-T109999.99,DELTA,39,100,46,1000,886,yes,33,9
2025-05-21T19:02:14.697429,KXBTCD-25MAY2123-T109999.99,DELTA,39,100,46,1000,887,yes,22,-9
2025-05-21T19:02:14.736549,KXBTCD-25MAY2123-T109999.99,DELTA,39,100,46,1000,888,no,53,-100
2025-05-21T19:02:14.797446,KXBTCD-25MAY2123-T109999.99,DELTA,39,100,49,24,889,no,54,-1000
2025-05-21T19:02:14.836721,KXBTCD-25MAY2123-T109999.99,DELTA,39,100,49,24,890,no,31,1000
2025-05-21T19:02:14.878181,KXBTCD-25MAY2123-T109999.99,DELTA,39,100,49,24,891,no,1,-8000
2025-05-21T19:02:14.898471,KXBTCD-25MAY2123-T109999.99,DELTA,39,100,49,24,892,yes,34,-9
2025-05-21T19:02:14.899269,KXBTCD-25MAY2123-T109999.99,DELTA,40,9,49,24,893,yes,40,9
2025-05-21T19:02:14.936209,KXBTCD-25MAY2123-T109999.99,DELTA,40,9,49,24,894,no,2,8000
2025-05-21T19:02:14.956093,KXBTCD-25MAY2123-T109999.99,DELTA,40,9,49,24,895,yes,39,-100
2025-05-21T19:02:15.096539,KXBTCD-25MAY2123-T109999.99,DELTA,40,9,49,24,896,yes,12,-2700
2025-05-21T19:02:15.098938,KXBTCD-25MAY2123-T109999.99,DELTA,40,9,49,24,897,yes,14,2314
2025-05-21T19:02:15.156299,KXBTCD-25MAY2123-T109999.99,DELTA,40,9,49,24,898,yes,13,-2000
2025-05-21T19:02:15.156499,KXBTCD-25MAY2123-T109999.99,DELTA,40,9,49,24,899,no,10,-3240
2025-05-21T19:02:15.156589,KXBTCD-25MAY2123-T109999.99,DELTA,40,9,49,24,900,no,12,2700
2025-05-21T19:02:15.156663,KXBTCD-25MAY2123-T109999.99,DELTA,40,9,49,24,901,yes,13,-1000
2025-05-21T19:02:15.216556,KXBTCD-25MAY2123-T109999.99,DELTA,40,9,49,24,902,yes,15,1000
2025-05-21T19:02:15.216713,KXBTCD-25MAY2123-T109999.99,DELTA,40,9,49,24,903,yes,15,2000
2025-05-21T19:02:15.217091,KXBTCD-25MAY2123-T109999.99,DELTA,40,9,49,24,904,no,11,-20000
2025-05-21T19:02:15.317899,KXBTCD-25MAY2123-T109999.99,DELTA,33,9,49,24,905,yes,40,-9
2025-05-21T19:02:15.318936,KXBTCD-25MAY2123-T109999.99,DELTA,33,9,49,24,906,yes,22,9
2025-05-21T19:02:16.016276,KXBTCD-25MAY2123-T109999.99,DELTA,36,100,49,24,907,yes,36,100
2025-05-21T19:02:16.017084,KXBTCD-25MAY2123-T109999.99,DELTA,36,100,44,100,908,no,56,100
2025-05-21T19:02:16.077704,KXBTCD-25MAY2123-T109999.99,DELTA,36,100,44,100,909,yes,15,-1000
2025-05-21T19:02:16.078608,KXBTCD-25MAY2123-T109999.99,DELTA,36,100,44,100,910,no,31,-1000
2025-05-21T19:02:16.096677,KXBTCD-25MAY2123-T109999.99,DELTA,36,100,44,100,911,yes,21,-3000
2025-05-21T19:02:16.136889,KXBTCD-25MAY2123-T109999.99,DELTA,36,100,43,1000,912,no,57,1000
2025-05-21T19:02:16.137546,KXBTCD-25MAY2123-T109999.99,DELTA,36,100,43,1000,913,yes,15,1000
2025-05-21T19:02:16.138067,KXBTCD-25MAY2123-T109999.99,DELTA,36,100,43,1000,914,yes,13,3000
2025-05-21T19:02:16.158444,KXBTCD-25MAY2123-T109999.99,DELTA,36,100,43,1000,915,no,35,-9
2025-05-21T19:02:16.176868,KXBTCD-25MAY2123-T109999.99,DELTA,36,100,43,1000,916,no,52,9
2025-05-21T19:02:16.177942,KXBTCD-25MAY2123-T109999.99,DELTA,36,100,43,1000,917,yes,22,-9
2025-05-21T19:02:16.179100,KXBTCD-25MAY2123-T109999.99,DELTA,36,100,43,1000,918,no,35,-9
2025-05-21T19:02:16.180434,KXBTCD-25MAY2123-T109999.99,DELTA,36,100,43,1000,919,yes,33,-9
2025-05-21T19:02:16.181481,KXBTCD-25MAY2123-T109999.99,DELTA,36,100,43,1000,920,yes,22,9
2025-05-21T19:02:16.457035,KXBTCD-25MAY2123-T109999.99,DELTA,36,100,43,1000,921,yes,14,-2314
2025-05-21T19:02:16.457917,KXBTCD-25MAY2123-T109999.99,DELTA,36,100,43,1000,922,yes,11,2945
2025-05-21T19:02:16.496900,KXBTCD-25MAY2123-T109999.99,DELTA,36,100,43,1000,923,no,12,-2700
2025-05-21T19:02:16.498149,KXBTCD-25MAY2123-T109999.99,DELTA,36,100,43,1000,924,no,4,8100
2025-05-21T19:02:16.517474,KXBTCD-25MAY2123-T109999.99,DELTA,36,100,43,1000,925,yes,15,-2000
2025-05-21T19:02:16.536356,KXBTCD-25MAY2123-T109999.99,DELTA,36,100,43,1000,926,yes,15,-1000
2025-05-21T19:02:16.577201,KXBTCD-25MAY2123-T109999.99,DELTA,36,100,43,1000,927,no,5,20000
2025-05-21T19:02:16.578229,KXBTCD-25MAY2123-T109999.99,DELTA,36,100,43,1000,928,yes,12,1000
2025-05-21T19:02:16.579184,KXBTCD-25MAY2123-T109999.99,DELTA,36,100,43,1000,929,yes,12,2000
2025-05-21T19:02:17.076256,KXBTCD-25MAY2123-T109999.99,DELTA,36,100,43,1000,930,no,56,-100
2025-05-21T19:02:17.137532,KXBTCD-25MAY2123-T109999.99,DELTA,36,100,48,9,931,no,57,-1000
2025-05-21T19:02:17.179855,KXBTCD-25MAY2123-T109999.99,DELTA,36,100,48,9,932,no,31,1000
2025-05-21T19:02:17.198517,KXBTCD-25MAY2123-T109999.99,DELTA,36,100,48,9,933,yes,22,-9
2025-05-21T19:02:17.199417,KXBTCD-25MAY2123-T109999.99,DELTA,36,100,48,9,934,yes,14,9
2025-05-21T19:02:17.218043,KXBTCD-25MAY2123-T109999.99,DELTA,36,100,49,24,935,no,52,-9
2025-05-21T19:02:17.759323,KXBTCD-25MAY2123-T109999.99,DELTA,36,100,49,24,936,no,4,-8100
2025-05-21T19:02:17.760174,KXBTCD-25MAY2123-T109999.99,DELTA,36,100,49,24,937,no,6,5400
2025-05-21T19:02:17.816286,KXBTCD-25MAY2123-T109999.99,DELTA,36,100,49,24,938,no,5,-20000
2025-05-21T19:02:17.859267,KXBTCD-25MAY2123-T109999.99,DELTA,36,100,49,24,939,no,7,20000
2025-05-21T19:02:17.876706,KXBTCD-25MAY2123-T109999.99,DELTA,37,9,49,24,940,yes,37,9
2025-05-21T19:02:17.876957,KXBTCD-25MAY2123-T109999.99,DELTA,37,9,49,24,941,no,35,9
2025-05-21T19:02:17.977350,KXBTCD-25MAY2123-T109999.99,DELTA,37,9,49,24,942,no,35,9
2025-05-21T19:02:18.436688,KXBTCD-25MAY2123-T109999.99,DELTA,37,9,43,100,943,no,57,100
2025-05-21T19:02:18.497150,KXBTCD-25MAY2123-T109999.99,DELTA,37,9,43,100,944,no,31,-1000
2025-05-21T19:02:18.537476,KXBTCD-25MAY2123-T109999.99,DELTA,37,9,42,1000,945,no,58,1000
2025-05-21T19:02:18.575264,KXBTCD-25MAY2123-T109999.99,DELTA,36,100,42,1000,946,yes,37,-9
2025-05-21T19:02:18.576035,KXBTCD-25MAY2123-T109999.99,DELTA,36,100,42,1000,947,no,35,-9
2025-05-21T19:02:18.857956,KXBTCD-25MAY2123-T109999.99,DELTA,36,100,42,1000,948,no,6,-5400
2025-05-21T19:02:18.858863,KXBTCD-25MAY2123-T109999.99,DELTA,36,100,42,1000,949,no,8,4050
2025-05-21T19:02:18.916003,KXBTCD-25MAY2123-T109999.99,DELTA,36,100,42,1000,950,no,7,-20000
2025-05-21T19:02:18.956459,KXBTCD-25MAY2123-T109999.99,DELTA,36,100,42,1000,951,no,9,20000
2025-05-21T19:02:18.957583,KXBTCD-25MAY2123-T109999.99,DELTA,36,100,42,1000,952,no,35,-9
2025-05-21T19:02:20.717784,KXBTCD-25MAY2123-T109999.99,DELTA,36,100,42,1000,953,no,2,-8000
2025-05-21T19:02:20.756913,KXBTCD-25MAY2123-T109999.99,DELTA,36,100,42,1000,954,no,3,8000
2025-05-21T19:02:24.656519,KXBTCD-25MAY2123-T109999.99,DELTA,36,100,42,1000,955,no,8,-4050
2025-05-21T19:02:24.658060,KXBTCD-25MAY2123-T109999.99,DELTA,36,100,42,1000,956,no,10,3240
2025-05-21T19:02:24.716218,KXBTCD-25MAY2123-T109999.99,DELTA,36,100,42,1000,957,no,9,-20000
2025-05-21T19:02:24.756474,KXBTCD-25MAY2123-T109999.99,DELTA,36,100,42,1000,958,no,11,20000
2025-05-21T19:02:27.156843,KXBTCD-25MAY2123-T109999.99,DELTA,36,100,42,1000,959,no,10,-3240
2025-05-21T19:02:27.157617,KXBTCD-25MAY2123-T109999.99,DELTA,36,100,42,1000,960,no,12,2700
2025-05-21T19:02:27.215458,KXBTCD-25MAY2123-T109999.99,DELTA,36,100,42,1000,961,no,11,-20000
2025-05-21T19:02:28.196551,KXBTCD-25MAY2123-T109999.99,DELTA,36,100,42,1000,962,no,12,-2700
2025-05-21T19:02:28.197007,KXBTCD-25MAY2123-T109999.99,DELTA,36,100,42,1000,963,no,4,8100
2025-05-21T19:02:28.255852,KXBTCD-25MAY2123-T109999.99,DELTA,36,100,42,1000,964,no,5,20000
2025-05-21T19:02:29.236220,KXBTCD-25MAY2123-T109999.99,DELTA,36,100,42,1000,965,no,4,-8100
2025-05-21T19:02:29.236969,KXBTCD-25MAY2123-T109999.99,DELTA,36,100,42,1000,966,no,6,5400
2025-05-21T19:02:29.300527,KXBTCD-25MAY2123-T109999.99,DELTA,36,100,42,1000,967,no,5,-20000
2025-05-21T19:02:29.356688,KXBTCD-25MAY2123-T109999.99,DELTA,36,100,42,1000,968,no,7,20000
2025-05-21T19:02:30.318729,KXBTCD-25MAY2123-T109999.99,DELTA,36,100,42,1000,969,no,6,-5400
2025-05-21T19:02:30.319875,KXBTCD-25MAY2123-T109999.99,DELTA,36,100,42,1000,970,no,8,4050
2025-05-21T19:02:30.376453,KXBTCD-25MAY2123-T109999.99,DELTA,36,100,42,1000,971,no,7,-20000
2025-05-21T19:02:30.415591,KXBTCD-25MAY2123-T109999.99,DELTA,36,100,42,1000,972,no,9,20000
2025-05-21T19:02:31.436750,KXBTCD-25MAY2123-T109999.99,DELTA,36,100,42,1000,973,no,8,-4050
2025-05-21T19:02:31.438004,KXBTCD-25MAY2123-T109999.99,DELTA,36,100,42,1000,974,no,10,3240
2025-05-21T19:02:31.516886,KXBTCD-25MAY2123-T109999.99,DELTA,36,100,42,1000,975,no,9,-20000
2025-05-21T19:02:31.557243,KXBTCD-25MAY2123-T109999.99,DELTA,36,100,42,1000,976,no,11,20000
2025-05-21T19:02:32.176954,KXBTCD-25MAY2123-T109999.99,DELTA,32,24,42,1000,977,yes,36,-100
2025-05-21T19:02:32.197771,KXBTCD-25MAY2123-T109999.99,DELTA,32,24,42,1000,978,no,57,-100
2025-05-21T19:02:32.277715,KXBTCD-25MAY2123-T109999.99,DELTA,32,24,49,24,979,no,58,-1000
2025-05-21T19:02:32.296170,KXBTCD-25MAY2123-T109999.99,DELTA,32,24,49,24,980,yes,14,9
2025-05-21T19:02:32.296999,KXBTCD-25MAY2123-T109999.99,DELTA,32,24,41,9,981,no,59,9
2025-05-21T19:02:32.316344,KXBTCD-25MAY2123-T109999.99,DELTA,32,24,41,9,982,no,31,1000
2025-05-21T19:02:32.397567,KXBTCD-25MAY2123-T109999.99,DELTA,32,24,41,9,983,yes,14,-9
2025-05-21T19:02:32.416768,KXBTCD-25MAY2123-T109999.99,DELTA,33,24,41,9,984,yes,33,24
2025-05-21T19:02:32.436989,KXBTCD-25MAY2123-T109999.99,DELTA,33,24,41,9,985,yes,32,-24
2025-05-21T19:02:32.438032,KXBTCD-25MAY2123-T109999.99,DELTA,33,24,41,9,986,no,49,24
2025-05-21T19:02:32.439034,KXBTCD-25MAY2123-T109999.99,DELTA,33,24,41,9,987,no,51,-24
2025-05-21T19:02:33.999155,KXBTCD-25MAY2123-T109999.99,DELTA,33,24,41,9,988,no,54,100
2025-05-21T19:02:34.021590,KXBTCD-25MAY2123-T109999.99,DELTA,38,100,41,9,989,yes,38,100
2025-05-21T19:02:34.057810,KXBTCD-25MAY2123-T109999.99,DELTA,38,100,41,9,990,no,31,-1000
2025-05-21T19:02:34.097009,KXBTCD-25MAY2123-T109999.99,DELTA,38,100,41,9,991,no,55,1000
2025-05-21T19:02:34.123117,KXBTCD-25MAY2123-T109999.99,DELTA,38,100,41,9,992,yes,14,9
2025-05-21T19:02:34.135801,KXBTCD-25MAY2123-T109999.99,DELTA,38,100,41,9,993,no,50,9
2025-05-21T19:02:34.135938,KXBTCD-25MAY2123-T109999.99,DELTA,38,100,45,1000,994,no,59,-9
2025-05-21T19:02:34.136035,KXBTCD-25MAY2123-T109999.99,DELTA,38,100,45,1009,995,no,55,9
2025-05-21T19:02:34.156038,KXBTCD-25MAY2123-T109999.99,DELTA,38,100,45,1009,996,yes,12,-1000
2025-05-21T19:02:34.217798,KXBTCD-25MAY2123-T109999.99,DELTA,38,1100,45,1009,997,yes,38,1000
2025-05-21T19:02:34.357454,KXBTCD-25MAY2123-T109999.99,DELTA,38,100,45,1009,998,yes,38,-1000
2025-05-21T19:02:34.397942,KXBTCD-25MAY2123-T109999.99,DELTA,38,100,45,1009,999,yes,12,1000
2025-05-21T19:02:34.437024,KXBTCD-25MAY2123-T109999.99,DELTA,33,24,45,1009,1000,yes,38,-100
2025-05-21T19:02:34.475475,KXBTCD-25MAY2123-T109999.99,DELTA,14,18,45,1009,1001,yes,33,-24
2025-05-21T19:02:34.496086,KXBTCD-25MAY2123-T109999.99,DELTA,35,24,45,1009,1002,yes,35,24
2025-05-21T19:02:34.497111,KXBTCD-25MAY2123-T109999.99,DELTA,35,24,45,1009,1003,no,49,-24
2025-05-21T19:02:34.498079,KXBTCD-25MAY2123-T109999.99,DELTA,35,24,45,1009,1004,no,48,24
2025-05-21T19:02:34.498696,KXBTCD-25MAY2123-T109999.99,DELTA,35,24,45,1009,1005,yes,14,-9
2025-05-21T19:02:34.515244,KXBTCD-25MAY2123-T109999.99,DELTA,35,24,45,1000,1006,no,55,-9
2025-05-21T19:02:35.277363,KXBTCD-25MAY2123-T109999.99,DELTA,39,100,45,1000,1007,yes,39,100
2025-05-21T19:02:35.396800,KXBTCD-25MAY2123-T109999.99,DELTA,39,100,45,1000,1008,no,50,-9
2025-05-21T19:02:35.457328,KXBTCD-25MAY2123-T109999.99,DELTA,39,100,45,1000,1009,no,54,-100
2025-05-21T19:02:35.461057,KXBTCD-25MAY2123-T109999.99,DELTA,35,24,45,1000,1010,yes,39,-100
2025-05-21T19:02:35.537250,KXBTCD-25MAY2123-T109999.99,DELTA,35,24,52,24,1011,no,55,-1000
2025-05-21T19:02:35.576455,KXBTCD-25MAY2123-T109999.99,DELTA,35,24,52,24,1012,no,31,1000
2025-05-21T19:02:36.997472,KXBTCD-25MAY2123-T109999.99,DELTA,35,24,48,100,1013,no,52,100
2025-05-21T19:02:36.998498,KXBTCD-25MAY2123-T109999.99,DELTA,40,100,48,100,1014,yes,40,100
2025-05-21T19:02:37.102929,KXBTCD-25MAY2123-T109999.99,DELTA,40,100,48,100,1015,no,31,-1000
2025-05-21T19:02:37.104170,KXBTCD-25MAY2123-T109999.99,DELTA,40,100,48,100,1016,yes,37,24
2025-05-21T19:02:37.104695,KXBTCD-25MAY2123-T109999.99,DELTA,40,100,48,100,1017,yes,35,-24
2025-05-21T19:02:37.172733,KXBTCD-25MAY2123-T109999.99,DELTA,40,100,48,100,1018,no,46,24
2025-05-21T19:02:37.173600,KXBTCD-25MAY2123-T109999.99,DELTA,40,100,48,100,1019,no,48,-24
2025-05-21T19:02:37.174189,KXBTCD-25MAY2123-T109999.99,DELTA,40,100,47,1000,1020,no,53,1000
2025-05-21T19:02:37.177653,KXBTCD-25MAY2123-T109999.99,DELTA,40,100,47,1000,1021,no,35,9
2025-05-21T19:02:37.179539,KXBTCD-25MAY2123-T109999.99,DELTA,40,100,47,1009,1022,no,53,9
2025-05-21T19:02:37.181723,KXBTCD-25MAY2123-T109999.99,DELTA,40,100,47,1009,1023,yes,14,9
2025-05-21T19:02:38.078147,KXBTCD-25MAY2123-T109999.99,DELTA,37,24,47,1009,1024,yes,40,-100
2025-05-21T19:02:38.197636,KXBTCD-25MAY2123-T109999.99,DELTA,37,24,47,1009,1025,no,35,-9
2025-05-21T19:02:38.198669,KXBTCD-25MAY2123-T109999.99,DELTA,37,24,47,1000,1026,no,53,-9
2025-05-21T19:02:38.199304,KXBTCD-25MAY2123-T109999.99,DELTA,37,24,46,9,1027,no,54,9
2025-05-21T19:02:38.735462,KXBTCD-25MAY2123-T109999.99,DELTA,37,24,46,9,1028,no,10,-3240
2025-05-21T19:02:38.736359,KXBTCD-25MAY2123-T109999.99,DELTA,37,24,46,9,1029,no,12,2700
2025-05-21T19:02:38.796713,KXBTCD-25MAY2123-T109999.99,DELTA,37,24,46,9,1030,no,11,-20000
2025-05-21T19:02:39.317551,KXBTCD-25MAY2123-T109999.99,DELTA,41,100,46,9,1031,yes,41,100
2025-05-21T19:02:39.420647,KXBTCD-25MAY2123-T109999.99,DELTA,41,100,47,1000,1032,no,54,-9
2025-05-21T19:02:39.436459,KXBTCD-25MAY2123-T109999.99,DELTA,41,100,47,1000,1033,yes,14,-9
2025-05-21T19:02:39.744452,KXBTCD-25MAY2123-T109999.99,DELTA,41,100,47,1000,1034,no,12,-2700
2025-05-21T19:02:39.745364,KXBTCD-25MAY2123-T109999.99,DELTA,41,100,47,1000,1035,no,4,8100
2025-05-21T19:02:39.762109,KXBTCD-25MAY2123-T109999.99,DELTA,41,100,47,1000,1036,yes,10,-200
2025-05-21T19:02:39.762691,KXBTCD-25MAY2123-T109999.99,DELTA,41,100,47,1000,1037,yes,20,200
2025-05-21T19:02:39.809947,KXBTCD-25MAY2123-T109999.99,DELTA,41,100,47,1000,1038,no,5,20000
2025-05-21T19:02:39.819139,KXBTCD-25MAY2123-T109999.99,DELTA,41,100,47,1000,1039,yes,12,-2000
2025-05-21T19:02:39.843893,KXBTCD-25MAY2123-T109999.99,DELTA,41,100,47,1000,1040,yes,12,-1000
2025-05-21T19:02:39.864961,KXBTCD-25MAY2123-T109999.99,DELTA,41,100,47,1000,1041,yes,38,24
2025-05-21T19:02:39.865574,KXBTCD-25MAY2123-T109999.99,DELTA,41,100,47,1000,1042,yes,37,-24
2025-05-21T19:02:39.866030,KXBTCD-25MAY2123-T109999.99,DELTA,41,100,47,1000,1043,no,46,-24
2025-05-21T19:02:39.866440,KXBTCD-25MAY2123-T109999.99,DELTA,41,100,47,1000,1044,no,44,24
2025-05-21T19:02:39.878456,KXBTCD-25MAY2123-T109999.99,DELTA,41,100,47,1000,1045,yes,21,2000
2025-05-21T19:02:39.879171,KXBTCD-25MAY2123-T109999.99,DELTA,41,1100,47,1000,1046,yes,41,1000
2025-05-21T19:02:40.039521,KXBTCD-25MAY2123-T109999.99,DELTA,41,1100,47,1000,1047,yes,40,24
2025-05-21T19:02:40.040733,KXBTCD-25MAY2123-T109999.99,DELTA,41,1100,47,1000,1048,no,43,24
2025-05-21T19:02:40.077765,KXBTCD-25MAY2123-T109999.99,DELTA,41,1100,47,1000,1049,no,52,-100
2025-05-21T19:02:40.078735,KXBTCD-25MAY2123-T109999.99,DELTA,41,1100,47,1000,1050,yes,38,-24
2025-05-21T19:02:40.079452,KXBTCD-25MAY2123-T109999.99,DELTA,41,1100,47,1000,1051,no,44,-24
2025-05-21T19:02:40.137698,KXBTCD-25MAY2123-T109999.99,DELTA,41,1100,57,24,1052,no,53,-1000
2025-05-21T19:02:40.164088,KXBTCD-25MAY2123-T109999.99,DELTA,41,100,57,24,1053,yes,41,-1000
2025-05-21T19:02:40.218116,KXBTCD-25MAY2123-T109999.99,DELTA,41,100,57,24,1054,no,31,1000
2025-05-21T19:02:40.219148,KXBTCD-25MAY2123-T109999.99,DELTA,41,100,57,24,1055,yes,14,-9
2025-05-21T19:02:40.220722,KXBTCD-25MAY2123-T109999.99,DELTA,42,1000,57,24,1056,yes,42,1000
2025-05-21T19:02:40.276978,KXBTCD-25MAY2123-T109999.99,DELTA,42,1000,57,24,1057,yes,41,-100
2025-05-21T19:02:40.299081,KXBTCD-25MAY2123-T109999.99,DELTA,42,1009,57,24,1058,yes,42,9
2025-05-21T19:02:40.299815,KXBTCD-25MAY2123-T109999.99,DELTA,42,1009,57,24,1059,no,35,9
2025-05-21T19:02:40.337196,KXBTCD-25MAY2123-T109999.99,DELTA,42,9,57,24,1060,yes,42,-1000
2025-05-21T19:02:40.400365,KXBTCD-25MAY2123-T109999.99,DELTA,42,9,57,24,1061,yes,21,1000
2025-05-21T19:02:40.817743,KXBTCD-25MAY2123-T109999.99,DELTA,42,9,57,24,1062,yes,11,-2945
2025-05-21T19:02:40.818844,KXBTCD-25MAY2123-T109999.99,DELTA,42,9,57,24,1063,yes,4,8100
2025-05-21T19:02:40.876525,KXBTCD-25MAY2123-T109999.99,DELTA,42,9,57,24,1064,no,4,-8100
2025-05-21T19:02:40.877685,KXBTCD-25MAY2123-T109999.99,DELTA,42,9,57,24,1065,no,6,5400
2025-05-21T19:02:40.878313,KXBTCD-25MAY2123-T109999.99,DELTA,42,9,57,24,1066,yes,5,20000
2025-05-21T19:02:40.917823,KXBTCD-25MAY2123-T109999.99,DELTA,40,24,57,24,1067,yes,42,-9
2025-05-21T19:02:40.918830,KXBTCD-25MAY2123-T109999.99,DELTA,40,24,57,24,1068,yes,22,9
2025-05-21T19:02:40.936569,KXBTCD-25MAY2123-T109999.99,DELTA,40,24,57,24,1069,no,5,-20000
2025-05-21T19:02:40.999136,KXBTCD-25MAY2123-T109999.99,DELTA,40,24,57,24,1070,no,7,20000
2025-05-21T19:02:41.756683,KXBTCD-25MAY2123-T109999.99,DELTA,43,100,57,24,1071,yes,43,100
2025-05-21T19:02:41.778225,KXBTCD-25MAY2123-T109999.99,DELTA,43,100,51,100,1072,no,49,100
2025-05-21T19:02:41.835682,KXBTCD-25MAY2123-T109999.99,DELTA,43,100,51,100,1073,no,31,-1000
2025-05-21T19:02:41.877139,KXBTCD-25MAY2123-T109999.99,DELTA,43,100,51,100,1074,no,35,9
2025-05-21T19:02:41.878772,KXBTCD-25MAY2123-T109999.99,DELTA,43,100,50,1000,1075,no,50,1000
2025-05-21T19:02:41.879173,KXBTCD-25MAY2123-T109999.99,DELTA,43,100,50,1000,1076,yes,22,-9
2025-05-21T19:02:41.879418,KXBTCD-25MAY2123-T109999.99,DELTA,44,9,50,1000,1077,yes,44,9
2025-05-21T19:02:41.879639,KXBTCD-25MAY2123-T109999.99,DELTA,44,9,50,1000,1078,yes,22,9
2025-05-21T19:02:42.002090,KXBTCD-25MAY2123-T109999.99,DELTA,44,9,50,1000,1079,yes,4,-8100
2025-05-21T19:02:42.002763,KXBTCD-25MAY2123-T109999.99,DELTA,44,9,50,1000,1080,yes,6,5400
2025-05-21T19:02:42.037272,KXBTCD-25MAY2123-T109999.99,DELTA,44,9,50,1000,1081,no,6,-5400
2025-05-21T19:02:42.037713,KXBTCD-25MAY2123-T109999.99,DELTA,44,9,50,1000,1082,no,8,4050
2025-05-21T19:02:42.060314,KXBTCD-25MAY2123-T109999.99,DELTA,44,9,50,1000,1083,yes,5,-20000
2025-05-21T19:02:42.098074,KXBTCD-25MAY2123-T109999.99,DELTA,44,9,50,1000,1084,no,7,-20000
2025-05-21T19:02:42.121252,KXBTCD-25MAY2123-T109999.99,DELTA,44,9,50,1000,1085,yes,7,20000
2025-05-21T19:02:42.194438,KXBTCD-25MAY2123-T109999.99,DELTA,44,9,50,1000,1086,no,9,20000
2025-05-21T19:02:42.436064,KXBTCD-25MAY2123-T109999.99,DELTA,44,9,50,1000,1087,no,49,-100
2025-05-21T19:02:42.497089,KXBTCD-25MAY2123-T109999.99,DELTA,44,9,57,24,1088,no,50,-1000
2025-05-21T19:02:42.535716,KXBTCD-25MAY2123-T109999.99,DELTA,44,9,57,24,1089,no,31,1000
2025-05-21T19:02:42.556163,KXBTCD-25MAY2123-T109999.99,DELTA,44,9,57,24,1090,no,35,-9
2025-05-21T19:02:42.557093,KXBTCD-25MAY2123-T109999.99,DELTA,43,100,57,24,1091,yes,44,-9
2025-05-21T19:02:42.656177,KXBTCD-25MAY2123-T109999.99,DELTA,43,100,57,24,1092,no,35,-9
2025-05-21T19:02:42.675851,KXBTCD-25MAY2123-T109999.99,DELTA,43,100,57,24,1093,no,36,9
2025-05-21T19:02:43.096398,KXBTCD-25MAY2123-T109999.99,DELTA,43,100,57,24,1094,yes,6,-5400
2025-05-21T19:02:43.097488,KXBTCD-25MAY2123-T109999.99,DELTA,43,100,57,24,1095,yes,8,4050
2025-05-21T19:02:43.136428,KXBTCD-25MAY2123-T109999.99,DELTA,43,100,57,24,1096,no,8,-4050
2025-05-21T19:02:43.137395,KXBTCD-25MAY2123-T109999.99,DELTA,43,100,57,24,1097,no,10,3240
2025-05-21T19:02:43.157805,KXBTCD-25MAY2123-T109999.99,DELTA,43,100,57,24,1098,yes,7,-20000
2025-05-21T19:02:43.218814,KXBTCD-25MAY2123-T109999.99,DELTA,43,100,57,24,1099,no,9,-20000
2025-05-21T19:02:43.219952,KXBTCD-25MAY2123-T109999.99,DELTA,43,100,57,24,1100,yes,9,20000
2025-05-21T19:02:43.220794,KXBTCD-25MAY2123-T109999.99,DELTA,44,9,57,24,1101,yes,44,9
2025-05-21T19:02:43.239104,KXBTCD-25MAY2123-T109999.99,DELTA,44,9,57,24,1102,no,35,9
2025-05-21T19:02:43.257127,KXBTCD-25MAY2123-T109999.99,DELTA,44,9,57,24,1103,no,11,20000
2025-05-21T19:02:43.396702,KXBTCD-25MAY2123-T109999.99,DELTA,44,9,50,100,1104,no,50,100
2025-05-21T19:02:43.456590,KXBTCD-25MAY2123-T109999.99,DELTA,44,9,50,100,1105,no,31,-1000
2025-05-21T19:02:43.496268,KXBTCD-25MAY2123-T109999.99,DELTA,44,9,49,1000,1106,no,51,1000
2025-05-21T19:02:43.497685,KXBTCD-25MAY2123-T109999.99,DELTA,44,9,49,1000,1107,no,36,-9
2025-05-21T19:02:43.516346,KXBTCD-25MAY2123-T109999.99,DELTA,44,9,49,1000,1108,no,44,9
