timestamp,market_ticker,type,yes_bid_price_cents,yes_bid_qty,yes_ask_price_cents,yes_ask_qty_on_no_side,sequence_num,delta_side,delta_price_cents,delta_quantity
2025-05-22T19:00:20.333503,KXBTCD-25MAY2223-T111999.99,SNAPSHOT,2,100,10,100,1,,,
2025-05-22T19:00:21.229168,KXBTCD-25MAY2223-T111999.99,DELTA,2,100,10,100,2,no,50,200
2025-05-22T19:00:21.330768,KXBTCD-25MAY2223-T111999.99,DELTA,2,100,10,100,3,no,2,-9
2025-05-22T19:00:21.349658,KXBTCD-25MAY2223-T111999.99,DELTA,2,100,10,100,4,no,51,9
2025-05-22T19:00:23.910896,KXBTCD-25MAY2223-T111999.99,DELTA,2,100,49,9,5,no,90,-100
2025-05-22T19:00:24.049627,KXBTCD-25MAY2223-T111999.99,DELTA,2,100,50,200,6,no,51,-9
2025-05-22T19:00:24.050515,KXBTCD-25MAY2223-T111999.99,DELTA,2,100,50,200,7,no,2,9
2025-05-22T19:00:26.292005,KXBTCD-25MAY2223-T111999.99,DELTA,2,100,9,100,8,no,91,100
2025-05-22T19:00:26.489729,KXBTCD-25MAY2223-T111999.99,DELTA,2,100,9,100,9,no,51,9
2025-05-22T19:00:26.490021,KXBTCD-25MAY2223-T111999.99,DELTA,2,100,9,100,10,no,2,-9
2025-05-22T19:00:47.368633,KXBTCD-25MAY2223-T111999.99,DELTA,2,100,9,100,11,no,3,80000
2025-05-22T19:00:47.368926,KXBTCD-25MAY2223-T111999.99,DELTA,2,100,9,100,12,no,53,8000
2025-05-22T19:00:47.370167,KXBTCD-25MAY2223-T111999.99,DELTA,2,80100,9,100,13,yes,2,80000
2025-05-22T19:00:47.370251,KXBTCD-25MAY2223-T111999.99,DELTA,2,80100,9,100,14,no,78,3000
2025-05-22T19:00:47.609781,KXBTCD-25MAY2223-T111999.99,DELTA,2,80100,9,100,15,no,51,-9
2025-05-22T19:00:47.610464,KXBTCD-25MAY2223-T111999.99,DELTA,2,80100,9,100,16,no,79,9
2025-05-22T19:00:48.309168,KXBTCD-25MAY2223-T111999.99,DELTA,2,80100,9,100,17,no,51,2000
2025-05-22T19:00:48.309465,KXBTCD-25MAY2223-T111999.99,DELTA,2,80100,9,100,18,no,2,20000
2025-05-22T19:00:48.310043,KXBTCD-25MAY2223-T111999.99,DELTA,2,80100,9,1100,19,no,91,1000
2025-05-22T19:00:48.310197,KXBTCD-25MAY2223-T111999.99,DELTA,3,1000,9,1100,20,yes,3,1000
2025-05-22T19:00:48.310329,KXBTCD-25MAY2223-T111999.99,DELTA,3,1000,9,1100,21,yes,2,-80000
2025-05-22T19:00:48.449040,KXBTCD-25MAY2223-T111999.99,DELTA,3,1000,9,100,22,no,91,-1000
2025-05-22T19:00:48.450763,KXBTCD-25MAY2223-T111999.99,DELTA,3,1000,9,100,23,no,79,-9
2025-05-22T19:00:49.290516,KXBTCD-25MAY2223-T111999.99,DELTA,3,1000,9,100,24,yes,1,80000
2025-05-22T19:00:49.290979,KXBTCD-25MAY2223-T111999.99,DELTA,3,1000,8,1000,25,no,92,1000
2025-05-22T19:00:49.673666,KXBTCD-25MAY2223-T111999.99,DELTA,3,1000,8,1000,26,no,79,9
2025-05-22T19:00:50.589722,KXBTCD-25MAY2223-T111999.99,DELTA,3,1000,8,1000,27,yes,1,-80000
2025-05-22T19:00:50.608808,KXBTCD-25MAY2223-T111999.99,DELTA,3,1000,9,100,28,no,92,-1000
2025-05-22T19:00:50.649451,KXBTCD-25MAY2223-T111999.99,DELTA,3,1000,9,100,29,yes,2,80000
2025-05-22T19:00:50.649784,KXBTCD-25MAY2223-T111999.99,DELTA,3,1000,9,1100,30,no,91,1000
2025-05-22T19:00:50.729611,KXBTCD-25MAY2223-T111999.99,DELTA,3,1000,9,1100,31,no,79,-9
2025-05-22T19:00:52.170679,KXBTCD-25MAY2223-T111999.99,DELTA,3,1000,9,1100,32,no,1,-32400
2025-05-22T19:00:52.171374,KXBTCD-25MAY2223-T111999.99,DELTA,3,1000,9,1100,33,no,4,8100
2025-05-22T19:00:52.249220,KXBTCD-25MAY2223-T111999.99,DELTA,3,1000,9,1100,34,no,2,-20000
2025-05-22T19:00:52.289538,KXBTCD-25MAY2223-T111999.99,DELTA,3,1000,9,1100,35,no,5,20000
2025-05-22T19:00:54.748552,KXBTCD-25MAY2223-T111999.99,DELTA,3,1000,9,1100,36,no,4,-8100
2025-05-22T19:00:54.749463,KXBTCD-25MAY2223-T111999.99,DELTA,3,1000,9,1100,37,no,6,5400
2025-05-22T19:00:54.809848,KXBTCD-25MAY2223-T111999.99,DELTA,3,1000,9,1100,38,no,5,-20000
2025-05-22T19:00:54.849533,KXBTCD-25MAY2223-T111999.99,DELTA,3,1000,9,1100,39,no,7,20000
2025-05-22T19:00:55.928830,KXBTCD-25MAY2223-T111999.99,DELTA,3,1000,9,1100,40,no,6,-5400
2025-05-22T19:00:55.929898,KXBTCD-25MAY2223-T111999.99,DELTA,3,1000,9,1100,41,no,8,4050
2025-05-22T19:00:55.988925,KXBTCD-25MAY2223-T111999.99,DELTA,3,1000,9,1100,42,no,7,-20000
2025-05-22T19:00:56.028511,KXBTCD-25MAY2223-T111999.99,DELTA,3,1000,9,1100,43,no,9,20000
2025-05-22T19:00:57.188808,KXBTCD-25MAY2223-T111999.99,DELTA,3,1000,9,1100,44,no,8,-4050
2025-05-22T19:00:57.189243,KXBTCD-25MAY2223-T111999.99,DELTA,3,1000,9,1100,45,no,10,3240
2025-05-22T19:00:57.248877,KXBTCD-25MAY2223-T111999.99,DELTA,3,1000,9,1100,46,no,9,-20000
2025-05-22T19:00:57.287936,KXBTCD-25MAY2223-T111999.99,DELTA,3,1000,9,1100,47,no,11,20000
2025-05-22T19:00:58.429060,KXBTCD-25MAY2223-T111999.99,DELTA,3,1000,9,1100,48,no,10,-3240
2025-05-22T19:00:58.429284,KXBTCD-25MAY2223-T111999.99,DELTA,3,1000,9,1100,49,no,12,2700
2025-05-22T19:00:58.509827,KXBTCD-25MAY2223-T111999.99,DELTA,3,1000,9,1100,50,no,11,-20000
2025-05-22T19:00:59.648860,KXBTCD-25MAY2223-T111999.99,DELTA,3,1000,9,1100,51,no,12,-2700
2025-05-22T19:00:59.649920,KXBTCD-25MAY2223-T111999.99,DELTA,3,1000,9,1100,52,no,4,8100
2025-05-22T19:00:59.708390,KXBTCD-25MAY2223-T111999.99,DELTA,3,1000,9,1100,53,no,5,20000
2025-05-22T19:01:06.487445,KXBTCD-25MAY2223-T111999.99,DELTA,3,1000,9,1100,54,no,4,-8100
2025-05-22T19:01:06.489811,KXBTCD-25MAY2223-T111999.99,DELTA,3,1000,9,1100,55,no,6,5400
2025-05-22T19:01:06.560320,KXBTCD-25MAY2223-T111999.99,DELTA,3,1000,9,1100,56,no,5,-20000
2025-05-22T19:01:06.588502,KXBTCD-25MAY2223-T111999.99,DELTA,3,1000,9,1100,57,no,7,20000
2025-05-22T19:01:09.028114,KXBTCD-25MAY2223-T111999.99,DELTA,3,1000,9,1100,58,no,6,-5400
2025-05-22T19:01:09.028506,KXBTCD-25MAY2223-T111999.99,DELTA,3,1000,9,1100,59,no,8,4050
2025-05-22T19:01:09.088676,KXBTCD-25MAY2223-T111999.99,DELTA,3,1000,9,1100,60,no,7,-20000
2025-05-22T19:01:09.128088,KXBTCD-25MAY2223-T111999.99,DELTA,3,1000,9,1100,61,no,9,20000
2025-05-22T19:01:10.128284,KXBTCD-25MAY2223-T111999.99,DELTA,3,1000,9,1100,62,no,8,-4050
2025-05-22T19:01:10.128896,KXBTCD-25MAY2223-T111999.99,DELTA,3,1000,9,1100,63,no,10,3240
2025-05-22T19:01:10.210477,KXBTCD-25MAY2223-T111999.99,DELTA,3,1000,9,1100,64,no,9,-20000
2025-05-22T19:01:10.250741,KXBTCD-25MAY2223-T111999.99,DELTA,3,1000,9,1100,65,no,11,20000
2025-05-22T19:01:11.209218,KXBTCD-25MAY2223-T111999.99,DELTA,3,1000,9,1100,66,no,10,-3240
2025-05-22T19:01:11.210084,KXBTCD-25MAY2223-T111999.99,DELTA,3,1000,9,1100,67,no,12,2700
2025-05-22T19:01:11.268585,KXBTCD-25MAY2223-T111999.99,DELTA,3,1000,9,1100,68,no,11,-20000
2025-05-22T19:01:11.528638,KXBTCD-25MAY2223-T111999.99,DELTA,3,1000,9,1000,69,no,91,-100
2025-05-22T19:01:11.529411,KXBTCD-25MAY2223-T111999.99,DELTA,3,1000,9,1000,70,yes,2,-100
2025-05-22T19:01:11.614573,KXBTCD-25MAY2223-T111999.99,DELTA,2,80000,9,1000,71,yes,3,-1000
2025-05-22T19:01:11.615166,KXBTCD-25MAY2223-T111999.99,DELTA,2,80000,22,3000,72,no,91,-1000
2025-05-22T19:01:11.653208,KXBTCD-25MAY2223-T111999.99,DELTA,2,80000,22,3000,73,no,51,1000
2025-05-22T19:01:12.450966,KXBTCD-25MAY2223-T111999.99,DELTA,2,80000,22,3000,74,no,12,-2700
2025-05-22T19:01:12.452169,KXBTCD-25MAY2223-T111999.99,DELTA,2,80000,22,3000,75,no,4,8100
2025-05-22T19:01:12.507831,KXBTCD-25MAY2223-T111999.99,DELTA,2,80000,22,3000,76,no,5,20000
2025-05-22T19:01:12.649715,KXBTCD-25MAY2223-T111999.99,DELTA,,0,22,3000,77,yes,2,-80000
2025-05-22T19:01:12.688549,KXBTCD-25MAY2223-T111999.99,DELTA,1,80000,22,3000,78,yes,1,80000
2025-05-22T19:01:13.029288,KXBTCD-25MAY2223-T111999.99,DELTA,1,80100,22,3000,79,yes,1,100
2025-05-22T19:01:13.030476,KXBTCD-25MAY2223-T111999.99,DELTA,1,80100,9,100,80,no,91,100
2025-05-22T19:01:13.128326,KXBTCD-25MAY2223-T111999.99,DELTA,1,80100,9,100,81,no,51,-1000
2025-05-22T19:01:13.129040,KXBTCD-25MAY2223-T111999.99,DELTA,2,1000,9,100,82,yes,2,1000
2025-05-22T19:01:13.168202,KXBTCD-25MAY2223-T111999.99,DELTA,2,1000,8,1000,83,no,92,1000
2025-05-22T19:01:13.628472,KXBTCD-25MAY2223-T111999.99,DELTA,2,1000,8,1000,84,no,4,-8100
2025-05-22T19:01:13.629651,KXBTCD-25MAY2223-T111999.99,DELTA,2,1000,8,1000,85,no,6,5400
2025-05-22T19:01:13.708899,KXBTCD-25MAY2223-T111999.99,DELTA,2,1000,8,1000,86,no,5,-20000
2025-05-22T19:01:13.749035,KXBTCD-25MAY2223-T111999.99,DELTA,2,1000,8,1000,87,no,7,20000
2025-05-22T19:01:13.769089,KXBTCD-25MAY2223-T111999.99,DELTA,2,1000,8,1000,88,no,50,-200
2025-05-22T19:01:13.769873,KXBTCD-25MAY2223-T111999.99,DELTA,2,1000,8,1000,89,no,60,200
2025-05-22T19:01:13.828385,KXBTCD-25MAY2223-T111999.99,DELTA,2,1000,8,1000,90,no,51,-2000
2025-05-22T19:01:13.889090,KXBTCD-25MAY2223-T111999.99,DELTA,2,1000,8,1000,91,no,61,2000
2025-05-22T19:01:14.008372,KXBTCD-25MAY2223-T111999.99,DELTA,2,1000,8,1000,92,no,91,-100
2025-05-22T19:01:14.088266,KXBTCD-25MAY2223-T111999.99,DELTA,2,1000,22,3000,93,no,92,-1000
2025-05-22T19:01:14.149452,KXBTCD-25MAY2223-T111999.99,DELTA,2,1000,22,3000,94,no,61,1000
2025-05-22T19:01:14.248651,KXBTCD-25MAY2223-T111999.99,DELTA,2,1000,22,3000,95,yes,1,-80000
2025-05-22T19:01:15.389154,KXBTCD-25MAY2223-T111999.99,DELTA,2,1000,8,100,96,no,92,100
2025-05-22T19:01:15.448839,KXBTCD-25MAY2223-T111999.99,DELTA,2,1000,8,100,97,no,61,-1000
2025-05-22T19:01:15.488093,KXBTCD-25MAY2223-T111999.99,DELTA,2,1000,7,1000,98,no,93,1000
2025-05-22T19:01:15.489134,KXBTCD-25MAY2223-T111999.99,DELTA,2,1000,7,1000,99,no,79,9
2025-05-22T19:01:18.428556,KXBTCD-25MAY2223-T111999.99,DELTA,2,1000,7,1000,100,no,6,-5400
2025-05-22T19:01:18.428964,KXBTCD-25MAY2223-T111999.99,DELTA,2,1000,7,1000,101,no,8,4050
2025-05-22T19:01:18.488534,KXBTCD-25MAY2223-T111999.99,DELTA,2,1000,7,1000,102,no,7,-20000
2025-05-22T19:01:18.527705,KXBTCD-25MAY2223-T111999.99,DELTA,2,1000,7,1000,103,no,9,20000
2025-05-22T19:01:18.548333,KXBTCD-25MAY2223-T111999.99,DELTA,2,1000,7,1000,104,no,79,-9
2025-05-22T19:01:21.247782,KXBTCD-25MAY2223-T111999.99,DELTA,2,1000,7,1000,105,no,8,-4050
2025-05-22T19:01:21.248571,KXBTCD-25MAY2223-T111999.99,DELTA,2,1000,7,1000,106,no,10,3240
2025-05-22T19:01:21.309569,KXBTCD-25MAY2223-T111999.99,DELTA,2,1000,7,1000,107,no,9,-20000
2025-05-22T19:01:21.349188,KXBTCD-25MAY2223-T111999.99,DELTA,2,1000,7,1000,108,no,11,20000
2025-05-22T19:01:22.487605,KXBTCD-25MAY2223-T111999.99,DELTA,2,1000,7,1000,109,no,10,-3240
2025-05-22T19:01:22.487997,KXBTCD-25MAY2223-T111999.99,DELTA,2,1000,7,1000,110,no,12,2700
2025-05-22T19:01:22.588688,KXBTCD-25MAY2223-T111999.99,DELTA,2,1000,7,1000,111,no,11,-20000
2025-05-22T19:01:23.647574,KXBTCD-25MAY2223-T111999.99,DELTA,2,1000,7,1000,112,no,12,-2700
2025-05-22T19:01:23.648442,KXBTCD-25MAY2223-T111999.99,DELTA,2,1000,7,1000,113,no,4,8100
2025-05-22T19:01:23.707945,KXBTCD-25MAY2223-T111999.99,DELTA,2,1000,7,1000,114,no,5,20000
2025-05-22T19:01:24.914329,KXBTCD-25MAY2223-T111999.99,DELTA,2,1000,7,1000,115,no,4,-8100
2025-05-22T19:01:24.915520,KXBTCD-25MAY2223-T111999.99,DELTA,2,1000,7,1000,116,no,6,5400
2025-05-22T19:01:24.988684,KXBTCD-25MAY2223-T111999.99,DELTA,2,1000,7,1000,117,no,5,-20000
2025-05-22T19:01:25.027189,KXBTCD-25MAY2223-T111999.99,DELTA,2,1000,7,1000,118,no,7,20000
2025-05-22T19:01:26.091440,KXBTCD-25MAY2223-T111999.99,DELTA,2,1000,7,1000,119,yes,1,80000
2025-05-22T19:01:26.109303,KXBTCD-25MAY2223-T111999.99,DELTA,2,1000,8,100,120,no,93,-1000
2025-05-22T19:01:26.152819,KXBTCD-25MAY2223-T111999.99,DELTA,2,1000,8,1100,121,no,92,1000
2025-05-22T19:01:26.208086,KXBTCD-25MAY2223-T111999.99,DELTA,2,1000,8,1100,122,no,6,-5400
2025-05-22T19:01:26.209110,KXBTCD-25MAY2223-T111999.99,DELTA,2,1000,8,1100,123,no,8,4050
2025-05-22T19:01:26.267998,KXBTCD-25MAY2223-T111999.99,DELTA,2,1000,8,1100,124,no,7,-20000
2025-05-22T19:01:26.328305,KXBTCD-25MAY2223-T111999.99,DELTA,2,1000,8,1100,125,no,9,20000
2025-05-22T19:01:29.709668,KXBTCD-25MAY2223-T111999.99,DELTA,2,1000,8,1100,126,no,60,-200
2025-05-22T19:01:29.710708,KXBTCD-25MAY2223-T111999.99,DELTA,2,1000,8,1100,127,no,50,200
2025-05-22T19:01:29.788698,KXBTCD-25MAY2223-T111999.99,DELTA,2,1000,8,1100,128,no,61,-2000
2025-05-22T19:01:29.829677,KXBTCD-25MAY2223-T111999.99,DELTA,2,1000,8,1100,129,no,51,2000
2025-05-22T19:01:30.988568,KXBTCD-25MAY2223-T111999.99,DELTA,2,1000,8,1100,130,no,8,-4050
2025-05-22T19:01:30.989688,KXBTCD-25MAY2223-T111999.99,DELTA,2,1000,8,1100,131,no,10,3240
2025-05-22T19:01:31.049016,KXBTCD-25MAY2223-T111999.99,DELTA,2,1000,8,1100,132,no,9,-20000
2025-05-22T19:01:31.089481,KXBTCD-25MAY2223-T111999.99,DELTA,2,1000,8,1100,133,no,11,20000
2025-05-22T19:01:33.589195,KXBTCD-25MAY2223-T111999.99,DELTA,2,1000,8,1100,134,no,10,-3240
2025-05-22T19:01:33.590813,KXBTCD-25MAY2223-T111999.99,DELTA,2,1000,8,1100,135,no,12,2700
2025-05-22T19:01:33.648126,KXBTCD-25MAY2223-T111999.99,DELTA,2,1000,8,1100,136,no,11,-20000
2025-05-22T19:01:34.808713,KXBTCD-25MAY2223-T111999.99,DELTA,2,1000,8,1100,137,no,12,-2700
2025-05-22T19:01:34.809178,KXBTCD-25MAY2223-T111999.99,DELTA,2,1000,8,1100,138,no,4,8100
2025-05-22T19:01:34.888573,KXBTCD-25MAY2223-T111999.99,DELTA,2,1000,8,1100,139,no,5,20000
2025-05-22T19:01:36.088484,KXBTCD-25MAY2223-T111999.99,DELTA,2,1000,8,1100,140,no,4,-8100
2025-05-22T19:01:36.089098,KXBTCD-25MAY2223-T111999.99,DELTA,2,1000,8,1100,141,no,6,5400
2025-05-22T19:01:36.209706,KXBTCD-25MAY2223-T111999.99,DELTA,2,1000,8,1100,142,no,5,-20000
2025-05-22T19:01:36.229679,KXBTCD-25MAY2223-T111999.99,DELTA,2,1000,8,1000,143,no,92,-100
2025-05-22T19:01:36.248649,KXBTCD-25MAY2223-T111999.99,DELTA,2,1000,8,1000,144,no,7,20000
2025-05-22T19:01:36.288085,KXBTCD-25MAY2223-T111999.99,DELTA,2,1000,22,3000,145,no,92,-1000
2025-05-22T19:01:36.328149,KXBTCD-25MAY2223-T111999.99,DELTA,2,1000,22,3000,146,no,51,1000
2025-05-22T19:01:36.528571,KXBTCD-25MAY2223-T111999.99,DELTA,2,1000,22,3000,147,yes,1,-100
2025-05-22T19:01:36.588182,KXBTCD-25MAY2223-T111999.99,DELTA,1,80000,22,3000,148,yes,2,-1000
2025-05-22T19:01:36.649336,KXBTCD-25MAY2223-T111999.99,DELTA,,0,22,3000,149,yes,1,-80000
2025-05-22T19:01:36.728252,KXBTCD-25MAY2223-T111999.99,DELTA,2,80000,22,3000,150,yes,2,80000
2025-05-22T19:01:37.208245,KXBTCD-25MAY2223-T111999.99,DELTA,2,80000,22,3000,151,no,6,-5400
2025-05-22T19:01:37.208533,KXBTCD-25MAY2223-T111999.99,DELTA,2,80000,22,3000,152,no,8,4050
2025-05-22T19:01:37.294403,KXBTCD-25MAY2223-T111999.99,DELTA,2,80000,22,3000,153,no,7,-20000
2025-05-22T19:01:37.349077,KXBTCD-25MAY2223-T111999.99,DELTA,2,80000,22,3000,154,no,9,20000
2025-05-22T19:01:38.328806,KXBTCD-25MAY2223-T111999.99,DELTA,2,80000,22,3000,155,no,8,-4050
2025-05-22T19:01:38.329743,KXBTCD-25MAY2223-T111999.99,DELTA,2,80000,22,3000,156,no,10,3240
2025-05-22T19:01:38.389134,KXBTCD-25MAY2223-T111999.99,DELTA,2,80000,22,3000,157,no,9,-20000
2025-05-22T19:01:38.428355,KXBTCD-25MAY2223-T111999.99,DELTA,2,80000,22,3000,158,no,11,20000
2025-05-22T19:01:38.428714,KXBTCD-25MAY2223-T111999.99,DELTA,2,80100,22,3000,159,yes,2,100
2025-05-22T19:01:38.447990,KXBTCD-25MAY2223-T111999.99,DELTA,2,80100,10,100,160,no,90,100
2025-05-22T19:01:38.487039,KXBTCD-25MAY2223-T111999.99,DELTA,3,1000,10,100,161,yes,3,1000
2025-05-22T19:01:38.508427,KXBTCD-25MAY2223-T111999.99,DELTA,3,1000,10,100,162,no,51,-1000
2025-05-22T19:01:38.561685,KXBTCD-25MAY2223-T111999.99,DELTA,3,1000,9,1000,163,no,91,1000
2025-05-22T19:01:38.649625,KXBTCD-25MAY2223-T111999.99,DELTA,3,1000,9,1000,164,yes,2,-80000
2025-05-22T19:01:38.731377,KXBTCD-25MAY2223-T111999.99,DELTA,3,1000,9,1000,165,yes,1,80000
2025-05-22T19:01:40.468253,KXBTCD-25MAY2223-T111999.99,DELTA,3,1000,9,1000,166,no,90,-100
2025-05-22T19:01:40.528281,KXBTCD-25MAY2223-T111999.99,DELTA,3,1000,22,3000,167,no,91,-1000
2025-05-22T19:01:40.610392,KXBTCD-25MAY2223-T111999.99,DELTA,3,1000,22,3000,168,no,51,1000
2025-05-22T19:01:42.830437,KXBTCD-25MAY2223-T111999.99,DELTA,3,1000,9,100,169,no,91,100
2025-05-22T19:01:42.912460,KXBTCD-25MAY2223-T111999.99,DELTA,3,1000,9,100,170,no,51,-1000
2025-05-22T19:01:42.970675,KXBTCD-25MAY2223-T111999.99,DELTA,3,1000,9,100,171,no,79,9
2025-05-22T19:01:42.971768,KXBTCD-25MAY2223-T111999.99,DELTA,3,1000,8,1000,172,no,92,1000
2025-05-22T19:01:44.506879,KXBTCD-25MAY2223-T111999.99,DELTA,3,1000,8,1000,173,no,10,-3240
2025-05-22T19:01:44.507285,KXBTCD-25MAY2223-T111999.99,DELTA,3,1000,8,1000,174,no,12,2700
2025-05-22T19:01:44.570518,KXBTCD-25MAY2223-T111999.99,DELTA,3,1000,8,1000,175,no,11,-20000
2025-05-22T19:01:44.628553,KXBTCD-25MAY2223-T111999.99,DELTA,3,1000,8,1000,176,no,79,-9
2025-05-22T19:01:47.187550,KXBTCD-25MAY2223-T111999.99,DELTA,3,1000,8,1000,177,no,12,-2700
2025-05-22T19:01:47.187866,KXBTCD-25MAY2223-T111999.99,DELTA,3,1000,8,1000,178,no,4,8100
2025-05-22T19:01:47.287012,KXBTCD-25MAY2223-T111999.99,DELTA,3,1000,8,1000,179,no,5,20000
2025-05-22T19:01:48.409335,KXBTCD-25MAY2223-T111999.99,DELTA,3,1000,8,1000,180,no,4,-8100
2025-05-22T19:01:48.410529,KXBTCD-25MAY2223-T111999.99,DELTA,3,1000,8,1000,181,no,6,5400
2025-05-22T19:01:48.467169,KXBTCD-25MAY2223-T111999.99,DELTA,3,1000,8,1000,182,no,5,-20000
2025-05-22T19:01:48.506917,KXBTCD-25MAY2223-T111999.99,DELTA,3,1000,8,1000,183,no,7,20000
2025-05-22T19:01:50.748507,KXBTCD-25MAY2223-T111999.99,DELTA,3,1000,8,1000,184,no,6,-5400
2025-05-22T19:01:50.749642,KXBTCD-25MAY2223-T111999.99,DELTA,3,1000,8,1000,185,no,8,4050
2025-05-22T19:01:50.786966,KXBTCD-25MAY2223-T111999.99,DELTA,3,1000,8,1000,186,no,7,-20000
2025-05-22T19:01:50.827842,KXBTCD-25MAY2223-T111999.99,DELTA,3,1000,8,1000,187,no,9,20000
2025-05-22T19:01:51.908423,KXBTCD-25MAY2223-T111999.99,DELTA,3,1000,8,1000,188,no,8,-4050
2025-05-22T19:01:51.909496,KXBTCD-25MAY2223-T111999.99,DELTA,3,1000,8,1000,189,no,10,3240
2025-05-22T19:01:52.022061,KXBTCD-25MAY2223-T111999.99,DELTA,3,1000,8,1000,190,no,9,-20000
2025-05-22T19:01:52.023048,KXBTCD-25MAY2223-T111999.99,DELTA,3,1000,8,1000,191,no,11,20000
2025-05-22T19:01:57.747866,KXBTCD-25MAY2223-T111999.99,DELTA,3,1000,8,1000,192,no,10,-3240
2025-05-22T19:01:57.748449,KXBTCD-25MAY2223-T111999.99,DELTA,3,1000,8,1000,193,no,12,2700
2025-05-22T19:01:57.809513,KXBTCD-25MAY2223-T111999.99,DELTA,3,1000,8,1000,194,no,11,-20000
2025-05-22T19:02:00.569061,KXBTCD-25MAY2223-T111999.99,DELTA,3,1000,8,1000,195,no,12,-2700
2025-05-22T19:02:00.570178,KXBTCD-25MAY2223-T111999.99,DELTA,3,1000,8,1000,196,no,4,8100
2025-05-22T19:02:00.629284,KXBTCD-25MAY2223-T111999.99,DELTA,3,1000,8,1000,197,no,5,20000
2025-05-22T19:02:01.508196,KXBTCD-25MAY2223-T111999.99,DELTA,3,1000,8,1000,198,no,91,-100
2025-05-22T19:02:01.528538,KXBTCD-25MAY2223-T111999.99,DELTA,3,1000,8,1000,199,yes,2,-100
2025-05-22T19:02:01.567833,KXBTCD-25MAY2223-T111999.99,DELTA,3,1000,22,3000,200,no,92,-1000
2025-05-22T19:02:01.607901,KXBTCD-25MAY2223-T111999.99,DELTA,1,80000,22,3000,201,yes,3,-1000
2025-05-22T19:02:01.608396,KXBTCD-25MAY2223-T111999.99,DELTA,1,80000,22,3000,202,no,51,1000
2025-05-22T19:02:01.688195,KXBTCD-25MAY2223-T111999.99,DELTA,1,80000,22,3000,203,no,4,-8100
2025-05-22T19:02:01.688988,KXBTCD-25MAY2223-T111999.99,DELTA,1,80000,22,3000,204,no,6,5400
2025-05-22T19:02:01.748531,KXBTCD-25MAY2223-T111999.99,DELTA,1,80000,22,3000,205,no,5,-20000
2025-05-22T19:02:01.788442,KXBTCD-25MAY2223-T111999.99,DELTA,1,80000,22,3000,206,no,7,20000
2025-05-22T19:02:02.788782,KXBTCD-25MAY2223-T111999.99,DELTA,1,80000,22,3000,207,no,6,-5400
2025-05-22T19:02:02.789917,KXBTCD-25MAY2223-T111999.99,DELTA,1,80000,22,3000,208,no,8,4050
2025-05-22T19:02:02.849552,KXBTCD-25MAY2223-T111999.99,DELTA,1,80000,22,3000,209,no,7,-20000
2025-05-22T19:02:02.890961,KXBTCD-25MAY2223-T111999.99,DELTA,1,80000,22,3000,210,no,9,20000
2025-05-22T19:02:03.049887,KXBTCD-25MAY2223-T111999.99,DELTA,1,80000,8,100,211,no,92,100
2025-05-22T19:02:03.127700,KXBTCD-25MAY2223-T111999.99,DELTA,1,80000,8,100,212,no,51,-1000
2025-05-22T19:02:03.169172,KXBTCD-25MAY2223-T111999.99,DELTA,1,80000,8,1100,213,no,92,1000
2025-05-22T19:02:03.906771,KXBTCD-25MAY2223-T111999.99,DELTA,1,80000,8,1100,214,no,8,-4050
2025-05-22T19:02:03.906957,KXBTCD-25MAY2223-T111999.99,DELTA,1,80000,8,1100,215,no,10,3240
2025-05-22T19:02:03.968125,KXBTCD-25MAY2223-T111999.99,DELTA,1,80000,8,1100,216,no,9,-20000
2025-05-22T19:02:03.988645,KXBTCD-25MAY2223-T111999.99,DELTA,1,80000,8,1100,217,no,11,20000
2025-05-22T19:02:04.470827,KXBTCD-25MAY2223-T111999.99,DELTA,1,80100,8,1100,218,yes,1,100
2025-05-22T19:02:04.488455,KXBTCD-25MAY2223-T111999.99,DELTA,2,1000,8,1100,219,yes,2,1000
2025-05-22T19:02:05.007772,KXBTCD-25MAY2223-T111999.99,DELTA,2,1000,8,1100,220,no,10,-3240
2025-05-22T19:02:05.008785,KXBTCD-25MAY2223-T111999.99,DELTA,2,1000,8,1100,221,no,12,2700
2025-05-22T19:02:05.068065,KXBTCD-25MAY2223-T111999.99,DELTA,2,1000,8,1100,222,no,11,-20000
2025-05-22T19:02:10.790231,KXBTCD-25MAY2223-T111999.99,DELTA,2,1000,8,1100,223,no,12,-2700
2025-05-22T19:02:10.791332,KXBTCD-25MAY2223-T111999.99,DELTA,2,1000,8,1100,224,no,4,8100
2025-05-22T19:02:10.849210,KXBTCD-25MAY2223-T111999.99,DELTA,2,1000,8,1100,225,no,5,20000
2025-05-22T19:02:13.528562,KXBTCD-25MAY2223-T111999.99,DELTA,2,1000,8,1100,226,no,4,-8100
2025-05-22T19:02:13.529853,KXBTCD-25MAY2223-T111999.99,DELTA,2,1000,8,1100,227,no,6,5400
2025-05-22T19:02:13.586858,KXBTCD-25MAY2223-T111999.99,DELTA,2,1000,8,1100,228,no,5,-20000
2025-05-22T19:02:13.647749,KXBTCD-25MAY2223-T111999.99,DELTA,2,1000,8,1100,229,no,7,20000
2025-05-22T19:02:14.713920,KXBTCD-25MAY2223-T111999.99,DELTA,2,1000,8,1100,230,no,6,-5400
2025-05-22T19:02:14.715186,KXBTCD-25MAY2223-T111999.99,DELTA,2,1000,8,1100,231,no,8,4050
2025-05-22T19:02:14.767571,KXBTCD-25MAY2223-T111999.99,DELTA,2,1000,8,1100,232,no,7,-20000
2025-05-22T19:02:14.807549,KXBTCD-25MAY2223-T111999.99,DELTA,2,1000,8,1100,233,no,9,20000
2025-05-22T19:02:15.829212,KXBTCD-25MAY2223-T111999.99,DELTA,2,1000,8,1100,234,no,8,-4050
2025-05-22T19:02:15.830369,KXBTCD-25MAY2223-T111999.99,DELTA,2,1000,8,1100,235,no,10,3240
2025-05-22T19:02:15.929836,KXBTCD-25MAY2223-T111999.99,DELTA,2,1000,8,1100,236,no,9,-20000
2025-05-22T19:02:15.968227,KXBTCD-25MAY2223-T111999.99,DELTA,2,1000,8,1100,237,no,11,20000
2025-05-22T19:02:16.826860,KXBTCD-25MAY2223-T111999.99,DELTA,2,1000,8,1100,238,no,10,-3240
2025-05-22T19:02:16.827480,KXBTCD-25MAY2223-T111999.99,DELTA,2,1000,8,1100,239,no,12,2700
2025-05-22T19:02:16.888326,KXBTCD-25MAY2223-T111999.99,DELTA,2,1000,8,1100,240,no,11,-20000
2025-05-22T19:02:17.948239,KXBTCD-25MAY2223-T111999.99,DELTA,2,1000,8,1100,241,no,12,-2700
2025-05-22T19:02:17.949371,KXBTCD-25MAY2223-T111999.99,DELTA,2,1000,8,1100,242,no,4,8100
2025-05-22T19:02:18.071092,KXBTCD-25MAY2223-T111999.99,DELTA,2,1000,8,1100,243,no,5,20000
2025-05-22T19:02:23.728138,KXBTCD-25MAY2223-T111999.99,DELTA,2,1000,8,1100,244,no,4,-8100
2025-05-22T19:02:23.729391,KXBTCD-25MAY2223-T111999.99,DELTA,2,1000,8,1100,245,no,6,5400
2025-05-22T19:02:23.815830,KXBTCD-25MAY2223-T111999.99,DELTA,2,1000,8,1100,246,no,5,-20000
2025-05-22T19:02:23.851344,KXBTCD-25MAY2223-T111999.99,DELTA,2,1000,8,1100,247,no,7,20000
2025-05-22T19:02:25.058970,KXBTCD-25MAY2223-T111999.99,DELTA,2,1000,8,1100,248,no,50,-200
2025-05-22T19:02:25.060101,KXBTCD-25MAY2223-T111999.99,DELTA,2,1000,8,1100,249,no,60,200
2025-05-22T19:02:25.060762,KXBTCD-25MAY2223-T111999.99,DELTA,2,1000,8,1100,250,yes,1,-80000
2025-05-22T19:02:25.061047,KXBTCD-25MAY2223-T111999.99,DELTA,2,1000,8,100,251,no,92,-1000
2025-05-22T19:02:25.128231,KXBTCD-25MAY2223-T111999.99,DELTA,2,1000,7,1000,252,no,93,1000
2025-05-22T19:02:25.129120,KXBTCD-25MAY2223-T111999.99,DELTA,2,1000,7,1000,253,no,51,-2000
2025-05-22T19:02:25.166791,KXBTCD-25MAY2223-T111999.99,DELTA,2,1000,7,1000,254,no,61,2000
2025-05-22T19:02:25.565476,KXBTCD-25MAY2223-T111999.99,DELTA,2,1000,8,100,255,no,93,-1000
2025-05-22T19:02:25.566604,KXBTCD-25MAY2223-T111999.99,DELTA,2,1000,8,100,256,yes,1,80000
2025-05-22T19:02:25.589387,KXBTCD-25MAY2223-T111999.99,DELTA,2,1000,8,1100,257,no,92,1000
2025-05-22T19:02:26.148492,KXBTCD-25MAY2223-T111999.99,DELTA,2,1000,8,1100,258,no,6,-5400
2025-05-22T19:02:26.149346,KXBTCD-25MAY2223-T111999.99,DELTA,2,1000,8,1100,259,no,8,4050
2025-05-22T19:02:26.207343,KXBTCD-25MAY2223-T111999.99,DELTA,2,1000,8,1100,260,no,7,-20000
2025-05-22T19:02:26.258568,KXBTCD-25MAY2223-T111999.99,DELTA,2,1000,8,1100,261,no,9,20000
2025-05-22T19:02:27.248451,KXBTCD-25MAY2223-T111999.99,DELTA,2,1000,8,1100,262,no,8,-4050
2025-05-22T19:02:27.249363,KXBTCD-25MAY2223-T111999.99,DELTA,2,1000,8,1100,263,no,10,3240
2025-05-22T19:02:27.307125,KXBTCD-25MAY2223-T111999.99,DELTA,2,1000,8,1100,264,no,9,-20000
2025-05-22T19:02:27.346680,KXBTCD-25MAY2223-T111999.99,DELTA,2,1000,8,1100,265,no,11,20000
2025-05-22T19:02:28.249257,KXBTCD-25MAY2223-T111999.99,DELTA,2,1000,8,1100,266,no,10,-3240
2025-05-22T19:02:28.250598,KXBTCD-25MAY2223-T111999.99,DELTA,2,1000,8,1100,267,no,12,2700
2025-05-22T19:02:28.307882,KXBTCD-25MAY2223-T111999.99,DELTA,2,1000,8,1100,268,no,11,-20000
2025-05-22T19:02:29.310139,KXBTCD-25MAY2223-T111999.99,DELTA,2,1000,8,1100,269,no,12,-2700
2025-05-22T19:02:29.311397,KXBTCD-25MAY2223-T111999.99,DELTA,2,1000,8,1100,270,no,4,8100
2025-05-22T19:02:29.375226,KXBTCD-25MAY2223-T111999.99,DELTA,2,1000,8,1100,271,no,5,20000
2025-05-22T19:02:30.647432,KXBTCD-25MAY2223-T111999.99,DELTA,2,1000,8,1100,272,no,4,-8100
2025-05-22T19:02:30.648517,KXBTCD-25MAY2223-T111999.99,DELTA,2,1000,8,1100,273,no,6,5400
2025-05-22T19:02:30.708200,KXBTCD-25MAY2223-T111999.99,DELTA,2,1000,8,1100,274,no,5,-20000
2025-05-22T19:02:30.747774,KXBTCD-25MAY2223-T111999.99,DELTA,2,1000,8,1100,275,no,7,20000
2025-05-22T19:02:31.248450,KXBTCD-25MAY2223-T111999.99,DELTA,2,1000,8,1100,276,no,60,-200
2025-05-22T19:02:31.251782,KXBTCD-25MAY2223-T111999.99,DELTA,2,1000,8,1100,277,no,50,200
2025-05-22T19:02:31.313476,KXBTCD-25MAY2223-T111999.99,DELTA,2,1000,8,1100,278,no,61,-2000
2025-05-22T19:02:31.348372,KXBTCD-25MAY2223-T111999.99,DELTA,2,1000,8,1100,279,no,51,2000
2025-05-22T19:02:36.448634,KXBTCD-25MAY2223-T111999.99,DELTA,2,1000,8,1100,280,no,6,-5400
2025-05-22T19:02:36.450232,KXBTCD-25MAY2223-T111999.99,DELTA,2,1000,8,1100,281,no,8,4050
2025-05-22T19:02:36.509480,KXBTCD-25MAY2223-T111999.99,DELTA,2,1000,8,1100,282,no,7,-20000
2025-05-22T19:02:36.547533,KXBTCD-25MAY2223-T111999.99,DELTA,2,1000,8,1100,283,no,9,20000
2025-05-22T19:02:39.168166,KXBTCD-25MAY2223-T111999.99,DELTA,2,1000,8,1100,284,no,8,-4050
2025-05-22T19:02:39.169040,KXBTCD-25MAY2223-T111999.99,DELTA,2,1000,8,1100,285,no,10,3240
2025-05-22T19:02:39.268496,KXBTCD-25MAY2223-T111999.99,DELTA,2,1000,8,1100,286,no,9,-20000
2025-05-22T19:02:39.378642,KXBTCD-25MAY2223-T111999.99,DELTA,2,1000,8,1100,287,no,11,20000
2025-05-22T19:02:41.569565,KXBTCD-25MAY2223-T111999.99,DELTA,2,1000,8,1100,288,no,10,-3240
2025-05-22T19:02:41.570906,KXBTCD-25MAY2223-T111999.99,DELTA,2,1000,8,1100,289,no,12,2700
2025-05-22T19:02:41.628850,KXBTCD-25MAY2223-T111999.99,DELTA,2,1000,8,1100,290,no,11,-20000
2025-05-22T19:02:42.708169,KXBTCD-25MAY2223-T111999.99,DELTA,2,1000,8,1100,291,no,12,-2700
2025-05-22T19:02:42.708510,KXBTCD-25MAY2223-T111999.99,DELTA,2,1000,8,1100,292,no,4,8100
2025-05-22T19:02:42.769354,KXBTCD-25MAY2223-T111999.99,DELTA,2,1000,8,1100,293,no,5,20000
2025-05-22T19:02:43.859100,KXBTCD-25MAY2223-T111999.99,DELTA,2,1000,8,1100,294,no,4,-8100
2025-05-22T19:02:43.859329,KXBTCD-25MAY2223-T111999.99,DELTA,2,1000,8,1100,295,no,6,5400
2025-05-22T19:02:43.933913,KXBTCD-25MAY2223-T111999.99,DELTA,2,1000,8,1100,296,no,5,-20000
2025-05-22T19:02:43.971762,KXBTCD-25MAY2223-T111999.99,DELTA,2,1000,8,1100,297,no,7,20000
2025-05-22T19:02:48.688723,KXBTCD-25MAY2223-T111999.99,DELTA,2,1000,8,1100,298,no,6,-5400
2025-05-22T19:02:48.689887,KXBTCD-25MAY2223-T111999.99,DELTA,2,1000,8,1100,299,no,8,4050
2025-05-22T19:02:48.748646,KXBTCD-25MAY2223-T111999.99,DELTA,2,1000,8,1100,300,no,7,-20000
2025-05-22T19:02:48.787700,KXBTCD-25MAY2223-T111999.99,DELTA,2,1000,8,1100,301,no,9,20000
2025-05-22T19:02:51.429336,KXBTCD-25MAY2223-T111999.99,DELTA,2,1000,8,1100,302,no,8,-4050
2025-05-22T19:02:51.430743,KXBTCD-25MAY2223-T111999.99,DELTA,2,1000,8,1100,303,no,10,3240
2025-05-22T19:02:51.489575,KXBTCD-25MAY2223-T111999.99,DELTA,2,1000,8,1100,304,no,9,-20000
2025-05-22T19:02:51.527679,KXBTCD-25MAY2223-T111999.99,DELTA,2,1000,8,1100,305,no,11,20000
2025-05-22T19:02:52.446926,KXBTCD-25MAY2223-T111999.99,DELTA,2,1000,8,1100,306,no,10,-3240
2025-05-22T19:02:52.447292,KXBTCD-25MAY2223-T111999.99,DELTA,2,1000,8,1100,307,no,12,2700
2025-05-22T19:02:52.507460,KXBTCD-25MAY2223-T111999.99,DELTA,2,1000,8,1100,308,no,11,-20000
2025-05-22T19:02:53.453202,KXBTCD-25MAY2223-T111999.99,DELTA,2,1000,8,1100,309,no,12,-2700
2025-05-22T19:02:53.454123,KXBTCD-25MAY2223-T111999.99,DELTA,2,1000,8,1100,310,no,4,8100
2025-05-22T19:02:53.507562,KXBTCD-25MAY2223-T111999.99,DELTA,2,1000,8,1100,311,no,5,20000
2025-05-22T19:02:54.508039,KXBTCD-25MAY2223-T111999.99,DELTA,2,1000,8,1100,312,no,4,-8100
2025-05-22T19:02:54.508609,KXBTCD-25MAY2223-T111999.99,DELTA,2,1000,8,1100,313,no,6,5400
2025-05-22T19:02:54.567954,KXBTCD-25MAY2223-T111999.99,DELTA,2,1000,8,1100,314,no,5,-20000
2025-05-22T19:02:54.607319,KXBTCD-25MAY2223-T111999.99,DELTA,2,1000,8,1100,315,no,7,20000
2025-05-22T19:02:55.548053,KXBTCD-25MAY2223-T111999.99,DELTA,2,1000,8,1100,316,no,6,-5400
2025-05-22T19:02:55.549123,KXBTCD-25MAY2223-T111999.99,DELTA,2,1000,8,1100,317,no,8,4050
2025-05-22T19:02:55.607761,KXBTCD-25MAY2223-T111999.99,DELTA,2,1000,8,1100,318,no,7,-20000
2025-05-22T19:02:55.648632,KXBTCD-25MAY2223-T111999.99,DELTA,2,1000,8,1100,319,no,9,20000
2025-05-22T19:02:59.859996,KXBTCD-25MAY2223-T111999.99,DELTA,2,1000,8,1100,320,no,8,-4050
2025-05-22T19:02:59.861096,KXBTCD-25MAY2223-T111999.99,DELTA,2,1000,8,1100,321,no,10,3240
2025-05-22T19:02:59.888059,KXBTCD-25MAY2223-T111999.99,DELTA,2,1000,8,1100,322,no,9,-20000
2025-05-22T19:02:59.929116,KXBTCD-25MAY2223-T111999.99,DELTA,2,1000,8,1100,323,no,11,20000
2025-05-22T19:03:02.367191,KXBTCD-25MAY2223-T111999.99,DELTA,2,1000,8,1100,324,no,10,-3240
2025-05-22T19:03:02.367424,KXBTCD-25MAY2223-T111999.99,DELTA,2,1000,8,1100,325,no,12,2700
2025-05-22T19:03:02.426802,KXBTCD-25MAY2223-T111999.99,DELTA,2,1000,8,1100,326,no,11,-20000
2025-05-22T19:03:03.627030,KXBTCD-25MAY2223-T111999.99,DELTA,2,1000,8,1100,327,no,12,-2700
2025-05-22T19:03:03.627885,KXBTCD-25MAY2223-T111999.99,DELTA,2,1000,8,1100,328,no,4,8100
2025-05-22T19:03:03.694772,KXBTCD-25MAY2223-T111999.99,DELTA,2,1000,8,1100,329,no,5,20000
2025-05-22T19:03:04.028784,KXBTCD-25MAY2223-T111999.99,DELTA,2,1000,8,1100,330,yes,1,-100
2025-05-22T19:03:04.047189,KXBTCD-25MAY2223-T111999.99,DELTA,2,1000,8,1000,331,no,92,-100
2025-05-22T19:03:04.088215,KXBTCD-25MAY2223-T111999.99,DELTA,1,80000,8,1000,332,yes,2,-1000
2025-05-22T19:03:04.109422,KXBTCD-25MAY2223-T111999.99,DELTA,1,80000,22,3000,333,no,92,-1000
2025-05-22T19:03:04.147594,KXBTCD-25MAY2223-T111999.99,DELTA,1,80000,22,3000,334,no,51,1000
2025-05-22T19:03:04.828144,KXBTCD-25MAY2223-T111999.99,DELTA,1,80000,22,3000,335,no,4,-8100
2025-05-22T19:03:04.828835,KXBTCD-25MAY2223-T111999.99,DELTA,1,80000,22,3000,336,no,6,5400
2025-05-22T19:03:04.889125,KXBTCD-25MAY2223-T111999.99,DELTA,1,80000,22,3000,337,no,5,-20000
2025-05-22T19:03:04.946549,KXBTCD-25MAY2223-T111999.99,DELTA,1,80000,22,3000,338,no,7,20000
2025-05-22T19:03:05.386597,KXBTCD-25MAY2223-T111999.99,DELTA,1,80000,8,100,339,no,92,100
2025-05-22T19:03:05.866694,KXBTCD-25MAY2223-T111999.99,DELTA,1,80000,8,100,340,no,51,-1000
2025-05-22T19:03:06.087479,KXBTCD-25MAY2223-T111999.99,DELTA,1,80000,8,1100,341,no,92,1000
2025-05-22T19:03:06.187013,KXBTCD-25MAY2223-T111999.99,DELTA,1,80000,8,1100,342,no,79,9
2025-05-22T19:03:06.767797,KXBTCD-25MAY2223-T111999.99,DELTA,1,80000,8,1100,343,no,6,-5400
2025-05-22T19:03:06.767985,KXBTCD-25MAY2223-T111999.99,DELTA,1,80000,8,1100,344,no,8,4050
2025-05-22T19:03:06.969404,KXBTCD-25MAY2223-T111999.99,DELTA,1,80000,8,1100,345,no,7,-20000
2025-05-22T19:03:06.970066,KXBTCD-25MAY2223-T111999.99,DELTA,1,80000,8,1100,346,no,79,-9
2025-05-22T19:03:07.187855,KXBTCD-25MAY2223-T111999.99,DELTA,1,80000,8,1100,347,no,9,20000
2025-05-22T19:03:08.387376,KXBTCD-25MAY2223-T111999.99,DELTA,1,80000,8,1100,348,no,8,-4050
2025-05-22T19:03:08.387822,KXBTCD-25MAY2223-T111999.99,DELTA,1,80000,8,1100,349,no,10,3240
2025-05-22T19:03:08.489358,KXBTCD-25MAY2223-T111999.99,DELTA,1,80000,8,1100,350,no,9,-20000
2025-05-22T19:03:08.687424,KXBTCD-25MAY2223-T111999.99,DELTA,1,80000,8,1100,351,no,11,20000
2025-05-22T19:03:14.109168,KXBTCD-25MAY2223-T111999.99,DELTA,1,80000,8,1100,352,no,10,-3240
2025-05-22T19:03:14.166261,KXBTCD-25MAY2223-T111999.99,DELTA,1,80000,8,1100,353,no,11,-20000
2025-05-22T19:03:16.268059,KXBTCD-25MAY2223-T111999.99,DELTA,1,80000,8,1100,354,no,4,8100
2025-05-22T19:03:16.326597,KXBTCD-25MAY2223-T111999.99,DELTA,1,80000,8,1100,355,no,5,20000
2025-05-22T19:03:16.408025,KXBTCD-25MAY2223-T111999.99,DELTA,1,80000,8,1000,356,no,92,-100
2025-05-22T19:03:16.466940,KXBTCD-25MAY2223-T111999.99,DELTA,1,80000,22,3000,357,no,92,-1000
2025-05-22T19:03:16.506912,KXBTCD-25MAY2223-T111999.99,DELTA,1,80000,22,3000,358,no,51,1000
2025-05-22T19:03:17.366044,KXBTCD-25MAY2223-T111999.99,DELTA,1,80000,22,3000,359,no,4,-8100
2025-05-22T19:03:17.366505,KXBTCD-25MAY2223-T111999.99,DELTA,1,80000,22,3000,360,no,6,5400
2025-05-22T19:03:17.426194,KXBTCD-25MAY2223-T111999.99,DELTA,1,80000,22,3000,361,no,5,-20000
2025-05-22T19:03:17.466573,KXBTCD-25MAY2223-T111999.99,DELTA,1,80000,22,3000,362,no,7,20000
2025-05-22T19:03:18.506539,KXBTCD-25MAY2223-T111999.99,DELTA,1,80000,22,3000,363,no,6,-5400
2025-05-22T19:03:18.507424,KXBTCD-25MAY2223-T111999.99,DELTA,1,80000,22,3000,364,no,8,4050
2025-05-22T19:03:18.567234,KXBTCD-25MAY2223-T111999.99,DELTA,1,80000,22,3000,365,no,7,-20000
2025-05-22T19:03:18.586398,KXBTCD-25MAY2223-T111999.99,DELTA,1,80000,22,3000,366,no,9,20000
2025-05-22T19:03:18.646712,KXBTCD-25MAY2223-T111999.99,DELTA,1,80000,7,100,367,no,93,100
2025-05-22T19:03:20.648943,KXBTCD-25MAY2223-T111999.99,DELTA,1,80000,7,100,368,no,8,-4050
2025-05-22T19:03:20.650096,KXBTCD-25MAY2223-T111999.99,DELTA,1,80000,7,100,369,no,10,3240
2025-05-22T19:03:20.707345,KXBTCD-25MAY2223-T111999.99,DELTA,1,80000,7,100,370,no,9,-20000
2025-05-22T19:03:20.746634,KXBTCD-25MAY2223-T111999.99,DELTA,1,80000,7,100,371,no,11,20000
2025-05-22T19:03:20.767295,KXBTCD-25MAY2223-T111999.99,DELTA,1,80000,7,100,372,no,79,9
2025-05-22T19:03:27.507137,KXBTCD-25MAY2223-T111999.99,DELTA,1,80000,7,100,373,no,10,-3240
2025-05-22T19:03:27.507791,KXBTCD-25MAY2223-T111999.99,DELTA,1,80000,7,100,374,no,12,2700
2025-05-22T19:03:27.568218,KXBTCD-25MAY2223-T111999.99,DELTA,1,80000,7,100,375,no,11,-20000
2025-05-22T19:03:30.006664,KXBTCD-25MAY2223-T111999.99,DELTA,1,80000,7,100,376,no,12,-2700
2025-05-22T19:03:30.007766,KXBTCD-25MAY2223-T111999.99,DELTA,1,80000,7,100,377,no,4,8100
2025-05-22T19:03:30.069509,KXBTCD-25MAY2223-T111999.99,DELTA,1,80000,7,100,378,no,5,20000
2025-05-22T19:03:31.086586,KXBTCD-25MAY2223-T111999.99,DELTA,1,80000,7,100,379,no,4,-8100
2025-05-22T19:03:31.087472,KXBTCD-25MAY2223-T111999.99,DELTA,1,80000,7,100,380,no,6,5400
2025-05-22T19:03:31.147357,KXBTCD-25MAY2223-T111999.99,DELTA,1,80000,7,100,381,no,5,-20000
2025-05-22T19:03:31.187725,KXBTCD-25MAY2223-T111999.99,DELTA,1,80000,7,100,382,no,7,20000
2025-05-22T19:03:32.157715,KXBTCD-25MAY2223-T111999.99,DELTA,1,80000,7,100,383,no,6,-5400
2025-05-22T19:03:32.157868,KXBTCD-25MAY2223-T111999.99,DELTA,1,80000,7,100,384,no,8,4050
2025-05-22T19:03:32.210666,KXBTCD-25MAY2223-T111999.99,DELTA,1,80000,7,100,385,no,7,-20000
2025-05-22T19:03:32.247229,KXBTCD-25MAY2223-T111999.99,DELTA,1,80000,7,100,386,no,9,20000
2025-05-22T19:03:33.167929,KXBTCD-25MAY2223-T111999.99,DELTA,1,80000,7,100,387,no,8,-4050
2025-05-22T19:03:33.168987,KXBTCD-25MAY2223-T111999.99,DELTA,1,80000,7,100,388,no,10,3240
2025-05-22T19:03:33.228518,KXBTCD-25MAY2223-T111999.99,DELTA,1,80000,7,100,389,no,9,-20000
2025-05-22T19:03:33.267539,KXBTCD-25MAY2223-T111999.99,DELTA,1,80000,7,100,390,no,11,20000
2025-05-22T19:03:34.188030,KXBTCD-25MAY2223-T111999.99,DELTA,1,80000,7,100,391,no,10,-3240
2025-05-22T19:03:34.188699,KXBTCD-25MAY2223-T111999.99,DELTA,1,80000,7,100,392,no,12,2700
2025-05-22T19:03:34.246549,KXBTCD-25MAY2223-T111999.99,DELTA,1,80000,7,100,393,no,11,-20000
2025-05-22T19:03:38.446477,KXBTCD-25MAY2223-T111999.99,DELTA,1,80000,7,100,394,no,12,-2700
2025-05-22T19:03:38.447580,KXBTCD-25MAY2223-T111999.99,DELTA,1,80000,7,100,395,no,4,8100
2025-05-22T19:03:38.506510,KXBTCD-25MAY2223-T111999.99,DELTA,1,80000,7,100,396,no,5,20000
2025-05-22T19:03:41.048159,KXBTCD-25MAY2223-T111999.99,DELTA,1,80000,7,100,397,no,4,-8100
2025-05-22T19:03:41.049480,KXBTCD-25MAY2223-T111999.99,DELTA,1,80000,7,100,398,no,6,5400
2025-05-22T19:03:41.107906,KXBTCD-25MAY2223-T111999.99,DELTA,1,80000,7,100,399,no,5,-20000
2025-05-22T19:03:41.146780,KXBTCD-25MAY2223-T111999.99,DELTA,1,80000,7,100,400,no,7,20000
2025-05-22T19:03:42.167319,KXBTCD-25MAY2223-T111999.99,DELTA,1,80000,7,100,401,no,6,-5400
2025-05-22T19:03:42.168683,KXBTCD-25MAY2223-T111999.99,DELTA,1,80000,7,100,402,no,8,4050
2025-05-22T19:03:42.227290,KXBTCD-25MAY2223-T111999.99,DELTA,1,80000,7,100,403,no,7,-20000
2025-05-22T19:03:42.267125,KXBTCD-25MAY2223-T111999.99,DELTA,1,80000,7,100,404,no,9,20000
2025-05-22T19:03:42.386949,KXBTCD-25MAY2223-T111999.99,DELTA,,0,7,100,405,yes,1,-80000
2025-05-22T19:03:42.446646,KXBTCD-25MAY2223-T111999.99,DELTA,2,80000,7,100,406,yes,2,80000
2025-05-22T19:03:43.247173,KXBTCD-25MAY2223-T111999.99,DELTA,2,80000,7,100,407,no,8,-4050
2025-05-22T19:03:43.248176,KXBTCD-25MAY2223-T111999.99,DELTA,2,80000,7,100,408,no,10,3240
2025-05-22T19:03:43.306778,KXBTCD-25MAY2223-T111999.99,DELTA,2,80000,7,100,409,no,9,-20000
2025-05-22T19:03:43.347457,KXBTCD-25MAY2223-T111999.99,DELTA,2,80000,7,100,410,no,11,20000
2025-05-22T19:03:43.727321,KXBTCD-25MAY2223-T111999.99,DELTA,2,80000,21,9,411,no,93,-100
2025-05-22T19:03:44.158986,KXBTCD-25MAY2223-T111999.99,DELTA,2,80000,21,9,412,yes,1,100
2025-05-22T19:03:44.259110,KXBTCD-25MAY2223-T111999.99,DELTA,2,81000,21,9,413,yes,2,1000
2025-05-22T19:03:44.285214,KXBTCD-25MAY2223-T111999.99,DELTA,2,81000,22,3000,414,no,79,-9
2025-05-22T19:03:44.609743,KXBTCD-25MAY2223-T111999.99,DELTA,2,81000,22,3000,415,no,10,-3240
2025-05-22T19:03:44.609985,KXBTCD-25MAY2223-T111999.99,DELTA,2,81000,22,3000,416,no,12,2700
2025-05-22T19:03:44.665841,KXBTCD-25MAY2223-T111999.99,DELTA,2,81000,22,3000,417,no,11,-20000
2025-05-22T19:03:45.538307,KXBTCD-25MAY2223-T111999.99,DELTA,2,81000,22,3000,418,yes,1,-100
2025-05-22T19:03:45.586380,KXBTCD-25MAY2223-T111999.99,DELTA,2,80000,22,3000,419,yes,2,-1000
2025-05-22T19:03:45.787641,KXBTCD-25MAY2223-T111999.99,DELTA,2,80000,22,3000,420,no,12,-2700
2025-05-22T19:03:45.788975,KXBTCD-25MAY2223-T111999.99,DELTA,2,80000,22,3000,421,no,4,8100
2025-05-22T19:03:45.847366,KXBTCD-25MAY2223-T111999.99,DELTA,2,80000,22,3000,422,no,5,20000
2025-05-22T19:03:48.808678,KXBTCD-25MAY2223-T111999.99,DELTA,2,80000,22,3000,423,yes,1,50
2025-05-22T19:03:48.829897,KXBTCD-25MAY2223-T111999.99,DELTA,2,80000,6,500,424,no,94,500
2025-05-22T19:03:49.132101,KXBTCD-25MAY2223-T111999.99,DELTA,2,81000,6,500,425,yes,2,1000
2025-05-22T19:03:49.526650,KXBTCD-25MAY2223-T111999.99,DELTA,2,81000,6,500,426,yes,1,-50
2025-05-22T19:03:49.586006,KXBTCD-25MAY2223-T111999.99,DELTA,2,80000,6,500,427,yes,2,-1000
2025-05-22T19:03:50.126267,KXBTCD-25MAY2223-T111999.99,DELTA,2,80000,22,3000,428,no,94,-500
2025-05-22T19:03:50.306108,KXBTCD-25MAY2223-T111999.99,DELTA,2,80000,22,3000,429,no,4,-8100
2025-05-22T19:03:50.307129,KXBTCD-25MAY2223-T111999.99,DELTA,2,80000,22,3000,430,no,6,5400
2025-05-22T19:03:50.366628,KXBTCD-25MAY2223-T111999.99,DELTA,2,80000,22,3000,431,no,5,-20000
2025-05-22T19:03:50.485192,KXBTCD-25MAY2223-T111999.99,DELTA,2,80000,22,3000,432,no,7,20000
2025-05-22T19:03:52.948202,KXBTCD-25MAY2223-T111999.99,DELTA,2,80000,22,3000,433,no,6,-5400
2025-05-22T19:03:52.949410,KXBTCD-25MAY2223-T111999.99,DELTA,2,80000,22,3000,434,no,8,4050
2025-05-22T19:03:53.008594,KXBTCD-25MAY2223-T111999.99,DELTA,2,80000,22,3000,435,no,7,-20000
2025-05-22T19:03:53.047781,KXBTCD-25MAY2223-T111999.99,DELTA,2,80000,22,3000,436,no,9,20000
2025-05-22T19:03:54.207480,KXBTCD-25MAY2223-T111999.99,DELTA,2,80000,22,3000,437,no,8,-4050
2025-05-22T19:03:54.208407,KXBTCD-25MAY2223-T111999.99,DELTA,2,80000,22,3000,438,no,10,3240
2025-05-22T19:03:54.266739,KXBTCD-25MAY2223-T111999.99,DELTA,2,80000,22,3000,439,no,9,-20000
2025-05-22T19:03:54.311626,KXBTCD-25MAY2223-T111999.99,DELTA,2,80000,22,3000,440,no,11,20000
2025-05-22T19:03:55.467176,KXBTCD-25MAY2223-T111999.99,DELTA,2,80000,22,3000,441,no,10,-3240
2025-05-22T19:03:55.468411,KXBTCD-25MAY2223-T111999.99,DELTA,2,80000,22,3000,442,no,12,2700
2025-05-22T19:03:55.527326,KXBTCD-25MAY2223-T111999.99,DELTA,2,80000,22,3000,443,no,11,-20000
2025-05-22T19:03:56.146075,KXBTCD-25MAY2223-T111999.99,DELTA,2,80000,22,3000,444,yes,1,150
2025-05-22T19:03:56.168176,KXBTCD-25MAY2223-T111999.99,DELTA,2,80000,6,500,445,no,94,500
2025-05-22T19:03:56.206940,KXBTCD-25MAY2223-T111999.99,DELTA,2,81000,6,500,446,yes,2,1000
2025-05-22T19:03:56.385979,KXBTCD-25MAY2223-T111999.99,DELTA,2,81000,6,500,447,yes,1,2000
2025-05-22T19:03:56.705919,KXBTCD-25MAY2223-T111999.99,DELTA,2,81000,6,500,448,no,12,-2700
2025-05-22T19:03:56.707183,KXBTCD-25MAY2223-T111999.99,DELTA,2,81000,6,500,449,no,4,8100
2025-05-22T19:03:56.767029,KXBTCD-25MAY2223-T111999.99,DELTA,2,81000,6,500,450,no,5,20000
2025-05-22T19:03:57.928590,KXBTCD-25MAY2223-T111999.99,DELTA,2,81000,6,500,451,yes,1,-150
2025-05-22T19:03:57.987527,KXBTCD-25MAY2223-T111999.99,DELTA,2,81000,6,500,452,yes,1,-2000
2025-05-22T19:03:58.007846,KXBTCD-25MAY2223-T111999.99,DELTA,2,80000,6,500,453,yes,2,-1000
2025-05-22T19:03:58.008876,KXBTCD-25MAY2223-T111999.99,DELTA,2,80000,6,500,454,no,4,-8100
2025-05-22T19:03:58.009486,KXBTCD-25MAY2223-T111999.99,DELTA,2,80000,6,500,455,no,6,5400
2025-05-22T19:03:58.068696,KXBTCD-25MAY2223-T111999.99,DELTA,2,80000,6,500,456,no,5,-20000
2025-05-22T19:03:58.106900,KXBTCD-25MAY2223-T111999.99,DELTA,2,80000,6,500,457,no,7,20000
2025-05-22T19:03:58.926621,KXBTCD-25MAY2223-T111999.99,DELTA,2,80000,22,3000,458,no,94,-500
2025-05-22T19:04:00.731257,KXBTCD-25MAY2223-T111999.99,DELTA,2,80000,22,3000,459,yes,1,50
2025-05-22T19:04:00.747733,KXBTCD-25MAY2223-T111999.99,DELTA,2,80000,6,500,460,no,94,500
2025-05-22T19:04:00.786671,KXBTCD-25MAY2223-T111999.99,DELTA,2,80000,6,500,461,yes,1,-50
2025-05-22T19:04:00.787068,KXBTCD-25MAY2223-T111999.99,DELTA,2,81000,6,500,462,yes,2,1000
2025-05-22T19:04:00.851794,KXBTCD-25MAY2223-T111999.99,DELTA,2,81000,6,500,463,yes,1,400
2025-05-22T19:04:00.852420,KXBTCD-25MAY2223-T111999.99,DELTA,2,80000,6,500,464,yes,2,-1000
2025-05-22T19:04:00.887575,KXBTCD-25MAY2223-T111999.99,DELTA,2,80000,6,500,465,no,78,-3000
2025-05-22T19:04:00.888153,KXBTCD-25MAY2223-T111999.99,DELTA,2,80000,6,500,466,no,53,-8000
2025-05-22T19:04:00.949651,KXBTCD-25MAY2223-T111999.99,DELTA,1,400,6,500,467,yes,2,-80000
2025-05-22T19:04:00.966490,KXBTCD-25MAY2223-T111999.99,DELTA,2,1000,6,500,468,yes,2,1000
2025-05-22T19:04:00.987737,KXBTCD-25MAY2223-T111999.99,DELTA,2,3000,6,500,469,yes,2,2000
2025-05-22T19:04:00.988334,KXBTCD-25MAY2223-T111999.99,DELTA,2,3000,6,500,470,no,52,8000
2025-05-22T19:04:00.988760,KXBTCD-25MAY2223-T111999.99,DELTA,2,3000,6,500,471,no,77,3000
2025-05-22T19:04:01.026665,KXBTCD-25MAY2223-T111999.99,DELTA,3,80000,6,500,472,yes,3,80000
2025-05-22T19:04:01.166607,KXBTCD-25MAY2223-T111999.99,DELTA,3,80000,23,3000,473,no,94,-500
2025-05-22T19:04:01.245755,KXBTCD-25MAY2223-T111999.99,DELTA,3,80000,7,500,474,no,93,500
2025-05-22T19:04:01.246175,KXBTCD-25MAY2223-T111999.99,DELTA,3,80000,7,500,475,yes,2,1250
2025-05-22T19:04:01.386637,KXBTCD-25MAY2223-T111999.99,DELTA,3,80000,7,500,476,no,89,100
2025-05-22T19:04:01.406526,KXBTCD-25MAY2223-T111999.99,DELTA,3,80100,7,500,477,yes,3,100
2025-05-22T19:04:01.446508,KXBTCD-25MAY2223-T111999.99,DELTA,3,80100,7,500,478,no,51,-1000
2025-05-22T19:04:01.465420,KXBTCD-25MAY2223-T111999.99,DELTA,3,80100,7,500,479,yes,2,-1000
2025-05-22T19:04:01.487016,KXBTCD-25MAY2223-T111999.99,DELTA,3,80100,7,500,480,no,90,1000
2025-05-22T19:04:01.506191,KXBTCD-25MAY2223-T111999.99,DELTA,4,1000,7,500,481,yes,4,1000
2025-05-22T19:04:01.686519,KXBTCD-25MAY2223-T111999.99,DELTA,4,1000,7,500,482,yes,3,-100
2025-05-22T19:04:01.747422,KXBTCD-25MAY2223-T111999.99,DELTA,3,80000,7,500,483,yes,4,-1000
2025-05-22T19:04:01.788115,KXBTCD-25MAY2223-T111999.99,DELTA,3,80000,7,500,484,yes,2,1000
2025-05-22T19:04:02.466502,KXBTCD-25MAY2223-T111999.99,DELTA,3,80000,7,500,485,no,6,-5400
2025-05-22T19:04:02.466909,KXBTCD-25MAY2223-T111999.99,DELTA,3,80000,7,500,486,no,8,4050
2025-05-22T19:04:02.525863,KXBTCD-25MAY2223-T111999.99,DELTA,3,80000,7,500,487,no,7,-20000
2025-05-22T19:04:02.566069,KXBTCD-25MAY2223-T111999.99,DELTA,3,80000,7,500,488,no,9,20000
2025-05-22T19:04:03.686109,KXBTCD-25MAY2223-T111999.99,DELTA,4,100,7,500,489,yes,4,100
2025-05-22T19:04:03.745964,KXBTCD-25MAY2223-T111999.99,DELTA,4,100,7,500,490,yes,2,-1000
2025-05-22T19:04:03.806545,KXBTCD-25MAY2223-T111999.99,DELTA,5,1000,7,500,491,yes,5,1000
2025-05-22T19:04:05.348216,KXBTCD-25MAY2223-T111999.99,DELTA,5,1000,7,500,492,no,8,-4050
2025-05-22T19:04:05.348933,KXBTCD-25MAY2223-T111999.99,DELTA,5,1000,7,500,493,no,10,3240
2025-05-22T19:04:05.407462,KXBTCD-25MAY2223-T111999.99,DELTA,5,1000,7,500,494,no,9,-20000
2025-05-22T19:04:05.446693,KXBTCD-25MAY2223-T111999.99,DELTA,5,1000,7,500,495,no,11,20000
2025-05-22T19:04:06.626711,KXBTCD-25MAY2223-T111999.99,DELTA,5,1000,7,500,496,no,10,-3240
2025-05-22T19:04:06.627885,KXBTCD-25MAY2223-T111999.99,DELTA,5,1000,7,500,497,no,12,2700
2025-05-22T19:04:06.686887,KXBTCD-25MAY2223-T111999.99,DELTA,5,1000,7,500,498,no,11,-20000
2025-05-22T19:04:08.027715,KXBTCD-25MAY2223-T111999.99,DELTA,5,1000,7,500,499,no,12,-2700
2025-05-22T19:04:08.028765,KXBTCD-25MAY2223-T111999.99,DELTA,5,1000,7,500,500,no,4,8100
2025-05-22T19:04:08.087119,KXBTCD-25MAY2223-T111999.99,DELTA,5,1000,7,500,501,no,5,20000
2025-05-22T19:04:09.326312,KXBTCD-25MAY2223-T111999.99,DELTA,5,1000,7,500,502,no,4,-8100
2025-05-22T19:04:09.327024,KXBTCD-25MAY2223-T111999.99,DELTA,5,1000,7,500,503,no,6,5400
2025-05-22T19:04:09.385679,KXBTCD-25MAY2223-T111999.99,DELTA,5,1000,7,500,504,no,5,-20000
2025-05-22T19:04:09.507423,KXBTCD-25MAY2223-T111999.99,DELTA,5,1000,7,500,505,no,7,20000
2025-05-22T19:04:10.567072,KXBTCD-25MAY2223-T111999.99,DELTA,5,1000,7,500,506,no,6,-5400
2025-05-22T19:04:10.568120,KXBTCD-25MAY2223-T111999.99,DELTA,5,1000,7,500,507,no,8,4050
2025-05-22T19:04:10.630888,KXBTCD-25MAY2223-T111999.99,DELTA,5,1000,7,500,508,no,7,-20000
2025-05-22T19:04:10.666185,KXBTCD-25MAY2223-T111999.99,DELTA,5,1000,7,500,509,no,9,20000
2025-05-22T19:04:16.475748,KXBTCD-25MAY2223-T111999.99,DELTA,5,1000,7,500,510,no,8,-4050
2025-05-22T19:04:16.476582,KXBTCD-25MAY2223-T111999.99,DELTA,5,1000,7,500,511,no,10,3240
2025-05-22T19:04:16.566818,KXBTCD-25MAY2223-T111999.99,DELTA,5,1000,7,500,512,no,9,-20000
2025-05-22T19:04:16.606453,KXBTCD-25MAY2223-T111999.99,DELTA,5,1000,7,500,513,no,11,20000
2025-05-22T19:04:19.206611,KXBTCD-25MAY2223-T111999.99,DELTA,5,1000,7,500,514,no,10,-3240
2025-05-22T19:04:19.207503,KXBTCD-25MAY2223-T111999.99,DELTA,5,1000,7,500,515,no,12,2700
2025-05-22T19:04:19.267589,KXBTCD-25MAY2223-T111999.99,DELTA,5,1000,7,500,516,no,11,-20000
2025-05-22T19:04:20.466594,KXBTCD-25MAY2223-T111999.99,DELTA,5,1000,7,500,517,no,12,-2700
2025-05-22T19:04:20.467815,KXBTCD-25MAY2223-T111999.99,DELTA,5,1000,7,500,518,no,4,8100
2025-05-22T19:04:20.568114,KXBTCD-25MAY2223-T111999.99,DELTA,5,1000,7,500,519,no,5,20000
2025-05-22T19:04:21.688286,KXBTCD-25MAY2223-T111999.99,DELTA,5,1000,7,500,520,no,4,-8100
2025-05-22T19:04:21.689115,KXBTCD-25MAY2223-T111999.99,DELTA,5,1000,7,500,521,no,6,5400
2025-05-22T19:04:21.746210,KXBTCD-25MAY2223-T111999.99,DELTA,5,1000,7,500,522,no,5,-20000
2025-05-22T19:04:21.825196,KXBTCD-25MAY2223-T111999.99,DELTA,5,1000,7,500,523,no,7,20000
2025-05-22T19:04:22.108399,KXBTCD-25MAY2223-T111999.99,DELTA,5,1000,7,500,524,no,90,-1000
2025-05-22T19:04:22.109085,KXBTCD-25MAY2223-T111999.99,DELTA,5,1000,7,500,525,no,77,-3000
2025-05-22T19:04:22.125963,KXBTCD-25MAY2223-T111999.99,DELTA,5,1000,7,500,526,no,52,-8000
2025-05-22T19:04:22.186158,KXBTCD-25MAY2223-T111999.99,DELTA,5,1000,7,500,527,no,76,3000
2025-05-22T19:04:22.186727,KXBTCD-25MAY2223-T111999.99,DELTA,5,1000,7,500,528,no,51,8000
2025-05-22T19:04:22.187024,KXBTCD-25MAY2223-T111999.99,DELTA,5,1000,7,500,529,no,89,1000
2025-05-22T19:04:22.927682,KXBTCD-25MAY2223-T111999.99,DELTA,5,1000,7,500,530,no,6,-5400
2025-05-22T19:04:22.928568,KXBTCD-25MAY2223-T111999.99,DELTA,5,1000,7,500,531,no,8,4050
2025-05-22T19:04:22.985826,KXBTCD-25MAY2223-T111999.99,DELTA,5,1000,7,500,532,no,7,-20000
2025-05-22T19:04:23.027069,KXBTCD-25MAY2223-T111999.99,DELTA,5,1000,7,500,533,no,9,20000
2025-05-22T19:04:24.168129,KXBTCD-25MAY2223-T111999.99,DELTA,5,1000,7,500,534,no,8,-4050
2025-05-22T19:04:24.169161,KXBTCD-25MAY2223-T111999.99,DELTA,5,1000,7,500,535,no,10,3240
2025-05-22T19:04:24.226764,KXBTCD-25MAY2223-T111999.99,DELTA,5,1000,7,500,536,no,9,-20000
2025-05-22T19:04:24.325822,KXBTCD-25MAY2223-T111999.99,DELTA,5,1000,7,500,537,no,11,20000
2025-05-22T19:04:24.846762,KXBTCD-25MAY2223-T111999.99,DELTA,5,1000,7,500,538,no,89,-1000
2025-05-22T19:04:24.910662,KXBTCD-25MAY2223-T111999.99,DELTA,5,1000,7,500,539,no,90,1000
2025-05-22T19:04:25.305800,KXBTCD-25MAY2223-T111999.99,DELTA,5,1000,7,500,540,yes,4,-100
2025-05-22T19:04:25.307327,KXBTCD-25MAY2223-T111999.99,DELTA,5,1000,7,500,541,no,89,-100
2025-05-22T19:04:25.366781,KXBTCD-25MAY2223-T111999.99,DELTA,3,80000,7,500,542,yes,5,-1000
2025-05-22T19:04:25.387297,KXBTCD-25MAY2223-T111999.99,DELTA,3,80000,7,500,543,no,90,-1000
2025-05-22T19:04:25.426543,KXBTCD-25MAY2223-T111999.99,DELTA,3,80000,7,500,544,no,51,1000
2025-05-22T19:04:25.427422,KXBTCD-25MAY2223-T111999.99,DELTA,3,80000,7,500,545,yes,2,1000
2025-05-22T19:04:27.522470,KXBTCD-25MAY2223-T111999.99,DELTA,5,100,7,500,546,yes,5,100
2025-05-22T19:04:27.522849,KXBTCD-25MAY2223-T111999.99,DELTA,5,100,7,500,547,no,87,100
2025-05-22T19:04:27.605596,KXBTCD-25MAY2223-T111999.99,DELTA,5,100,7,500,548,yes,2,-1000
2025-05-22T19:04:27.605881,KXBTCD-25MAY2223-T111999.99,DELTA,5,100,7,500,549,no,51,-1000
2025-05-22T19:04:27.646074,KXBTCD-25MAY2223-T111999.99,DELTA,6,1000,7,500,550,yes,6,1000
2025-05-22T19:04:27.646244,KXBTCD-25MAY2223-T111999.99,DELTA,6,1000,7,500,551,no,88,1000
2025-05-22T19:04:28.046651,KXBTCD-25MAY2223-T111999.99,DELTA,6,1000,7,500,552,no,87,-100
2025-05-22T19:04:28.105644,KXBTCD-25MAY2223-T111999.99,DELTA,5,100,7,500,553,yes,6,-1000
2025-05-22T19:04:28.105883,KXBTCD-25MAY2223-T111999.99,DELTA,5,100,7,500,554,no,88,-1000
2025-05-22T19:04:28.145402,KXBTCD-25MAY2223-T111999.99,DELTA,5,1100,7,500,555,yes,5,1000
2025-05-22T19:04:28.165586,KXBTCD-25MAY2223-T111999.99,DELTA,5,1100,7,500,556,no,51,1000
2025-05-22T19:04:28.287122,KXBTCD-25MAY2223-T111999.99,DELTA,5,100,7,500,557,yes,5,-1000
2025-05-22T19:04:28.325676,KXBTCD-25MAY2223-T111999.99,DELTA,6,1000,7,500,558,yes,6,1000
2025-05-22T19:04:29.566506,KXBTCD-25MAY2223-T111999.99,DELTA,6,1000,7,500,559,no,88,100
2025-05-22T19:04:29.627700,KXBTCD-25MAY2223-T111999.99,DELTA,6,1000,7,500,560,no,51,-1000
2025-05-22T19:04:29.666124,KXBTCD-25MAY2223-T111999.99,DELTA,6,1000,7,500,561,no,89,1000
2025-05-22T19:04:30.046997,KXBTCD-25MAY2223-T111999.99,DELTA,6,1000,7,500,562,no,10,-3240
2025-05-22T19:04:30.048240,KXBTCD-25MAY2223-T111999.99,DELTA,6,1000,7,500,563,no,12,2700
2025-05-22T19:04:30.108983,KXBTCD-25MAY2223-T111999.99,DELTA,6,1000,7,500,564,no,11,-20000
2025-05-22T19:04:32.097210,KXBTCD-25MAY2223-T111999.99,DELTA,5,100,7,500,565,yes,6,-1000
2025-05-22T19:04:32.098197,KXBTCD-25MAY2223-T111999.99,DELTA,5,1100,7,500,566,yes,5,1000
2025-05-22T19:04:32.847391,KXBTCD-25MAY2223-T111999.99,DELTA,5,1100,7,500,567,no,12,-2700
2025-05-22T19:04:32.848612,KXBTCD-25MAY2223-T111999.99,DELTA,5,1100,7,500,568,no,4,8100
2025-05-22T19:04:32.886849,KXBTCD-25MAY2223-T111999.99,DELTA,5,1100,7,500,569,no,5,20000
2025-05-22T19:04:34.025710,KXBTCD-25MAY2223-T111999.99,DELTA,5,1100,7,500,570,no,4,-8100
2025-05-22T19:04:34.026393,KXBTCD-25MAY2223-T111999.99,DELTA,5,1100,7,500,571,no,6,5400
2025-05-22T19:04:34.085072,KXBTCD-25MAY2223-T111999.99,DELTA,5,1100,7,500,572,no,5,-20000
2025-05-22T19:04:34.126810,KXBTCD-25MAY2223-T111999.99,DELTA,5,1100,7,500,573,no,7,20000
2025-05-22T19:04:34.546306,KXBTCD-25MAY2223-T111999.99,DELTA,5,100,7,500,574,yes,5,-1000
2025-05-22T19:04:34.587557,KXBTCD-25MAY2223-T111999.99,DELTA,6,1000,7,500,575,yes,6,1000
2025-05-22T19:04:35.189012,KXBTCD-25MAY2223-T111999.99,DELTA,6,1000,7,500,576,no,6,-5400
2025-05-22T19:04:35.189922,KXBTCD-25MAY2223-T111999.99,DELTA,6,1000,7,500,577,no,8,4050
2025-05-22T19:04:35.246605,KXBTCD-25MAY2223-T111999.99,DELTA,6,1000,7,500,578,no,7,-20000
2025-05-22T19:04:35.306264,KXBTCD-25MAY2223-T111999.99,DELTA,6,1000,7,500,579,no,9,20000
2025-05-22T19:04:36.406902,KXBTCD-25MAY2223-T111999.99,DELTA,6,1000,7,500,580,no,8,-4050
2025-05-22T19:04:36.408013,KXBTCD-25MAY2223-T111999.99,DELTA,6,1000,7,500,581,no,10,3240
2025-05-22T19:04:36.466549,KXBTCD-25MAY2223-T111999.99,DELTA,6,1000,7,500,582,no,9,-20000
2025-05-22T19:04:36.525798,KXBTCD-25MAY2223-T111999.99,DELTA,5,100,7,500,583,yes,6,-1000
2025-05-22T19:04:36.527230,KXBTCD-25MAY2223-T111999.99,DELTA,5,100,7,500,584,no,11,20000
2025-05-22T19:04:36.565614,KXBTCD-25MAY2223-T111999.99,DELTA,5,1100,7,500,585,yes,5,1000
2025-05-22T19:04:37.605907,KXBTCD-25MAY2223-T111999.99,DELTA,5,1100,7,500,586,no,10,-3240
2025-05-22T19:04:37.607151,KXBTCD-25MAY2223-T111999.99,DELTA,5,1100,7,500,587,no,12,2700
2025-05-22T19:04:37.665496,KXBTCD-25MAY2223-T111999.99,DELTA,5,1100,7,500,588,no,11,-20000
2025-05-22T19:04:37.706477,KXBTCD-25MAY2223-T111999.99,DELTA,5,100,7,500,589,yes,5,-1000
2025-05-22T19:04:37.746227,KXBTCD-25MAY2223-T111999.99,DELTA,6,1000,7,500,590,yes,6,1000
2025-05-22T19:04:40.006412,KXBTCD-25MAY2223-T111999.99,DELTA,5,100,7,500,591,yes,6,-1000
2025-05-22T19:04:40.048601,KXBTCD-25MAY2223-T111999.99,DELTA,5,1100,7,500,592,yes,5,1000
2025-05-22T19:04:41.686143,KXBTCD-25MAY2223-T111999.99,DELTA,5,100,7,500,593,yes,5,-1000
2025-05-22T19:04:41.731032,KXBTCD-25MAY2223-T111999.99,DELTA,6,1000,7,500,594,yes,6,1000
2025-05-22T19:04:42.145653,KXBTCD-25MAY2223-T111999.99,DELTA,6,1000,7,500,595,no,88,-100
2025-05-22T19:04:42.165232,KXBTCD-25MAY2223-T111999.99,DELTA,6,1000,7,500,596,yes,5,-100
2025-05-22T19:04:42.205270,KXBTCD-25MAY2223-T111999.99,DELTA,6,1000,7,500,597,no,89,-1000
2025-05-22T19:04:42.225877,KXBTCD-25MAY2223-T111999.99,DELTA,3,80000,7,500,598,yes,6,-1000
2025-05-22T19:04:42.264919,KXBTCD-25MAY2223-T111999.99,DELTA,3,80000,7,500,599,no,51,1000
2025-05-22T19:04:42.265506,KXBTCD-25MAY2223-T111999.99,DELTA,3,80000,7,500,600,yes,2,1000
2025-05-22T19:04:43.424679,KXBTCD-25MAY2223-T111999.99,DELTA,3,80000,7,500,601,no,12,-2700
2025-05-22T19:04:43.425351,KXBTCD-25MAY2223-T111999.99,DELTA,3,80000,7,500,602,no,4,8100
2025-05-22T19:04:43.533340,KXBTCD-25MAY2223-T111999.99,DELTA,3,80000,7,500,603,no,5,20000
2025-05-22T19:04:44.187284,KXBTCD-25MAY2223-T111999.99,DELTA,4,100,7,500,604,yes,4,100
2025-05-22T19:04:44.188240,KXBTCD-25MAY2223-T111999.99,DELTA,4,100,7,500,605,no,88,100
2025-05-22T19:04:44.246389,KXBTCD-25MAY2223-T111999.99,DELTA,4,100,7,500,606,yes,2,-1000
2025-05-22T19:04:44.266792,KXBTCD-25MAY2223-T111999.99,DELTA,4,100,7,500,607,no,51,-1000
2025-05-22T19:04:44.305446,KXBTCD-25MAY2223-T111999.99,DELTA,4,100,7,500,608,no,89,1000
2025-05-22T19:04:44.306035,KXBTCD-25MAY2223-T111999.99,DELTA,5,1000,7,500,609,yes,5,1000
2025-05-22T19:04:44.447001,KXBTCD-25MAY2223-T111999.99,DELTA,5,1000,7,500,610,no,88,-100
2025-05-22T19:04:44.526932,KXBTCD-25MAY2223-T111999.99,DELTA,5,1000,7,500,611,no,89,-1000
2025-05-22T19:04:44.566039,KXBTCD-25MAY2223-T111999.99,DELTA,5,1000,7,500,612,no,51,1000
2025-05-22T19:04:45.926434,KXBTCD-25MAY2223-T111999.99,DELTA,5,1000,7,500,613,no,88,100
2025-05-22T19:04:45.988061,KXBTCD-25MAY2223-T111999.99,DELTA,5,1000,7,500,614,no,51,-1000
2025-05-22T19:04:46.066181,KXBTCD-25MAY2223-T111999.99,DELTA,5,1000,7,500,615,no,89,1000
2025-05-22T19:04:46.227199,KXBTCD-25MAY2223-T111999.99,DELTA,5,1000,7,500,616,no,4,-8100
2025-05-22T19:04:46.227791,KXBTCD-25MAY2223-T111999.99,DELTA,5,1000,7,500,617,no,6,5400
2025-05-22T19:04:46.287460,KXBTCD-25MAY2223-T111999.99,DELTA,5,1000,7,500,618,no,5,-20000
2025-05-22T19:04:46.326196,KXBTCD-25MAY2223-T111999.99,DELTA,5,1000,7,500,619,no,7,20000
2025-05-22T19:04:46.486287,KXBTCD-25MAY2223-T111999.99,DELTA,5,1000,7,500,620,no,88,-100
2025-05-22T19:04:46.547147,KXBTCD-25MAY2223-T111999.99,DELTA,5,1000,7,500,621,no,89,-1000
2025-05-22T19:04:46.586561,KXBTCD-25MAY2223-T111999.99,DELTA,5,1000,7,500,622,no,51,1000
2025-05-22T19:04:47.528019,KXBTCD-25MAY2223-T111999.99,DELTA,5,1000,7,500,623,no,6,-5400
2025-05-22T19:04:47.528513,KXBTCD-25MAY2223-T111999.99,DELTA,5,1000,7,500,624,no,8,4050
2025-05-22T19:04:47.588660,KXBTCD-25MAY2223-T111999.99,DELTA,5,1000,7,500,625,no,7,-20000
2025-05-22T19:04:47.627891,KXBTCD-25MAY2223-T111999.99,DELTA,5,1000,7,500,626,no,9,20000
2025-05-22T19:04:48.807691,KXBTCD-25MAY2223-T111999.99,DELTA,5,1000,7,500,627,no,8,-4050
2025-05-22T19:04:48.808665,KXBTCD-25MAY2223-T111999.99,DELTA,5,1000,7,500,628,no,10,3240
2025-05-22T19:04:48.864956,KXBTCD-25MAY2223-T111999.99,DELTA,5,1000,7,500,629,no,9,-20000
2025-05-22T19:04:48.905284,KXBTCD-25MAY2223-T111999.99,DELTA,5,1000,7,500,630,no,11,20000
2025-05-22T19:04:49.006810,KXBTCD-25MAY2223-T111999.99,DELTA,5,1000,7,500,631,no,89,100
2025-05-22T19:04:49.067043,KXBTCD-25MAY2223-T111999.99,DELTA,5,1000,7,500,632,no,51,-1000
2025-05-22T19:04:49.106101,KXBTCD-25MAY2223-T111999.99,DELTA,5,1000,7,500,633,no,89,1000
2025-05-22T19:04:50.146082,KXBTCD-25MAY2223-T111999.99,DELTA,5,1000,7,500,634,no,10,-3240
2025-05-22T19:04:50.146561,KXBTCD-25MAY2223-T111999.99,DELTA,5,1000,7,500,635,no,12,2700
2025-05-22T19:04:50.205997,KXBTCD-25MAY2223-T111999.99,DELTA,5,1000,7,500,636,no,11,-20000
2025-05-22T19:04:51.466904,KXBTCD-25MAY2223-T111999.99,DELTA,5,1000,7,500,637,no,12,-2700
2025-05-22T19:04:51.468071,KXBTCD-25MAY2223-T111999.99,DELTA,5,1000,7,500,638,no,4,8100
2025-05-22T19:04:51.526698,KXBTCD-25MAY2223-T111999.99,DELTA,5,1000,7,500,639,no,5,20000
2025-05-22T19:04:57.525129,KXBTCD-25MAY2223-T111999.99,DELTA,5,1000,7,500,640,no,4,-8100
2025-05-22T19:04:57.525522,KXBTCD-25MAY2223-T111999.99,DELTA,5,1000,7,500,641,no,6,5400
2025-05-22T19:04:57.585607,KXBTCD-25MAY2223-T111999.99,DELTA,5,1000,7,500,642,no,5,-20000
2025-05-22T19:04:57.630347,KXBTCD-25MAY2223-T111999.99,DELTA,5,1000,7,500,643,no,7,20000
2025-05-22T19:05:00.246215,KXBTCD-25MAY2223-T111999.99,DELTA,5,1000,7,500,644,no,6,-5400
2025-05-22T19:05:00.247402,KXBTCD-25MAY2223-T111999.99,DELTA,5,1000,7,500,645,no,8,4050
2025-05-22T19:05:00.306425,KXBTCD-25MAY2223-T111999.99,DELTA,5,1000,7,500,646,no,7,-20000
2025-05-22T19:05:00.346012,KXBTCD-25MAY2223-T111999.99,DELTA,5,1000,7,500,647,no,9,20000
2025-05-22T19:05:01.831734,KXBTCD-25MAY2223-T111999.99,DELTA,5,1000,7,500,648,no,78,250
2025-05-22T19:05:01.833189,KXBTCD-25MAY2223-T111999.99,DELTA,5,1000,7,500,649,no,80,250
2025-05-22T19:05:01.987387,KXBTCD-25MAY2223-T111999.99,DELTA,5,1000,7,500,650,no,82,250
2025-05-22T19:05:01.988221,KXBTCD-25MAY2223-T111999.99,DELTA,5,1000,7,500,651,no,51,-2000
2025-05-22T19:05:02.087576,KXBTCD-25MAY2223-T111999.99,DELTA,5,1000,7,500,652,no,84,250
2025-05-22T19:05:02.167122,KXBTCD-25MAY2223-T111999.99,DELTA,5,1000,7,500,653,no,86,250
2025-05-22T19:05:02.285649,KXBTCD-25MAY2223-T111999.99,DELTA,5,1000,7,500,654,no,81,2000
2025-05-22T19:05:02.386151,KXBTCD-25MAY2223-T111999.99,DELTA,5,1000,7,500,655,no,8,-4050
2025-05-22T19:05:02.386517,KXBTCD-25MAY2223-T111999.99,DELTA,5,1000,7,500,656,no,10,3240
2025-05-22T19:05:03.491018,KXBTCD-25MAY2223-T111999.99,DELTA,5,1000,7,500,657,no,87,1250
2025-05-22T19:05:03.491968,KXBTCD-25MAY2223-T111999.99,DELTA,5,1000,7,500,658,no,9,-20000
2025-05-22T19:05:03.711354,KXBTCD-25MAY2223-T111999.99,DELTA,5,1000,7,500,659,no,81,-2000
2025-05-22T19:05:04.089984,KXBTCD-25MAY2223-T111999.99,DELTA,5,1000,7,500,660,no,11,20000
2025-05-22T19:05:04.194503,KXBTCD-25MAY2223-T111999.99,DELTA,5,1000,7,500,661,no,86,2000
2025-05-22T19:05:04.485367,KXBTCD-25MAY2223-T111999.99,DELTA,5,1000,7,500,662,no,10,-3240
2025-05-22T19:05:04.486708,KXBTCD-25MAY2223-T111999.99,DELTA,5,1000,7,500,663,no,12,2700
2025-05-22T19:05:04.725221,KXBTCD-25MAY2223-T111999.99,DELTA,5,1000,7,500,664,no,11,-20000
2025-05-22T19:05:06.086475,KXBTCD-25MAY2223-T111999.99,DELTA,5,1000,7,500,665,no,12,-2700
2025-05-22T19:05:06.087587,KXBTCD-25MAY2223-T111999.99,DELTA,5,1000,7,500,666,no,4,8100
2025-05-22T19:05:06.181935,KXBTCD-25MAY2223-T111999.99,DELTA,5,1000,7,500,667,no,5,20000
2025-05-22T19:05:07.329936,KXBTCD-25MAY2223-T111999.99,DELTA,5,1000,7,500,668,no,4,-8100
2025-05-22T19:05:07.330715,KXBTCD-25MAY2223-T111999.99,DELTA,5,1000,7,500,669,no,6,5400
2025-05-22T19:05:08.232659,KXBTCD-25MAY2223-T111999.99,DELTA,5,1000,7,500,670,no,5,-20000
2025-05-22T19:05:08.457101,KXBTCD-25MAY2223-T111999.99,DELTA,5,1000,7,500,671,no,7,20000
2025-05-22T19:05:09.608058,KXBTCD-25MAY2223-T111999.99,DELTA,5,1000,7,500,672,no,86,-2000
2025-05-22T19:05:09.665773,KXBTCD-25MAY2223-T111999.99,DELTA,5,1000,7,500,673,no,89,-1000
2025-05-22T19:05:09.787874,KXBTCD-25MAY2223-T111999.99,DELTA,5,1000,7,500,674,no,87,-1250
2025-05-22T19:05:09.789084,KXBTCD-25MAY2223-T111999.99,DELTA,5,1000,7,500,675,no,86,1250
2025-05-22T19:05:09.790154,KXBTCD-25MAY2223-T111999.99,DELTA,5,1000,7,500,676,no,85,2000
2025-05-22T19:05:10.508786,KXBTCD-25MAY2223-T111999.99,DELTA,5,1000,7,500,677,no,87,1000
2025-05-22T19:05:10.781398,KXBTCD-25MAY2223-T111999.99,DELTA,5,1000,7,500,678,no,85,-2000
2025-05-22T19:05:10.782390,KXBTCD-25MAY2223-T111999.99,DELTA,5,1000,7,500,679,no,87,-1000
2025-05-22T19:05:10.783023,KXBTCD-25MAY2223-T111999.99,DELTA,5,1000,7,500,680,no,86,-1250
2025-05-22T19:05:10.871289,KXBTCD-25MAY2223-T111999.99,DELTA,5,1000,7,500,681,no,87,1250
2025-05-22T19:05:10.872300,KXBTCD-25MAY2223-T111999.99,DELTA,5,1000,7,500,682,no,86,2000
2025-05-22T19:05:10.907066,KXBTCD-25MAY2223-T111999.99,DELTA,5,1000,7,500,683,no,89,1000
2025-05-22T19:05:11.866493,KXBTCD-25MAY2223-T111999.99,DELTA,5,1000,7,447,684,no,93,-53
2025-05-22T19:05:13.126004,KXBTCD-25MAY2223-T111999.99,DELTA,5,1000,7,447,685,no,6,-5400
2025-05-22T19:05:13.127252,KXBTCD-25MAY2223-T111999.99,DELTA,5,1000,7,447,686,no,8,4050
2025-05-22T19:05:13.305233,KXBTCD-25MAY2223-T111999.99,DELTA,5,1000,7,447,687,no,7,-20000
2025-05-22T19:05:13.428217,KXBTCD-25MAY2223-T111999.99,DELTA,5,1000,7,447,688,no,89,-100
2025-05-22T19:05:13.446831,KXBTCD-25MAY2223-T111999.99,DELTA,5,1000,7,447,689,yes,4,-100
2025-05-22T19:05:13.507512,KXBTCD-25MAY2223-T111999.99,DELTA,3,80000,7,447,690,yes,5,-1000
2025-05-22T19:05:13.508307,KXBTCD-25MAY2223-T111999.99,DELTA,3,80000,7,447,691,no,89,-1000
2025-05-22T19:05:13.565830,KXBTCD-25MAY2223-T111999.99,DELTA,3,80000,7,447,692,no,87,1000
2025-05-22T19:05:13.688781,KXBTCD-25MAY2223-T111999.99,DELTA,3,80000,7,447,693,no,9,20000
2025-05-22T19:05:13.904952,KXBTCD-25MAY2223-T111999.99,DELTA,3,80000,7,447,694,yes,2,1000
2025-05-22T19:05:14.024640,KXBTCD-25MAY2223-T111999.99,DELTA,3,80000,7,447,695,no,88,9
2025-05-22T19:05:15.037887,KXBTCD-25MAY2223-T111999.99,DELTA,3,80000,7,447,696,yes,2,100
2025-05-22T19:05:15.039363,KXBTCD-25MAY2223-T111999.99,DELTA,3,80000,7,447,697,no,89,100
2025-05-22T19:05:15.040313,KXBTCD-25MAY2223-T111999.99,DELTA,3,80000,7,447,698,yes,2,-1000
2025-05-22T19:05:15.045087,KXBTCD-25MAY2223-T111999.99,DELTA,3,80000,7,447,699,no,87,-1000
2025-05-22T19:05:15.066074,KXBTCD-25MAY2223-T111999.99,DELTA,3,81000,7,447,700,yes,3,1000
2025-05-22T19:05:15.085335,KXBTCD-25MAY2223-T111999.99,DELTA,3,81000,7,447,701,no,89,1000
2025-05-22T19:05:15.544466,KXBTCD-25MAY2223-T111999.99,DELTA,3,81000,7,447,702,yes,2,-100
2025-05-22T19:05:15.606874,KXBTCD-25MAY2223-T111999.99,DELTA,3,80000,7,447,703,yes,3,-1000
2025-05-22T19:05:15.646146,KXBTCD-25MAY2223-T111999.99,DELTA,3,80000,7,447,704,yes,2,1000
2025-05-22T19:05:15.965226,KXBTCD-25MAY2223-T111999.99,DELTA,3,80000,7,447,705,no,8,-4050
2025-05-22T19:05:15.966423,KXBTCD-25MAY2223-T111999.99,DELTA,3,80000,7,447,706,no,10,3240
2025-05-22T19:05:16.026320,KXBTCD-25MAY2223-T111999.99,DELTA,3,80000,7,447,707,no,9,-20000
2025-05-22T19:05:16.065942,KXBTCD-25MAY2223-T111999.99,DELTA,3,80000,7,447,708,no,11,20000
2025-05-22T19:05:16.086408,KXBTCD-25MAY2223-T111999.99,DELTA,3,80000,7,447,709,no,88,-9
2025-05-22T19:05:16.504714,KXBTCD-25MAY2223-T111999.99,DELTA,3,80000,7,447,710,no,89,-100
2025-05-22T19:05:16.564992,KXBTCD-25MAY2223-T111999.99,DELTA,3,80000,7,447,711,no,89,-1000
2025-05-22T19:05:16.625341,KXBTCD-25MAY2223-T111999.99,DELTA,3,80000,7,447,712,no,87,1000
2025-05-22T19:05:16.947788,KXBTCD-25MAY2223-T111999.99,DELTA,3,80000,7,447,713,yes,2,100
2025-05-22T19:05:17.007574,KXBTCD-25MAY2223-T111999.99,DELTA,3,80000,7,447,714,yes,2,-1000
2025-05-22T19:05:17.065096,KXBTCD-25MAY2223-T111999.99,DELTA,3,81000,7,447,715,yes,3,1000
2025-05-22T19:05:17.066149,KXBTCD-25MAY2223-T111999.99,DELTA,3,81000,7,447,716,no,88,9
2025-05-22T19:05:17.146468,KXBTCD-25MAY2223-T111999.99,DELTA,3,81000,7,447,717,no,10,-3240
2025-05-22T19:05:17.147722,KXBTCD-25MAY2223-T111999.99,DELTA,3,81000,7,447,718,no,12,2700
2025-05-22T19:05:17.205089,KXBTCD-25MAY2223-T111999.99,DELTA,3,81000,7,447,719,yes,2,-100
2025-05-22T19:05:17.206277,KXBTCD-25MAY2223-T111999.99,DELTA,3,81000,7,447,720,no,11,-20000
2025-05-22T19:05:17.285109,KXBTCD-25MAY2223-T111999.99,DELTA,3,80000,7,447,721,yes,3,-1000
2025-05-22T19:05:17.345181,KXBTCD-25MAY2223-T111999.99,DELTA,3,80000,7,447,722,yes,2,1000
2025-05-22T19:05:18.307367,KXBTCD-25MAY2223-T111999.99,DELTA,3,80000,7,447,723,no,12,-2700
2025-05-22T19:05:18.308587,KXBTCD-25MAY2223-T111999.99,DELTA,3,80000,7,447,724,no,4,8100
2025-05-22T19:05:18.365993,KXBTCD-25MAY2223-T111999.99,DELTA,3,80000,7,447,725,no,5,20000
2025-05-22T19:05:18.406730,KXBTCD-25MAY2223-T111999.99,DELTA,3,80000,7,447,726,no,89,100
2025-05-22T19:05:18.465814,KXBTCD-25MAY2223-T111999.99,DELTA,3,80000,7,447,727,no,87,-1000
2025-05-22T19:05:18.506634,KXBTCD-25MAY2223-T111999.99,DELTA,3,80000,7,447,728,no,89,1000
2025-05-22T19:05:19.424590,KXBTCD-25MAY2223-T111999.99,DELTA,3,80000,7,447,729,no,4,-8100
2025-05-22T19:05:19.425211,KXBTCD-25MAY2223-T111999.99,DELTA,3,80000,7,447,730,no,6,5400
2025-05-22T19:05:19.526594,KXBTCD-25MAY2223-T111999.99,DELTA,3,80100,7,447,731,yes,3,100
2025-05-22T19:05:19.545458,KXBTCD-25MAY2223-T111999.99,DELTA,3,80100,7,447,732,no,88,-9
2025-05-22T19:05:19.585101,KXBTCD-25MAY2223-T111999.99,DELTA,3,80100,7,447,733,yes,2,-1000
2025-05-22T19:05:19.647554,KXBTCD-25MAY2223-T111999.99,DELTA,4,1000,7,447,734,yes,4,1000
2025-05-22T19:05:19.648421,KXBTCD-25MAY2223-T111999.99,DELTA,4,1000,7,447,735,no,5,-20000
2025-05-22T19:05:19.706005,KXBTCD-25MAY2223-T111999.99,DELTA,4,1000,7,447,736,no,7,20000
2025-05-22T19:05:20.546167,KXBTCD-25MAY2223-T111999.99,DELTA,4,1000,7,447,737,no,6,-5400
2025-05-22T19:05:20.547318,KXBTCD-25MAY2223-T111999.99,DELTA,4,1000,7,447,738,no,8,4050
2025-05-22T19:05:21.246971,KXBTCD-25MAY2223-T111999.99,DELTA,4,1000,7,447,739,no,7,-20000
2025-05-22T19:05:21.525427,KXBTCD-25MAY2223-T111999.99,DELTA,4,1000,7,447,740,no,9,20000
2025-05-22T19:05:26.346197,KXBTCD-25MAY2223-T111999.99,DELTA,4,1000,7,447,741,no,8,-4050
2025-05-22T19:05:26.346919,KXBTCD-25MAY2223-T111999.99,DELTA,4,1000,7,447,742,no,10,3240
2025-05-22T19:05:26.445668,KXBTCD-25MAY2223-T111999.99,DELTA,4,1000,7,447,743,no,9,-20000
2025-05-22T19:05:26.465707,KXBTCD-25MAY2223-T111999.99,DELTA,4,1000,7,447,744,no,11,20000
2025-05-22T19:05:28.926974,KXBTCD-25MAY2223-T111999.99,DELTA,4,1000,7,447,745,no,10,-3240
2025-05-22T19:05:28.927667,KXBTCD-25MAY2223-T111999.99,DELTA,4,1000,7,447,746,no,12,2700
2025-05-22T19:05:28.984664,KXBTCD-25MAY2223-T111999.99,DELTA,4,1000,7,447,747,no,11,-20000
2025-05-22T19:05:30.127060,KXBTCD-25MAY2223-T111999.99,DELTA,4,1000,7,447,748,no,12,-2700
2025-05-22T19:05:30.127864,KXBTCD-25MAY2223-T111999.99,DELTA,4,1000,7,447,749,no,4,8100
2025-05-22T19:05:30.187674,KXBTCD-25MAY2223-T111999.99,DELTA,4,1000,7,447,750,no,5,20000
2025-05-22T19:05:31.427049,KXBTCD-25MAY2223-T111999.99,DELTA,4,1000,7,447,751,no,4,-8100
2025-05-22T19:05:31.428079,KXBTCD-25MAY2223-T111999.99,DELTA,4,1000,7,447,752,no,6,5400
2025-05-22T19:05:31.485097,KXBTCD-25MAY2223-T111999.99,DELTA,4,1000,7,447,753,no,5,-20000
2025-05-22T19:05:31.525639,KXBTCD-25MAY2223-T111999.99,DELTA,4,1000,7,447,754,no,7,20000
2025-05-22T19:05:32.707662,KXBTCD-25MAY2223-T111999.99,DELTA,4,1000,7,447,755,no,6,-5400
2025-05-22T19:05:32.708823,KXBTCD-25MAY2223-T111999.99,DELTA,4,1000,7,447,756,no,8,4050
2025-05-22T19:05:32.764962,KXBTCD-25MAY2223-T111999.99,DELTA,4,1000,7,447,757,no,7,-20000
2025-05-22T19:05:32.825490,KXBTCD-25MAY2223-T111999.99,DELTA,4,1000,7,447,758,no,9,20000
2025-05-22T19:05:33.825635,KXBTCD-25MAY2223-T111999.99,DELTA,4,1000,7,447,759,no,8,-4050
2025-05-22T19:05:33.826516,KXBTCD-25MAY2223-T111999.99,DELTA,4,1000,7,447,760,no,10,3240
2025-05-22T19:05:33.884993,KXBTCD-25MAY2223-T111999.99,DELTA,4,1000,7,447,761,no,9,-20000
2025-05-22T19:05:33.925116,KXBTCD-25MAY2223-T111999.99,DELTA,4,1000,7,447,762,no,11,20000
2025-05-22T19:05:34.586159,KXBTCD-25MAY2223-T111999.99,DELTA,4,1000,7,447,763,no,89,-100
2025-05-22T19:05:34.726375,KXBTCD-25MAY2223-T111999.99,DELTA,4,1000,7,447,764,no,89,-1000
2025-05-22T19:05:34.765273,KXBTCD-25MAY2223-T111999.99,DELTA,4,1000,7,447,765,no,87,1000
2025-05-22T19:05:35.065104,KXBTCD-25MAY2223-T111999.99,DELTA,4,1000,7,447,766,yes,1,-400
2025-05-22T19:05:35.065985,KXBTCD-25MAY2223-T111999.99,DELTA,4,1000,13,2250,767,no,93,-447
2025-05-22T19:05:35.147907,KXBTCD-25MAY2223-T111999.99,DELTA,4,1000,13,2250,768,yes,2,-2000
2025-05-22T19:05:35.165633,KXBTCD-25MAY2223-T111999.99,DELTA,4,1000,13,2250,769,yes,2,-1250
2025-05-22T19:05:35.205009,KXBTCD-25MAY2223-T111999.99,DELTA,4,1000,12,250,770,no,88,250
2025-05-22T19:05:35.205777,KXBTCD-25MAY2223-T111999.99,DELTA,4,1000,12,250,771,no,78,-250
2025-05-22T19:05:35.286386,KXBTCD-25MAY2223-T111999.99,DELTA,4,1000,12,250,772,no,87,-1000
2025-05-22T19:05:35.345155,KXBTCD-25MAY2223-T111999.99,DELTA,4,1000,11,1000,773,no,89,1000
2025-05-22T19:05:35.566427,KXBTCD-25MAY2223-T111999.99,DELTA,4,1000,10,100,774,no,90,100
2025-05-22T19:05:39.387398,KXBTCD-25MAY2223-T111999.99,DELTA,4,1000,10,100,775,no,86,-2000
2025-05-22T19:05:39.425763,KXBTCD-25MAY2223-T111999.99,DELTA,4,1000,10,100,776,no,87,2000
2025-05-22T19:05:39.725485,KXBTCD-25MAY2223-T111999.99,DELTA,4,1000,10,100,777,no,10,-3240
2025-05-22T19:05:39.726278,KXBTCD-25MAY2223-T111999.99,DELTA,4,1000,10,100,778,no,12,2700
2025-05-22T19:05:39.785758,KXBTCD-25MAY2223-T111999.99,DELTA,4,1000,10,100,779,no,11,-20000
2025-05-22T19:05:40.085573,KXBTCD-25MAY2223-T111999.99,DELTA,4,1000,10,100,780,no,89,-1000
2025-05-22T19:05:40.086084,KXBTCD-25MAY2223-T111999.99,DELTA,4,1000,10,100,781,no,87,-1250
2025-05-22T19:05:40.145440,KXBTCD-25MAY2223-T111999.99,DELTA,4,1000,10,1100,782,no,90,1000
2025-05-22T19:05:40.245677,KXBTCD-25MAY2223-T111999.99,DELTA,4,1000,10,1100,783,no,88,1250
2025-05-22T19:05:41.556751,KXBTCD-25MAY2223-T111999.99,DELTA,4,1000,10,1100,784,no,87,-2000
2025-05-22T19:05:41.565199,KXBTCD-25MAY2223-T111999.99,DELTA,4,1000,10,100,785,no,90,-1000
2025-05-22T19:05:41.565979,KXBTCD-25MAY2223-T111999.99,DELTA,4,1000,10,100,786,no,88,-1250
2025-05-22T19:05:41.645680,KXBTCD-25MAY2223-T111999.99,DELTA,4,1000,10,100,787,no,89,1000
2025-05-22T19:05:41.646420,KXBTCD-25MAY2223-T111999.99,DELTA,4,1000,10,100,788,no,87,1250
2025-05-22T19:05:41.646838,KXBTCD-25MAY2223-T111999.99,DELTA,4,1000,10,100,789,no,86,2000
2025-05-22T19:05:42.404592,KXBTCD-25MAY2223-T111999.99,DELTA,4,1000,10,100,790,no,12,-2700
2025-05-22T19:05:42.405069,KXBTCD-25MAY2223-T111999.99,DELTA,4,1000,10,100,791,no,4,8100
2025-05-22T19:05:42.465292,KXBTCD-25MAY2223-T111999.99,DELTA,4,1000,10,100,792,no,5,20000
2025-05-22T19:05:43.005544,KXBTCD-25MAY2223-T111999.99,DELTA,4,1000,10,100,793,no,86,-2000
2025-05-22T19:05:43.006345,KXBTCD-25MAY2223-T111999.99,DELTA,4,1000,10,100,794,no,89,-1000
2025-05-22T19:05:43.025397,KXBTCD-25MAY2223-T111999.99,DELTA,4,1000,10,100,795,no,87,-1250
2025-05-22T19:05:43.087611,KXBTCD-25MAY2223-T111999.99,DELTA,4,1000,10,100,796,no,88,1250
2025-05-22T19:05:43.088139,KXBTCD-25MAY2223-T111999.99,DELTA,4,1000,10,100,797,no,87,2000
2025-05-22T19:05:43.088478,KXBTCD-25MAY2223-T111999.99,DELTA,4,1000,10,1100,798,no,90,1000
2025-05-22T19:05:43.153541,KXBTCD-25MAY2223-T111999.99,DELTA,4,1000,10,1100,799,no,88,-250
2025-05-22T19:05:43.154580,KXBTCD-25MAY2223-T111999.99,DELTA,4,1000,10,1100,800,no,78,250
2025-05-22T19:05:43.286797,KXBTCD-25MAY2223-T111999.99,DELTA,4,1000,10,1100,801,no,78,-250
2025-05-22T19:05:43.287598,KXBTCD-25MAY2223-T111999.99,DELTA,4,1000,10,1100,802,no,88,250
2025-05-22T19:05:43.503898,KXBTCD-25MAY2223-T111999.99,DELTA,4,1000,10,1100,803,no,88,-1250
2025-05-22T19:05:43.546703,KXBTCD-25MAY2223-T111999.99,DELTA,4,1000,10,1100,804,no,88,1250
2025-05-22T19:05:43.585823,KXBTCD-25MAY2223-T111999.99,DELTA,4,1000,10,1100,805,no,4,-8100
2025-05-22T19:05:43.585957,KXBTCD-25MAY2223-T111999.99,DELTA,4,1000,10,1100,806,no,6,5400
2025-05-22T19:05:43.665473,KXBTCD-25MAY2223-T111999.99,DELTA,4,1000,10,1100,807,no,5,-20000
2025-05-22T19:05:44.286036,KXBTCD-25MAY2223-T111999.99,DELTA,4,1000,10,1100,808,no,7,20000
2025-05-22T19:05:44.745787,KXBTCD-25MAY2223-T111999.99,DELTA,4,1000,10,1100,809,no,6,-5400
2025-05-22T19:05:44.746595,KXBTCD-25MAY2223-T111999.99,DELTA,4,1000,10,1100,810,no,8,4050
2025-05-22T19:05:44.805752,KXBTCD-25MAY2223-T111999.99,DELTA,4,1000,10,1100,811,no,7,-20000
2025-05-22T19:05:44.865566,KXBTCD-25MAY2223-T111999.99,DELTA,4,1000,10,1100,812,no,9,20000
2025-05-22T19:05:45.945323,KXBTCD-25MAY2223-T111999.99,DELTA,4,1000,10,1100,813,no,8,-4050
2025-05-22T19:05:45.945860,KXBTCD-25MAY2223-T111999.99,DELTA,4,1000,10,1100,814,no,10,3240
2025-05-22T19:05:46.006016,KXBTCD-25MAY2223-T111999.99,DELTA,4,1000,10,1100,815,no,9,-20000
2025-05-22T19:05:46.046716,KXBTCD-25MAY2223-T111999.99,DELTA,4,1000,10,1100,816,no,11,20000
2025-05-22T19:05:47.125821,KXBTCD-25MAY2223-T111999.99,DELTA,4,1000,10,1100,817,no,10,-3240
2025-05-22T19:05:47.126671,KXBTCD-25MAY2223-T111999.99,DELTA,4,1000,10,1100,818,no,12,2700
2025-05-22T19:05:47.188784,KXBTCD-25MAY2223-T111999.99,DELTA,4,1000,10,1100,819,no,11,-20000
2025-05-22T19:05:49.245479,KXBTCD-25MAY2223-T111999.99,DELTA,4,1000,10,1100,820,no,87,-2000
2025-05-22T19:05:49.265898,KXBTCD-25MAY2223-T111999.99,DELTA,4,1000,10,100,821,no,90,-1000
2025-05-22T19:05:49.266797,KXBTCD-25MAY2223-T111999.99,DELTA,4,1000,10,100,822,no,88,-1250
2025-05-22T19:05:49.306498,KXBTCD-25MAY2223-T111999.99,DELTA,4,1000,10,100,823,no,86,2000
2025-05-22T19:05:49.307579,KXBTCD-25MAY2223-T111999.99,DELTA,4,1000,10,100,824,no,87,1250
2025-05-22T19:05:49.308378,KXBTCD-25MAY2223-T111999.99,DELTA,4,1000,10,100,825,no,89,1000
2025-05-22T19:05:51.491682,KXBTCD-25MAY2223-T111999.99,DELTA,4,1000,10,100,826,no,86,-2000
2025-05-22T19:05:51.492409,KXBTCD-25MAY2223-T111999.99,DELTA,4,1000,10,100,827,no,89,-1000
2025-05-22T19:05:51.493080,KXBTCD-25MAY2223-T111999.99,DELTA,4,1000,10,100,828,no,87,-1250
2025-05-22T19:05:51.505160,KXBTCD-25MAY2223-T111999.99,DELTA,4,1000,10,1100,829,no,90,1000
2025-05-22T19:05:51.507613,KXBTCD-25MAY2223-T111999.99,DELTA,4,1000,10,1100,830,no,88,1250
2025-05-22T19:05:51.507950,KXBTCD-25MAY2223-T111999.99,DELTA,4,1000,10,1100,831,no,87,2000
2025-05-22T19:05:51.769932,KXBTCD-25MAY2223-T111999.99,DELTA,4,1000,10,1100,832,no,12,-2700
2025-05-22T19:05:51.770883,KXBTCD-25MAY2223-T111999.99,DELTA,4,1000,10,1100,833,no,4,8100
2025-05-22T19:05:51.825546,KXBTCD-25MAY2223-T111999.99,DELTA,4,1000,10,1100,834,no,5,20000
2025-05-22T19:05:54.464728,KXBTCD-25MAY2223-T111999.99,DELTA,4,1000,10,1100,835,no,4,-8100
2025-05-22T19:05:54.465479,KXBTCD-25MAY2223-T111999.99,DELTA,4,1000,10,1100,836,no,6,5400
2025-05-22T19:05:54.549564,KXBTCD-25MAY2223-T111999.99,DELTA,4,1000,10,1100,837,no,5,-20000
2025-05-22T19:05:54.589759,KXBTCD-25MAY2223-T111999.99,DELTA,4,1000,10,1100,838,no,7,20000
2025-05-22T19:05:55.644961,KXBTCD-25MAY2223-T111999.99,DELTA,4,1000,10,1100,839,no,6,-5400
2025-05-22T19:05:55.646031,KXBTCD-25MAY2223-T111999.99,DELTA,4,1000,10,1100,840,no,8,4050
2025-05-22T19:05:55.707815,KXBTCD-25MAY2223-T111999.99,DELTA,4,1000,10,1100,841,no,7,-20000
2025-05-22T19:05:55.744717,KXBTCD-25MAY2223-T111999.99,DELTA,4,1000,10,1100,842,no,9,20000
2025-05-22T19:05:56.783955,KXBTCD-25MAY2223-T111999.99,DELTA,4,1000,10,1100,843,no,8,-4050
2025-05-22T19:05:56.784826,KXBTCD-25MAY2223-T111999.99,DELTA,4,1000,10,1100,844,no,10,3240
2025-05-22T19:05:56.865962,KXBTCD-25MAY2223-T111999.99,DELTA,4,1000,10,1100,845,no,9,-20000
2025-05-22T19:05:56.885215,KXBTCD-25MAY2223-T111999.99,DELTA,4,1000,10,1100,846,no,11,20000
2025-05-22T19:05:58.006481,KXBTCD-25MAY2223-T111999.99,DELTA,4,1000,10,1100,847,no,10,-3240
2025-05-22T19:05:58.007539,KXBTCD-25MAY2223-T111999.99,DELTA,4,1000,10,1100,848,no,12,2700
2025-05-22T19:05:58.066962,KXBTCD-25MAY2223-T111999.99,DELTA,4,1000,10,1100,849,no,11,-20000
2025-05-22T19:05:59.224760,KXBTCD-25MAY2223-T111999.99,DELTA,4,1000,10,1100,850,no,12,-2700
2025-05-22T19:05:59.225668,KXBTCD-25MAY2223-T111999.99,DELTA,4,1000,10,1100,851,no,4,8100
2025-05-22T19:05:59.285616,KXBTCD-25MAY2223-T111999.99,DELTA,4,1000,10,1100,852,no,5,20000
2025-05-22T19:06:01.325468,KXBTCD-25MAY2223-T111999.99,DELTA,4,1000,10,1350,853,no,90,250
2025-05-22T19:06:01.329080,KXBTCD-25MAY2223-T111999.99,DELTA,4,1000,10,1350,854,no,80,-250
2025-05-22T19:06:01.330983,KXBTCD-25MAY2223-T111999.99,DELTA,4,1000,8,250,855,no,92,250
2025-05-22T19:06:01.344661,KXBTCD-25MAY2223-T111999.99,DELTA,4,1000,8,250,856,no,82,-250
2025-05-22T19:06:05.007051,KXBTCD-25MAY2223-T111999.99,DELTA,4,1000,8,250,857,no,4,-8100
2025-05-22T19:06:05.008641,KXBTCD-25MAY2223-T111999.99,DELTA,4,1000,8,250,858,no,6,5400
2025-05-22T19:06:05.085482,KXBTCD-25MAY2223-T111999.99,DELTA,4,1000,8,250,859,no,5,-20000
2025-05-22T19:06:05.126755,KXBTCD-25MAY2223-T111999.99,DELTA,4,1000,8,250,860,no,7,20000
2025-05-22T19:06:07.385591,KXBTCD-25MAY2223-T111999.99,DELTA,4,1000,8,250,861,no,90,-100
2025-05-22T19:06:07.386690,KXBTCD-25MAY2223-T111999.99,DELTA,4,1000,8,250,862,yes,3,-100
2025-05-22T19:06:07.444823,KXBTCD-25MAY2223-T111999.99,DELTA,3,80000,8,250,863,yes,4,-1000
2025-05-22T19:06:07.726081,KXBTCD-25MAY2223-T111999.99,DELTA,3,80000,8,250,864,no,6,-5400
2025-05-22T19:06:07.727361,KXBTCD-25MAY2223-T111999.99,DELTA,3,80000,8,250,865,no,8,4050
2025-05-22T19:06:07.787740,KXBTCD-25MAY2223-T111999.99,DELTA,3,80000,8,250,866,no,7,-20000
2025-05-22T19:06:07.825107,KXBTCD-25MAY2223-T111999.99,DELTA,3,80000,8,250,867,no,9,20000
2025-05-22T19:06:08.484882,KXBTCD-25MAY2223-T111999.99,DELTA,3,80000,8,250,868,yes,1,100
2025-05-22T19:06:08.504070,KXBTCD-25MAY2223-T111999.99,DELTA,3,80000,8,250,869,no,91,100
2025-05-22T19:06:08.544884,KXBTCD-25MAY2223-T111999.99,DELTA,3,80000,8,250,870,yes,2,1000
2025-05-22T19:06:08.904872,KXBTCD-25MAY2223-T111999.99,DELTA,3,80000,8,250,871,no,8,-4050
2025-05-22T19:06:08.906009,KXBTCD-25MAY2223-T111999.99,DELTA,3,80000,8,250,872,no,10,3240
2025-05-22T19:06:08.964669,KXBTCD-25MAY2223-T111999.99,DELTA,3,80000,8,250,873,no,9,-20000
2025-05-22T19:06:09.004480,KXBTCD-25MAY2223-T111999.99,DELTA,3,80000,8,250,874,no,11,20000
2025-05-22T19:06:11.305459,KXBTCD-25MAY2223-T111999.99,DELTA,3,80000,8,250,875,no,10,-3240
2025-05-22T19:06:11.306203,KXBTCD-25MAY2223-T111999.99,DELTA,3,80000,8,250,876,no,12,2700
2025-05-22T19:06:11.365200,KXBTCD-25MAY2223-T111999.99,DELTA,3,80000,8,250,877,no,11,-20000
2025-05-22T19:06:12.463991,KXBTCD-25MAY2223-T111999.99,DELTA,3,80000,8,250,878,no,12,-2700
2025-05-22T19:06:12.464194,KXBTCD-25MAY2223-T111999.99,DELTA,3,80000,8,250,879,no,4,8100
2025-05-22T19:06:12.545364,KXBTCD-25MAY2223-T111999.99,DELTA,3,80000,8,250,880,no,5,20000
2025-05-22T19:06:16.046409,KXBTCD-25MAY2223-T111999.99,DELTA,3,80000,8,250,881,no,4,-8100
2025-05-22T19:06:16.105920,KXBTCD-25MAY2223-T111999.99,DELTA,3,80000,8,250,882,no,5,-20000
2025-05-22T19:06:20.776403,KXBTCD-25MAY2223-T111999.99,DELTA,3,80000,8,250,883,no,4,8100
2025-05-22T19:06:20.847103,KXBTCD-25MAY2223-T111999.99,DELTA,3,80000,8,250,884,no,5,20000
2025-05-22T19:06:21.604538,KXBTCD-25MAY2223-T111999.99,DELTA,3,80000,8,250,885,yes,1,-100
2025-05-22T19:06:21.666186,KXBTCD-25MAY2223-T111999.99,DELTA,3,80000,8,250,886,yes,2,-1000
2025-05-22T19:06:21.945149,KXBTCD-25MAY2223-T111999.99,DELTA,3,80000,8,250,887,no,4,-8100
2025-05-22T19:06:21.946128,KXBTCD-25MAY2223-T111999.99,DELTA,3,80000,8,250,888,no,6,5400
2025-05-22T19:06:22.006169,KXBTCD-25MAY2223-T111999.99,DELTA,3,80000,8,250,889,no,5,-20000
2025-05-22T19:06:22.045988,KXBTCD-25MAY2223-T111999.99,DELTA,3,80000,8,250,890,no,7,20000
2025-05-22T19:06:22.415928,KXBTCD-25MAY2223-T111999.99,DELTA,,0,8,250,891,yes,3,-80000
2025-05-22T19:06:22.416230,KXBTCD-25MAY2223-T111999.99,DELTA,,0,8,250,892,no,87,-2000
2025-05-22T19:06:22.416584,KXBTCD-25MAY2223-T111999.99,DELTA,,0,8,250,893,no,90,-1000
2025-05-22T19:06:22.416753,KXBTCD-25MAY2223-T111999.99,DELTA,,0,8,250,894,no,88,-1250
2025-05-22T19:06:22.443637,KXBTCD-25MAY2223-T111999.99,DELTA,,0,8,250,895,no,88,2000
2025-05-22T19:06:22.443811,KXBTCD-25MAY2223-T111999.99,DELTA,2,80000,8,250,896,yes,2,80000
2025-05-22T19:06:22.443903,KXBTCD-25MAY2223-T111999.99,DELTA,2,80000,8,250,897,no,91,1000
2025-05-22T19:06:22.443985,KXBTCD-25MAY2223-T111999.99,DELTA,2,80000,8,250,898,no,89,1250
2025-05-22T19:06:22.685292,KXBTCD-25MAY2223-T111999.99,DELTA,2,80100,8,250,899,yes,2,100
2025-05-22T19:06:22.745075,KXBTCD-25MAY2223-T111999.99,DELTA,3,1000,8,250,900,yes,3,1000
2025-05-22T19:06:23.064481,KXBTCD-25MAY2223-T111999.99,DELTA,3,1000,8,250,901,no,6,-5400
2025-05-22T19:06:23.065682,KXBTCD-25MAY2223-T111999.99,DELTA,3,1000,8,250,902,no,8,4050
2025-05-22T19:06:23.125031,KXBTCD-25MAY2223-T111999.99,DELTA,3,1000,8,250,903,no,7,-20000
2025-05-22T19:06:23.164566,KXBTCD-25MAY2223-T111999.99,DELTA,3,1000,8,250,904,no,9,20000
2025-05-22T19:06:24.185329,KXBTCD-25MAY2223-T111999.99,DELTA,3,1000,8,250,905,no,8,-4050
2025-05-22T19:06:24.186519,KXBTCD-25MAY2223-T111999.99,DELTA,3,1000,8,250,906,no,10,3240
2025-05-22T19:06:24.245800,KXBTCD-25MAY2223-T111999.99,DELTA,3,1000,8,250,907,no,9,-20000
2025-05-22T19:06:24.286045,KXBTCD-25MAY2223-T111999.99,DELTA,3,1000,8,250,908,no,11,20000
2025-05-22T19:06:25.144462,KXBTCD-25MAY2223-T111999.99,DELTA,3,1000,8,250,909,yes,2,-80000
2025-05-22T19:06:25.167001,KXBTCD-25MAY2223-T111999.99,DELTA,3,1000,8,250,910,no,88,-2000
2025-05-22T19:06:25.167264,KXBTCD-25MAY2223-T111999.99,DELTA,3,1000,8,250,911,no,91,-1000
2025-05-22T19:06:25.185787,KXBTCD-25MAY2223-T111999.99,DELTA,3,1000,8,250,912,no,89,-1250
2025-05-22T19:06:25.245051,KXBTCD-25MAY2223-T111999.99,DELTA,3,1000,8,250,913,no,88,1250
2025-05-22T19:06:25.245738,KXBTCD-25MAY2223-T111999.99,DELTA,3,1000,8,250,914,no,90,1000
2025-05-22T19:06:25.246264,KXBTCD-25MAY2223-T111999.99,DELTA,3,1000,8,250,915,no,87,2000
2025-05-22T19:06:25.246599,KXBTCD-25MAY2223-T111999.99,DELTA,3,81000,8,250,916,yes,3,80000
2025-05-22T19:06:25.285032,KXBTCD-25MAY2223-T111999.99,DELTA,3,81000,8,250,917,no,10,-3240
2025-05-22T19:06:25.285557,KXBTCD-25MAY2223-T111999.99,DELTA,3,81000,8,250,918,no,12,2700
2025-05-22T19:06:25.306519,KXBTCD-25MAY2223-T111999.99,DELTA,3,81000,8,250,919,no,82,250
2025-05-22T19:06:25.307184,KXBTCD-25MAY2223-T111999.99,DELTA,3,81000,9,100,920,no,92,-250
2025-05-22T19:06:25.344997,KXBTCD-25MAY2223-T111999.99,DELTA,3,81000,9,100,921,no,11,-20000
2025-05-22T19:06:25.385250,KXBTCD-25MAY2223-T111999.99,DELTA,3,81000,8,250,922,no,92,250
2025-05-22T19:06:25.386077,KXBTCD-25MAY2223-T111999.99,DELTA,3,81000,8,250,923,no,82,-250
2025-05-22T19:06:32.069022,KXBTCD-25MAY2223-T111999.99,DELTA,3,81000,8,250,924,no,12,-2700
2025-05-22T19:06:32.069942,KXBTCD-25MAY2223-T111999.99,DELTA,3,81000,8,250,925,no,4,8100
2025-05-22T19:06:32.125391,KXBTCD-25MAY2223-T111999.99,DELTA,3,81000,8,250,926,no,5,20000
2025-05-22T19:06:34.544374,KXBTCD-25MAY2223-T111999.99,DELTA,3,81000,8,250,927,no,4,-8100
2025-05-22T19:06:34.545178,KXBTCD-25MAY2223-T111999.99,DELTA,3,81000,8,250,928,no,6,5400
2025-05-22T19:06:34.605924,KXBTCD-25MAY2223-T111999.99,DELTA,3,81000,8,250,929,no,5,-20000
2025-05-22T19:06:34.644296,KXBTCD-25MAY2223-T111999.99,DELTA,3,81000,8,250,930,no,7,20000
2025-05-22T19:06:35.683969,KXBTCD-25MAY2223-T111999.99,DELTA,3,81000,8,250,931,no,6,-5400
2025-05-22T19:06:35.685073,KXBTCD-25MAY2223-T111999.99,DELTA,3,81000,8,250,932,no,8,4050
2025-05-22T19:06:35.745332,KXBTCD-25MAY2223-T111999.99,DELTA,3,81000,8,250,933,no,7,-20000
2025-05-22T19:06:35.804384,KXBTCD-25MAY2223-T111999.99,DELTA,3,81000,8,250,934,no,9,20000
2025-05-22T19:06:36.843369,KXBTCD-25MAY2223-T111999.99,DELTA,3,81000,8,250,935,no,8,-4050
2025-05-22T19:06:36.844802,KXBTCD-25MAY2223-T111999.99,DELTA,3,81000,8,250,936,no,10,3240
2025-05-22T19:06:36.966157,KXBTCD-25MAY2223-T111999.99,DELTA,3,81000,8,250,937,no,9,-20000
2025-05-22T19:06:37.025901,KXBTCD-25MAY2223-T111999.99,DELTA,3,81000,8,250,938,no,11,20000
2025-05-22T19:06:37.949906,KXBTCD-25MAY2223-T111999.99,DELTA,3,81000,8,250,939,no,10,-3240
2025-05-22T19:06:37.951133,KXBTCD-25MAY2223-T111999.99,DELTA,3,81000,8,250,940,no,12,2700
2025-05-22T19:06:38.004383,KXBTCD-25MAY2223-T111999.99,DELTA,3,81000,8,250,941,no,11,-20000
2025-05-22T19:06:39.123649,KXBTCD-25MAY2223-T111999.99,DELTA,3,81000,8,250,942,no,12,-2700
2025-05-22T19:06:39.124840,KXBTCD-25MAY2223-T111999.99,DELTA,3,81000,8,250,943,no,4,8100
2025-05-22T19:06:39.183406,KXBTCD-25MAY2223-T111999.99,DELTA,3,81000,8,250,944,no,5,20000
2025-05-22T19:06:40.746493,KXBTCD-25MAY2223-T111999.99,DELTA,3,1000,8,250,945,yes,3,-80000
2025-05-22T19:06:40.747325,KXBTCD-25MAY2223-T111999.99,DELTA,3,1000,8,250,946,no,87,-2000
2025-05-22T19:06:40.747983,KXBTCD-25MAY2223-T111999.99,DELTA,3,1000,8,250,947,no,90,-1000
2025-05-22T19:06:40.748704,KXBTCD-25MAY2223-T111999.99,DELTA,3,1000,8,250,948,no,88,-1250
2025-05-22T19:06:40.757509,KXBTCD-25MAY2223-T111999.99,DELTA,3,1000,8,250,949,no,88,2000
2025-05-22T19:06:40.758364,KXBTCD-25MAY2223-T111999.99,DELTA,3,1000,8,250,950,yes,2,80000
2025-05-22T19:06:40.759227,KXBTCD-25MAY2223-T111999.99,DELTA,3,1000,8,250,951,no,91,1000
2025-05-22T19:06:40.759671,KXBTCD-25MAY2223-T111999.99,DELTA,3,1000,8,250,952,no,89,1250
2025-05-22T19:06:45.104639,KXBTCD-25MAY2223-T111999.99,DELTA,3,1000,8,250,953,yes,2,-80000
2025-05-22T19:06:45.126514,KXBTCD-25MAY2223-T111999.99,DELTA,3,1000,8,250,954,no,88,-2000
2025-05-22T19:06:45.127206,KXBTCD-25MAY2223-T111999.99,DELTA,3,1000,8,250,955,no,91,-1000
2025-05-22T19:06:45.146386,KXBTCD-25MAY2223-T111999.99,DELTA,3,1000,8,250,956,no,89,-1250
2025-05-22T19:06:45.204324,KXBTCD-25MAY2223-T111999.99,DELTA,3,1000,8,250,957,no,90,1000
2025-05-22T19:06:45.205059,KXBTCD-25MAY2223-T111999.99,DELTA,3,1000,8,250,958,no,87,2000
2025-05-22T19:06:45.205702,KXBTCD-25MAY2223-T111999.99,DELTA,3,81000,8,250,959,yes,3,80000
2025-05-22T19:06:45.205996,KXBTCD-25MAY2223-T111999.99,DELTA,3,81000,8,250,960,no,88,1250
2025-05-22T19:06:47.262953,KXBTCD-25MAY2223-T111999.99,DELTA,3,81000,8,250,961,yes,2,-100
2025-05-22T19:06:47.264016,KXBTCD-25MAY2223-T111999.99,DELTA,3,81000,8,250,962,no,91,-100
2025-05-22T19:06:47.324357,KXBTCD-25MAY2223-T111999.99,DELTA,3,80000,8,250,963,yes,3,-1000
2025-05-22T19:06:47.485142,KXBTCD-25MAY2223-T111999.99,DELTA,3,80000,8,250,964,no,4,-8100
2025-05-22T19:06:47.485443,KXBTCD-25MAY2223-T111999.99,DELTA,3,80000,8,250,965,no,6,5400
2025-05-22T19:06:47.544146,KXBTCD-25MAY2223-T111999.99,DELTA,3,80000,8,250,966,no,5,-20000
2025-05-22T19:06:47.583397,KXBTCD-25MAY2223-T111999.99,DELTA,3,80000,8,250,967,no,7,20000
2025-05-22T19:06:48.605095,KXBTCD-25MAY2223-T111999.99,DELTA,3,80000,8,250,968,no,6,-5400
2025-05-22T19:06:48.605494,KXBTCD-25MAY2223-T111999.99,DELTA,3,80000,8,250,969,no,8,4050
2025-05-22T19:06:48.664218,KXBTCD-25MAY2223-T111999.99,DELTA,3,80000,8,250,970,no,7,-20000
2025-05-22T19:06:48.705844,KXBTCD-25MAY2223-T111999.99,DELTA,3,80000,8,250,971,no,9,20000
2025-05-22T19:06:49.484002,KXBTCD-25MAY2223-T111999.99,DELTA,,0,8,250,972,yes,3,-80000
2025-05-22T19:06:49.567399,KXBTCD-25MAY2223-T111999.99,DELTA,,0,8,250,973,no,87,-2000
2025-05-22T19:06:49.568534,KXBTCD-25MAY2223-T111999.99,DELTA,,0,8,250,974,no,91,100
2025-05-22T19:06:49.764142,KXBTCD-25MAY2223-T111999.99,DELTA,,0,8,250,975,no,90,-1000
2025-05-22T19:06:49.884220,KXBTCD-25MAY2223-T111999.99,DELTA,,0,8,250,976,no,88,-1250
2025-05-22T19:06:50.063051,KXBTCD-25MAY2223-T111999.99,DELTA,,0,8,250,977,no,89,1250
2025-05-22T19:06:50.083816,KXBTCD-25MAY2223-T111999.99,DELTA,,0,8,250,978,no,88,2000
2025-05-22T19:06:50.083947,KXBTCD-25MAY2223-T111999.99,DELTA,,0,8,250,979,no,91,1000
2025-05-22T19:06:50.084024,KXBTCD-25MAY2223-T111999.99,DELTA,2,80000,8,250,980,yes,2,80000
2025-05-22T19:06:50.264201,KXBTCD-25MAY2223-T111999.99,DELTA,2,80000,8,250,981,no,8,-4050
2025-05-22T19:06:50.265130,KXBTCD-25MAY2223-T111999.99,DELTA,2,80000,8,250,982,no,10,3240
2025-05-22T19:06:50.385501,KXBTCD-25MAY2223-T111999.99,DELTA,2,80000,8,250,983,no,9,-20000
2025-05-22T19:06:50.565232,KXBTCD-25MAY2223-T111999.99,DELTA,2,80000,8,250,984,no,11,20000
2025-05-22T19:06:51.089041,KXBTCD-25MAY2223-T111999.99,DELTA,2,80000,8,250,985,yes,1,100
2025-05-22T19:06:51.285471,KXBTCD-25MAY2223-T111999.99,DELTA,2,81000,8,250,986,yes,2,1000
2025-05-22T19:06:51.465297,KXBTCD-25MAY2223-T111999.99,DELTA,2,81000,8,250,987,no,91,-100
2025-05-22T19:06:51.885078,KXBTCD-25MAY2223-T111999.99,DELTA,2,81000,8,250,988,no,10,-3240
2025-05-22T19:06:51.886147,KXBTCD-25MAY2223-T111999.99,DELTA,2,81000,8,250,989,no,12,2700
2025-05-22T19:06:52.065090,KXBTCD-25MAY2223-T111999.99,DELTA,2,81000,8,250,990,no,11,-20000
2025-05-22T19:06:53.364874,KXBTCD-25MAY2223-T111999.99,DELTA,2,81000,8,250,991,no,91,100
2025-05-22T19:06:53.591138,KXBTCD-25MAY2223-T111999.99,DELTA,2,81000,8,250,992,no,12,-2700
2025-05-22T19:06:53.592097,KXBTCD-25MAY2223-T111999.99,DELTA,2,81000,8,250,993,no,4,8100
2025-05-22T19:06:53.664690,KXBTCD-25MAY2223-T111999.99,DELTA,2,81000,8,250,994,no,5,20000
2025-05-22T19:06:54.304313,KXBTCD-25MAY2223-T111999.99,DELTA,2,81000,8,250,995,no,91,-100
2025-05-22T19:06:55.703969,KXBTCD-25MAY2223-T111999.99,DELTA,2,81000,8,350,996,no,92,100
2025-05-22T19:06:59.185523,KXBTCD-25MAY2223-T111999.99,DELTA,2,81000,8,350,997,no,4,-8100
2025-05-22T19:06:59.186554,KXBTCD-25MAY2223-T111999.99,DELTA,2,81000,8,350,998,no,6,5400
2025-05-22T19:06:59.245231,KXBTCD-25MAY2223-T111999.99,DELTA,2,81000,8,350,999,no,5,-20000
2025-05-22T19:06:59.285523,KXBTCD-25MAY2223-T111999.99,DELTA,2,81000,8,350,1000,no,7,20000
2025-05-22T19:07:01.947779,KXBTCD-25MAY2223-T111999.99,DELTA,2,81000,8,350,1001,no,6,-5400
2025-05-22T19:07:01.948671,KXBTCD-25MAY2223-T111999.99,DELTA,2,81000,8,350,1002,no,8,4050
2025-05-22T19:07:02.025571,KXBTCD-25MAY2223-T111999.99,DELTA,2,81000,8,350,1003,no,7,-20000
2025-05-22T19:07:02.069864,KXBTCD-25MAY2223-T111999.99,DELTA,2,81000,8,350,1004,no,9,20000
2025-05-22T19:07:03.124781,KXBTCD-25MAY2223-T111999.99,DELTA,2,81000,8,350,1005,no,8,-4050
2025-05-22T19:07:03.126112,KXBTCD-25MAY2223-T111999.99,DELTA,2,81000,8,350,1006,no,10,3240
2025-05-22T19:07:03.185974,KXBTCD-25MAY2223-T111999.99,DELTA,2,81000,8,350,1007,no,9,-20000
2025-05-22T19:07:03.245117,KXBTCD-25MAY2223-T111999.99,DELTA,2,81000,8,350,1008,no,11,20000
2025-05-22T19:07:04.326070,KXBTCD-25MAY2223-T111999.99,DELTA,2,81000,8,350,1009,no,10,-3240
2025-05-22T19:07:04.328067,KXBTCD-25MAY2223-T111999.99,DELTA,2,81000,8,350,1010,no,12,2700
2025-05-22T19:07:04.387362,KXBTCD-25MAY2223-T111999.99,DELTA,2,81000,8,350,1011,no,11,-20000
2025-05-22T19:07:05.426804,KXBTCD-25MAY2223-T111999.99,DELTA,2,81000,8,350,1012,no,12,-2700
2025-05-22T19:07:05.427911,KXBTCD-25MAY2223-T111999.99,DELTA,2,81000,8,350,1013,no,4,8100
2025-05-22T19:07:05.484620,KXBTCD-25MAY2223-T111999.99,DELTA,2,81000,8,350,1014,no,5,20000
2025-05-22T19:07:05.824477,KXBTCD-25MAY2223-T111999.99,DELTA,2,1000,8,350,1015,yes,2,-80000
2025-05-22T19:07:05.845498,KXBTCD-25MAY2223-T111999.99,DELTA,2,1000,8,350,1016,no,88,-2000
2025-05-22T19:07:05.845717,KXBTCD-25MAY2223-T111999.99,DELTA,2,1000,8,350,1017,no,91,-1000
2025-05-22T19:07:05.863239,KXBTCD-25MAY2223-T111999.99,DELTA,2,1000,8,350,1018,no,89,-1250
2025-05-22T19:07:05.945034,KXBTCD-25MAY2223-T111999.99,DELTA,2,1000,8,350,1019,no,90,1000
2025-05-22T19:07:05.945233,KXBTCD-25MAY2223-T111999.99,DELTA,3,80000,8,350,1020,yes,3,80000
2025-05-22T19:07:05.945384,KXBTCD-25MAY2223-T111999.99,DELTA,3,80000,8,350,1021,no,87,2000
2025-05-22T19:07:05.945520,KXBTCD-25MAY2223-T111999.99,DELTA,3,80000,8,350,1022,no,88,1250
2025-05-22T19:07:06.584640,KXBTCD-25MAY2223-T111999.99,DELTA,3,80000,8,350,1023,no,4,-8100
2025-05-22T19:07:06.585622,KXBTCD-25MAY2223-T111999.99,DELTA,3,80000,8,350,1024,no,6,5400
2025-05-22T19:07:06.645774,KXBTCD-25MAY2223-T111999.99,DELTA,3,80000,8,350,1025,no,5,-20000
2025-05-22T19:07:06.684606,KXBTCD-25MAY2223-T111999.99,DELTA,3,80000,8,350,1026,no,7,20000
2025-05-22T19:07:09.425503,KXBTCD-25MAY2223-T111999.99,DELTA,3,80000,8,250,1027,no,92,-100
2025-05-22T19:07:09.426318,KXBTCD-25MAY2223-T111999.99,DELTA,3,80000,8,250,1028,yes,1,-100
2025-05-22T19:07:09.504289,KXBTCD-25MAY2223-T111999.99,DELTA,3,80000,8,250,1029,yes,2,-1000
2025-05-22T19:07:10.954145,KXBTCD-25MAY2223-T111999.99,DELTA,3,80000,8,250,1030,yes,2,100
2025-05-22T19:07:10.955282,KXBTCD-25MAY2223-T111999.99,DELTA,3,80000,8,250,1031,no,90,100
2025-05-22T19:07:10.964091,KXBTCD-25MAY2223-T111999.99,DELTA,3,81000,8,250,1032,yes,3,1000
2025-05-22T19:07:12.344272,KXBTCD-25MAY2223-T111999.99,DELTA,3,81000,8,250,1033,no,6,-5400
2025-05-22T19:07:12.345235,KXBTCD-25MAY2223-T111999.99,DELTA,3,81000,8,250,1034,no,8,4050
2025-05-22T19:07:12.404923,KXBTCD-25MAY2223-T111999.99,DELTA,3,81000,8,250,1035,no,7,-20000
2025-05-22T19:07:12.450522,KXBTCD-25MAY2223-T111999.99,DELTA,3,81000,8,250,1036,no,9,20000
2025-05-22T19:07:14.864605,KXBTCD-25MAY2223-T111999.99,DELTA,3,81000,8,250,1037,no,8,-4050
2025-05-22T19:07:14.865647,KXBTCD-25MAY2223-T111999.99,DELTA,3,81000,8,250,1038,no,10,3240
2025-05-22T19:07:14.924174,KXBTCD-25MAY2223-T111999.99,DELTA,3,81000,8,250,1039,no,9,-20000
2025-05-22T19:07:14.964567,KXBTCD-25MAY2223-T111999.99,DELTA,3,81000,8,250,1040,no,11,20000
2025-05-22T19:07:15.804406,KXBTCD-25MAY2223-T111999.99,DELTA,3,1000,8,250,1041,yes,3,-80000
2025-05-22T19:07:15.805372,KXBTCD-25MAY2223-T111999.99,DELTA,3,1000,8,250,1042,no,87,-2000
2025-05-22T19:07:15.825206,KXBTCD-25MAY2223-T111999.99,DELTA,3,1000,8,250,1043,no,90,-1000
2025-05-22T19:07:15.825327,KXBTCD-25MAY2223-T111999.99,DELTA,3,1000,8,250,1044,no,88,-1250
2025-05-22T19:07:15.943348,KXBTCD-25MAY2223-T111999.99,DELTA,3,1000,8,250,1045,no,91,1000
2025-05-22T19:07:15.944254,KXBTCD-25MAY2223-T111999.99,DELTA,3,1000,8,250,1046,no,89,1250
2025-05-22T19:07:15.944694,KXBTCD-25MAY2223-T111999.99,DELTA,3,1000,8,250,1047,yes,2,80000
2025-05-22T19:07:15.945035,KXBTCD-25MAY2223-T111999.99,DELTA,3,1000,8,250,1048,no,88,2000
2025-05-22T19:07:16.024227,KXBTCD-25MAY2223-T111999.99,DELTA,3,1000,8,250,1049,no,10,-3240
2025-05-22T19:07:16.025016,KXBTCD-25MAY2223-T111999.99,DELTA,3,1000,8,250,1050,no,12,2700
2025-05-22T19:07:16.124740,KXBTCD-25MAY2223-T111999.99,DELTA,3,1000,8,250,1051,no,11,-20000
2025-05-22T19:07:16.924930,KXBTCD-25MAY2223-T111999.99,DELTA,3,1000,8,250,1052,no,90,-100
2025-05-22T19:07:17.124971,KXBTCD-25MAY2223-T111999.99,DELTA,3,1000,8,250,1053,no,12,-2700
2025-05-22T19:07:17.126102,KXBTCD-25MAY2223-T111999.99,DELTA,3,1000,8,250,1054,no,4,8100
2025-05-22T19:07:17.183248,KXBTCD-25MAY2223-T111999.99,DELTA,3,1000,8,250,1055,no,5,20000
2025-05-22T19:07:18.324609,KXBTCD-25MAY2223-T111999.99,DELTA,3,1000,8,250,1056,no,4,-8100
2025-05-22T19:07:18.325730,KXBTCD-25MAY2223-T111999.99,DELTA,3,1000,8,250,1057,no,6,5400
2025-05-22T19:07:18.384569,KXBTCD-25MAY2223-T111999.99,DELTA,3,1000,8,250,1058,no,5,-20000
2025-05-22T19:07:18.423891,KXBTCD-25MAY2223-T111999.99,DELTA,3,1000,8,250,1059,no,7,20000
2025-05-22T19:07:18.941696,KXBTCD-25MAY2223-T111999.99,DELTA,3,1000,8,250,1060,no,91,100
2025-05-22T19:07:19.443488,KXBTCD-25MAY2223-T111999.99,DELTA,3,1000,8,250,1061,no,6,-5400
2025-05-22T19:07:19.444604,KXBTCD-25MAY2223-T111999.99,DELTA,3,1000,8,250,1062,no,8,4050
2025-05-22T19:07:19.504518,KXBTCD-25MAY2223-T111999.99,DELTA,3,1000,8,250,1063,no,7,-20000
2025-05-22T19:07:19.543716,KXBTCD-25MAY2223-T111999.99,DELTA,3,1000,8,250,1064,no,9,20000
2025-05-22T19:07:20.705324,KXBTCD-25MAY2223-T111999.99,DELTA,3,1000,8,250,1065,yes,2,-80000
2025-05-22T19:07:20.726074,KXBTCD-25MAY2223-T111999.99,DELTA,3,1000,8,250,1066,no,88,-2000
2025-05-22T19:07:20.726817,KXBTCD-25MAY2223-T111999.99,DELTA,3,1000,8,250,1067,no,91,-1000
2025-05-22T19:07:20.746200,KXBTCD-25MAY2223-T111999.99,DELTA,3,1000,8,250,1068,no,89,-1250
2025-05-22T19:07:20.854519,KXBTCD-25MAY2223-T111999.99,DELTA,3,1000,8,250,1069,no,89,2000
2025-05-22T19:07:20.854761,KXBTCD-25MAY2223-T111999.99,DELTA,3,1000,8,250,1070,no,90,1250
2025-05-22T19:07:20.854917,KXBTCD-25MAY2223-T111999.99,DELTA,3,1000,8,250,1071,yes,1,80000
2025-05-22T19:07:20.855063,KXBTCD-25MAY2223-T111999.99,DELTA,3,1000,8,1250,1072,no,92,1000
2025-05-22T19:07:22.143873,KXBTCD-25MAY2223-T111999.99,DELTA,3,1000,6,250,1073,no,94,250
2025-05-22T19:07:22.166813,KXBTCD-25MAY2223-T111999.99,DELTA,3,1000,6,250,1074,no,84,-250
2025-05-22T19:07:25.203906,KXBTCD-25MAY2223-T111999.99,DELTA,3,1000,6,250,1075,no,8,-4050
2025-05-22T19:07:25.204149,KXBTCD-25MAY2223-T111999.99,DELTA,3,1000,6,250,1076,no,10,3240
2025-05-22T19:07:25.264340,KXBTCD-25MAY2223-T111999.99,DELTA,3,1000,6,250,1077,no,9,-20000
2025-05-22T19:07:25.303764,KXBTCD-25MAY2223-T111999.99,DELTA,3,1000,6,250,1078,no,11,20000
2025-05-22T19:07:25.614352,KXBTCD-25MAY2223-T111999.99,DELTA,3,1000,6,250,1079,yes,1,-80000
2025-05-22T19:07:25.615069,KXBTCD-25MAY2223-T111999.99,DELTA,3,1000,6,250,1080,no,89,-2000
2025-05-22T19:07:25.641715,KXBTCD-25MAY2223-T111999.99,DELTA,3,1000,6,250,1081,no,92,-1000
2025-05-22T19:07:25.642486,KXBTCD-25MAY2223-T111999.99,DELTA,3,1000,6,250,1082,no,90,-1250
2025-05-22T19:07:25.683284,KXBTCD-25MAY2223-T111999.99,DELTA,3,1000,6,250,1083,no,91,1000
2025-05-22T19:07:25.683977,KXBTCD-25MAY2223-T111999.99,DELTA,3,1000,6,250,1084,no,88,2000
2025-05-22T19:07:25.684429,KXBTCD-25MAY2223-T111999.99,DELTA,3,1000,6,250,1085,yes,2,80000
2025-05-22T19:07:25.685192,KXBTCD-25MAY2223-T111999.99,DELTA,3,1000,6,250,1086,no,89,1250
2025-05-22T19:07:26.144431,KXBTCD-25MAY2223-T111999.99,DELTA,3,1000,8,250,1087,no,94,-250
2025-05-22T19:07:26.144859,KXBTCD-25MAY2223-T111999.99,DELTA,3,1000,8,250,1088,no,84,250
2025-05-22T19:07:27.745759,KXBTCD-25MAY2223-T111999.99,DELTA,3,1000,8,250,1089,no,10,-3240
2025-05-22T19:07:27.746883,KXBTCD-25MAY2223-T111999.99,DELTA,3,1000,8,250,1090,no,12,2700
2025-05-22T19:07:27.804174,KXBTCD-25MAY2223-T111999.99,DELTA,3,1000,8,250,1091,no,11,-20000
2025-05-22T19:07:28.843324,KXBTCD-25MAY2223-T111999.99,DELTA,3,1000,8,250,1092,no,12,-2700
2025-05-22T19:07:28.844007,KXBTCD-25MAY2223-T111999.99,DELTA,3,1000,8,250,1093,no,4,8100
2025-05-22T19:07:28.903793,KXBTCD-25MAY2223-T111999.99,DELTA,3,1000,8,250,1094,no,5,20000
2025-05-22T19:07:30.026171,KXBTCD-25MAY2223-T111999.99,DELTA,3,1000,8,250,1095,no,4,-8100
2025-05-22T19:07:30.027231,KXBTCD-25MAY2223-T111999.99,DELTA,3,1000,8,250,1096,no,6,5400
2025-05-22T19:07:30.084617,KXBTCD-25MAY2223-T111999.99,DELTA,3,1000,8,250,1097,no,5,-20000
