timestamp,market_ticker,type,yes_bid_price_cents,yes_bid_qty,yes_ask_price_cents,yes_ask_qty_on_no_side,sequence_num,delta_side,delta_price_cents,delta_quantity
2025-05-22T20:01:34.051707,KXBTCD-25MAY2300-T110999.99,SNAPSHOT,76,1013,81,100,1,,,
2025-05-22T20:01:35.173315,KXBTCD-25MAY2300-T110999.99,DELTA,76,1013,85,1014,2,no,19,-100
2025-05-22T20:01:35.493920,KXBTCD-25MAY2300-T110999.99,DELTA,76,1013,85,1014,3,no,6,-5400
2025-05-22T20:01:35.494765,KXBTCD-25MAY2300-T110999.99,DELTA,76,1013,85,1014,4,no,7,4628
2025-05-22T20:01:35.552064,KXBTCD-25MAY2300-T110999.99,DELTA,76,1013,85,1014,5,no,7,-20000
2025-05-22T20:01:35.571739,KXBTCD-25MAY2300-T110999.99,DELTA,76,1013,85,1014,6,no,7,-2000
2025-05-22T20:01:35.572120,KXBTCD-25MAY2300-T110999.99,DELTA,76,1013,85,1014,7,no,7,-1250
2025-05-22T20:01:35.612242,KXBTCD-25MAY2300-T110999.99,DELTA,76,1013,85,1014,8,no,8,20000
2025-05-22T20:01:35.612502,KXBTCD-25MAY2300-T110999.99,DELTA,76,1013,85,1014,9,no,8,1250
2025-05-22T20:01:35.612600,KXBTCD-25MAY2300-T110999.99,DELTA,76,1013,85,1014,10,no,8,2000
2025-05-22T20:01:36.716268,KXBTCD-25MAY2300-T110999.99,DELTA,76,1013,85,1014,11,yes,73,100
2025-05-22T20:01:37.332312,KXBTCD-25MAY2300-T110999.99,DELTA,76,1013,85,1014,12,yes,73,-100
2025-05-22T20:01:38.149275,KXBTCD-25MAY2300-T110999.99,DELTA,76,1013,85,1014,13,no,7,-4628
2025-05-22T20:01:38.149533,KXBTCD-25MAY2300-T110999.99,DELTA,76,1013,85,1014,14,no,8,4050
2025-05-22T20:01:38.232296,KXBTCD-25MAY2300-T110999.99,DELTA,76,1013,85,1014,15,no,8,-20000
2025-05-22T20:01:38.232510,KXBTCD-25MAY2300-T110999.99,DELTA,76,1013,85,1014,16,no,8,-2000
2025-05-22T20:01:38.251719,KXBTCD-25MAY2300-T110999.99,DELTA,76,1013,85,1014,17,no,8,-1250
2025-05-22T20:01:38.292589,KXBTCD-25MAY2300-T110999.99,DELTA,76,1013,85,1014,18,no,9,20000
2025-05-22T20:01:38.293168,KXBTCD-25MAY2300-T110999.99,DELTA,76,1013,85,1014,19,no,9,1250
2025-05-22T20:01:38.293312,KXBTCD-25MAY2300-T110999.99,DELTA,76,1013,85,1014,20,no,9,2000
2025-05-22T20:01:39.351899,KXBTCD-25MAY2300-T110999.99,DELTA,76,1013,85,1014,21,no,8,-4050
2025-05-22T20:01:39.352302,KXBTCD-25MAY2300-T110999.99,DELTA,76,1013,85,1014,22,no,4,8100
2025-05-22T20:01:39.414553,KXBTCD-25MAY2300-T110999.99,DELTA,76,1013,85,1014,23,no,9,-20000
2025-05-22T20:01:39.414922,KXBTCD-25MAY2300-T110999.99,DELTA,76,1013,85,1014,24,no,9,-2000
2025-05-22T20:01:39.431258,KXBTCD-25MAY2300-T110999.99,DELTA,76,1013,85,1014,25,no,9,-1250
2025-05-22T20:01:39.492241,KXBTCD-25MAY2300-T110999.99,DELTA,76,1013,85,1014,26,no,5,20000
2025-05-22T20:01:39.492488,KXBTCD-25MAY2300-T110999.99,DELTA,76,1013,85,1014,27,no,5,1250
2025-05-22T20:01:39.492823,KXBTCD-25MAY2300-T110999.99,DELTA,76,1013,85,1014,28,no,5,2000
2025-05-22T20:01:40.052050,KXBTCD-25MAY2300-T110999.99,DELTA,76,1013,80,100,29,no,20,100
2025-05-22T20:01:40.552260,KXBTCD-25MAY2300-T110999.99,DELTA,76,1013,80,100,30,no,4,-8100
2025-05-22T20:01:40.552994,KXBTCD-25MAY2300-T110999.99,DELTA,76,1013,80,100,31,no,6,5400
2025-05-22T20:01:40.671824,KXBTCD-25MAY2300-T110999.99,DELTA,76,1013,80,100,32,no,5,-20000
2025-05-22T20:01:40.672378,KXBTCD-25MAY2300-T110999.99,DELTA,76,1013,80,100,33,no,16,9
2025-05-22T20:01:40.672653,KXBTCD-25MAY2300-T110999.99,DELTA,76,1013,80,100,34,no,5,-2000
2025-05-22T20:01:40.741301,KXBTCD-25MAY2300-T110999.99,DELTA,76,1013,80,100,35,no,5,-1250
2025-05-22T20:01:40.771640,KXBTCD-25MAY2300-T110999.99,DELTA,76,1013,80,100,36,no,7,1250
2025-05-22T20:01:40.791270,KXBTCD-25MAY2300-T110999.99,DELTA,76,1013,80,100,37,no,7,2000
2025-05-22T20:01:40.791444,KXBTCD-25MAY2300-T110999.99,DELTA,76,1013,80,100,38,no,7,20000
2025-05-22T20:01:41.551814,KXBTCD-25MAY2300-T110999.99,DELTA,76,1013,84,9,39,no,20,-100
2025-05-22T20:01:41.672853,KXBTCD-25MAY2300-T110999.99,DELTA,76,1013,85,1014,40,no,16,-9
2025-05-22T20:01:41.792059,KXBTCD-25MAY2300-T110999.99,DELTA,76,1013,85,1014,41,no,6,-5400
2025-05-22T20:01:41.792463,KXBTCD-25MAY2300-T110999.99,DELTA,76,1013,85,1014,42,no,8,4050
2025-05-22T20:01:41.870603,KXBTCD-25MAY2300-T110999.99,DELTA,76,1013,85,1014,43,no,7,-20000
2025-05-22T20:01:41.870864,KXBTCD-25MAY2300-T110999.99,DELTA,76,1013,85,1014,44,no,7,-2000
2025-05-22T20:01:41.891646,KXBTCD-25MAY2300-T110999.99,DELTA,76,1013,85,1014,45,no,7,-1250
2025-05-22T20:01:41.952905,KXBTCD-25MAY2300-T110999.99,DELTA,76,1013,85,1014,46,no,9,2000
2025-05-22T20:01:41.953112,KXBTCD-25MAY2300-T110999.99,DELTA,76,1013,85,1014,47,no,9,20000
2025-05-22T20:01:41.992071,KXBTCD-25MAY2300-T110999.99,DELTA,76,1013,85,1014,48,no,9,1250
2025-05-22T20:01:42.971299,KXBTCD-25MAY2300-T110999.99,DELTA,76,1013,85,1014,49,no,8,-4050
2025-05-22T20:01:42.972295,KXBTCD-25MAY2300-T110999.99,DELTA,76,1013,85,1014,50,no,4,8100
2025-05-22T20:01:43.052202,KXBTCD-25MAY2300-T110999.99,DELTA,76,1013,85,1014,51,no,9,-20000
2025-05-22T20:01:43.071953,KXBTCD-25MAY2300-T110999.99,DELTA,76,1013,85,1014,52,no,9,-2000
2025-05-22T20:01:43.073647,KXBTCD-25MAY2300-T110999.99,DELTA,76,1013,85,1014,53,no,9,-1250
2025-05-22T20:01:43.152300,KXBTCD-25MAY2300-T110999.99,DELTA,76,1013,85,1014,54,no,5,20000
2025-05-22T20:01:43.152901,KXBTCD-25MAY2300-T110999.99,DELTA,76,1013,85,1014,55,no,5,1250
2025-05-22T20:01:43.153256,KXBTCD-25MAY2300-T110999.99,DELTA,76,1013,85,1014,56,no,5,2000
2025-05-22T20:01:43.574412,KXBTCD-25MAY2300-T110999.99,DELTA,76,1013,85,1014,57,yes,72,100
2025-05-22T20:01:43.986106,KXBTCD-25MAY2300-T110999.99,DELTA,76,1013,85,1014,58,yes,72,-100
2025-05-22T20:01:45.492272,KXBTCD-25MAY2300-T110999.99,DELTA,76,1013,81,100,59,no,19,100
2025-05-22T20:01:46.013307,KXBTCD-25MAY2300-T110999.99,DELTA,76,1000,81,100,60,yes,76,-13
2025-05-22T20:01:46.013643,KXBTCD-25MAY2300-T110999.99,DELTA,76,1000,81,100,61,no,15,-14
2025-05-22T20:01:46.013799,KXBTCD-25MAY2300-T110999.99,DELTA,76,1000,81,100,62,yes,74,14
2025-05-22T20:01:46.032122,KXBTCD-25MAY2300-T110999.99,DELTA,76,1000,81,100,63,no,17,14
2025-05-22T20:01:46.234308,KXBTCD-25MAY2300-T110999.99,DELTA,76,1000,81,100,64,yes,73,30
2025-05-22T20:01:46.235340,KXBTCD-25MAY2300-T110999.99,DELTA,76,1000,81,100,65,no,16,30
2025-05-22T20:01:46.251950,KXBTCD-25MAY2300-T110999.99,DELTA,76,1000,81,100,66,yes,75,-30
2025-05-22T20:01:46.272268,KXBTCD-25MAY2300-T110999.99,DELTA,76,1000,81,100,67,no,14,-30
2025-05-22T20:01:46.332581,KXBTCD-25MAY2300-T110999.99,DELTA,76,1000,81,100,68,no,15,-1000
2025-05-22T20:01:46.332961,KXBTCD-25MAY2300-T110999.99,DELTA,74,14,81,100,69,yes,76,-1000
2025-05-22T20:01:46.432173,KXBTCD-25MAY2300-T110999.99,DELTA,74,14,81,100,70,no,16,1000
2025-05-22T20:01:46.432396,KXBTCD-25MAY2300-T110999.99,DELTA,74,1014,81,100,71,yes,74,1000
2025-05-22T20:01:47.252373,KXBTCD-25MAY2300-T110999.99,DELTA,74,1014,83,14,72,no,19,-100
2025-05-22T20:01:50.159114,KXBTCD-25MAY2300-T110999.99,DELTA,74,1014,83,14,73,no,4,-8100
2025-05-22T20:01:50.159412,KXBTCD-25MAY2300-T110999.99,DELTA,74,1014,83,14,74,no,6,5400
2025-05-22T20:01:50.241345,KXBTCD-25MAY2300-T110999.99,DELTA,74,1014,83,14,75,no,5,-20000
2025-05-22T20:01:50.257414,KXBTCD-25MAY2300-T110999.99,DELTA,74,1014,83,14,76,no,5,-2000
2025-05-22T20:01:50.257638,KXBTCD-25MAY2300-T110999.99,DELTA,74,1014,83,14,77,no,5,-1250
2025-05-22T20:01:50.320404,KXBTCD-25MAY2300-T110999.99,DELTA,74,1014,83,14,78,no,7,1250
2025-05-22T20:01:50.347839,KXBTCD-25MAY2300-T110999.99,DELTA,74,1014,83,14,79,yes,73,100
2025-05-22T20:01:50.348047,KXBTCD-25MAY2300-T110999.99,DELTA,74,1014,83,14,80,no,7,20000
2025-05-22T20:01:50.348173,KXBTCD-25MAY2300-T110999.99,DELTA,74,1014,83,14,81,no,7,2000
2025-05-22T20:01:51.344425,KXBTCD-25MAY2300-T110999.99,DELTA,74,1014,83,14,82,yes,73,-100
2025-05-22T20:01:52.891777,KXBTCD-25MAY2300-T110999.99,DELTA,74,1014,83,14,83,no,6,-5400
2025-05-22T20:01:52.892118,KXBTCD-25MAY2300-T110999.99,DELTA,74,1014,83,14,84,no,8,4050
2025-05-22T20:01:52.972971,KXBTCD-25MAY2300-T110999.99,DELTA,74,1014,83,14,85,no,7,-20000
2025-05-22T20:01:52.992159,KXBTCD-25MAY2300-T110999.99,DELTA,74,1014,83,14,86,no,7,-2000
2025-05-22T20:01:52.992508,KXBTCD-25MAY2300-T110999.99,DELTA,74,1014,83,14,87,no,7,-1250
2025-05-22T20:01:53.071553,KXBTCD-25MAY2300-T110999.99,DELTA,74,1014,83,14,88,no,9,2000
2025-05-22T20:01:53.071840,KXBTCD-25MAY2300-T110999.99,DELTA,74,1014,83,14,89,no,9,1250
2025-05-22T20:01:53.092054,KXBTCD-25MAY2300-T110999.99,DELTA,74,1014,83,14,90,no,9,20000
2025-05-22T20:01:53.480123,KXBTCD-25MAY2300-T110999.99,DELTA,74,1014,81,100,91,no,19,100
2025-05-22T20:01:54.131593,KXBTCD-25MAY2300-T110999.99,DELTA,74,1014,81,100,92,no,8,-4050
2025-05-22T20:01:54.132001,KXBTCD-25MAY2300-T110999.99,DELTA,74,1014,81,100,93,no,4,8100
2025-05-22T20:01:54.212131,KXBTCD-25MAY2300-T110999.99,DELTA,74,1014,81,100,94,no,9,-20000
2025-05-22T20:01:54.232402,KXBTCD-25MAY2300-T110999.99,DELTA,74,1014,81,100,95,no,9,-2000
2025-05-22T20:01:54.233008,KXBTCD-25MAY2300-T110999.99,DELTA,74,1014,81,100,96,no,9,-1250
2025-05-22T20:01:54.251595,KXBTCD-25MAY2300-T110999.99,DELTA,74,1014,83,14,97,no,19,-100
2025-05-22T20:01:54.311490,KXBTCD-25MAY2300-T110999.99,DELTA,74,1014,83,14,98,no,5,20000
2025-05-22T20:01:54.311694,KXBTCD-25MAY2300-T110999.99,DELTA,74,1014,83,14,99,no,5,2000
2025-05-22T20:01:54.311838,KXBTCD-25MAY2300-T110999.99,DELTA,74,1014,83,14,100,no,5,1250
2025-05-22T20:01:55.311548,KXBTCD-25MAY2300-T110999.99,DELTA,74,1014,83,14,101,no,4,-8100
2025-05-22T20:01:55.311967,KXBTCD-25MAY2300-T110999.99,DELTA,74,1014,83,14,102,no,6,5400
2025-05-22T20:01:55.392050,KXBTCD-25MAY2300-T110999.99,DELTA,74,1014,83,14,103,no,5,-20000
2025-05-22T20:01:55.392325,KXBTCD-25MAY2300-T110999.99,DELTA,74,1014,83,14,104,no,5,-2000
2025-05-22T20:01:55.412777,KXBTCD-25MAY2300-T110999.99,DELTA,74,1014,83,14,105,no,5,-1250
2025-05-22T20:01:55.487302,KXBTCD-25MAY2300-T110999.99,DELTA,74,1014,83,14,106,no,7,20000
2025-05-22T20:01:55.487709,KXBTCD-25MAY2300-T110999.99,DELTA,74,1014,83,14,107,no,7,1250
2025-05-22T20:01:55.488124,KXBTCD-25MAY2300-T110999.99,DELTA,74,1014,83,14,108,no,7,2000
2025-05-22T20:01:55.832205,KXBTCD-25MAY2300-T110999.99,DELTA,74,1014,83,14,109,yes,73,100
2025-05-22T20:01:55.951530,KXBTCD-25MAY2300-T110999.99,DELTA,74,1014,83,14,110,no,16,-1000
2025-05-22T20:01:56.011866,KXBTCD-25MAY2300-T110999.99,DELTA,74,1014,83,14,111,no,7,1000
2025-05-22T20:01:56.331208,KXBTCD-25MAY2300-T110999.99,DELTA,76,14,83,14,112,yes,76,14
2025-05-22T20:01:56.351252,KXBTCD-25MAY2300-T110999.99,DELTA,76,14,83,14,113,yes,74,-14
2025-05-22T20:01:56.351385,KXBTCD-25MAY2300-T110999.99,DELTA,76,14,83,14,114,no,15,14
2025-05-22T20:01:56.351472,KXBTCD-25MAY2300-T110999.99,DELTA,76,14,83,14,115,yes,75,30
2025-05-22T20:01:56.351680,KXBTCD-25MAY2300-T110999.99,DELTA,76,14,83,14,116,no,14,30
2025-05-22T20:01:56.351779,KXBTCD-25MAY2300-T110999.99,DELTA,76,14,84,30,117,no,17,-14
2025-05-22T20:01:56.371080,KXBTCD-25MAY2300-T110999.99,DELTA,76,14,84,30,118,yes,73,-30
2025-05-22T20:01:56.371180,KXBTCD-25MAY2300-T110999.99,DELTA,76,14,85,14,119,no,16,-30
2025-05-22T20:01:56.431897,KXBTCD-25MAY2300-T110999.99,DELTA,76,14,85,14,120,no,6,-5400
2025-05-22T20:01:56.432072,KXBTCD-25MAY2300-T110999.99,DELTA,76,14,85,14,121,no,8,4050
2025-05-22T20:01:56.451595,KXBTCD-25MAY2300-T110999.99,DELTA,76,14,85,14,122,yes,74,-1000
2025-05-22T20:01:56.451957,KXBTCD-25MAY2300-T110999.99,DELTA,76,14,85,14,123,no,8,9
2025-05-22T20:01:56.452199,KXBTCD-25MAY2300-T110999.99,DELTA,76,14,85,14,124,no,7,-1000
2025-05-22T20:01:56.531488,KXBTCD-25MAY2300-T110999.99,DELTA,76,14,85,1014,125,no,15,1000
2025-05-22T20:01:56.531680,KXBTCD-25MAY2300-T110999.99,DELTA,76,14,85,1014,126,no,7,-20000
2025-05-22T20:01:56.531836,KXBTCD-25MAY2300-T110999.99,DELTA,76,1014,85,1014,127,yes,76,1000
2025-05-22T20:01:56.531981,KXBTCD-25MAY2300-T110999.99,DELTA,76,1014,85,1014,128,no,7,-2000
2025-05-22T20:01:56.551641,KXBTCD-25MAY2300-T110999.99,DELTA,76,1014,85,1014,129,no,7,-1250
2025-05-22T20:01:56.617861,KXBTCD-25MAY2300-T110999.99,DELTA,76,1014,85,1014,130,no,9,2000
2025-05-22T20:01:56.618100,KXBTCD-25MAY2300-T110999.99,DELTA,76,1014,85,1014,131,no,9,1250
2025-05-22T20:01:56.618527,KXBTCD-25MAY2300-T110999.99,DELTA,76,1014,85,1014,132,no,9,20000
2025-05-22T20:01:57.112763,KXBTCD-25MAY2300-T110999.99,DELTA,76,1014,85,1014,133,yes,73,-100
2025-05-22T20:01:57.132204,KXBTCD-25MAY2300-T110999.99,DELTA,76,1014,85,14,134,no,15,-1000
2025-05-22T20:01:57.215761,KXBTCD-25MAY2300-T110999.99,DELTA,76,1014,85,14,135,no,14,1000
2025-05-22T20:01:57.252279,KXBTCD-25MAY2300-T110999.99,DELTA,76,1014,85,14,136,no,8,-9
2025-05-22T20:01:57.531623,KXBTCD-25MAY2300-T110999.99,DELTA,76,1014,85,14,137,no,8,-4050
2025-05-22T20:01:57.532023,KXBTCD-25MAY2300-T110999.99,DELTA,76,1014,85,14,138,no,4,8100
2025-05-22T20:01:57.611163,KXBTCD-25MAY2300-T110999.99,DELTA,76,1014,85,14,139,no,9,-20000
2025-05-22T20:01:57.632124,KXBTCD-25MAY2300-T110999.99,DELTA,76,1014,85,14,140,no,9,-2000
2025-05-22T20:01:57.632323,KXBTCD-25MAY2300-T110999.99,DELTA,76,1014,85,14,141,no,9,-1250
2025-05-22T20:01:57.711809,KXBTCD-25MAY2300-T110999.99,DELTA,76,1014,85,14,142,no,5,20000
2025-05-22T20:01:57.711968,KXBTCD-25MAY2300-T110999.99,DELTA,76,1014,85,14,143,no,5,2000
2025-05-22T20:01:57.712066,KXBTCD-25MAY2300-T110999.99,DELTA,76,1014,85,14,144,no,5,1250
2025-05-22T20:02:01.171750,KXBTCD-25MAY2300-T110999.99,DELTA,76,1014,85,14,145,yes,74,100
2025-05-22T20:02:01.172322,KXBTCD-25MAY2300-T110999.99,DELTA,76,1014,82,100,146,no,18,100
2025-05-22T20:02:02.194328,KXBTCD-25MAY2300-T110999.99,DELTA,76,1014,82,100,147,no,4,-8100
2025-05-22T20:02:02.195529,KXBTCD-25MAY2300-T110999.99,DELTA,76,1014,82,100,148,no,6,5400
2025-05-22T20:02:02.253422,KXBTCD-25MAY2300-T110999.99,DELTA,76,1014,82,100,149,no,5,-20000
2025-05-22T20:02:02.272569,KXBTCD-25MAY2300-T110999.99,DELTA,76,1014,82,100,150,no,5,-2000
2025-05-22T20:02:02.273376,KXBTCD-25MAY2300-T110999.99,DELTA,76,1014,82,100,151,no,5,-1250
2025-05-22T20:02:02.353430,KXBTCD-25MAY2300-T110999.99,DELTA,76,1014,82,100,152,no,7,2000
2025-05-22T20:02:02.354491,KXBTCD-25MAY2300-T110999.99,DELTA,76,1014,82,100,153,no,7,20000
2025-05-22T20:02:02.355288,KXBTCD-25MAY2300-T110999.99,DELTA,76,1014,82,100,154,no,7,1250
2025-05-22T20:02:02.472231,KXBTCD-25MAY2300-T110999.99,DELTA,76,1014,85,14,155,no,18,-100
2025-05-22T20:02:02.491991,KXBTCD-25MAY2300-T110999.99,DELTA,76,1014,85,14,156,yes,74,-100
2025-05-22T20:02:03.492934,KXBTCD-25MAY2300-T110999.99,DELTA,76,1014,85,14,157,no,14,-1000
2025-05-22T20:02:03.552526,KXBTCD-25MAY2300-T110999.99,DELTA,76,1014,85,14,158,no,7,1000
2025-05-22T20:02:03.593008,KXBTCD-25MAY2300-T110999.99,DELTA,76,1014,85,14,159,no,8,9
2025-05-22T20:02:03.633382,KXBTCD-25MAY2300-T110999.99,DELTA,76,1014,85,14,160,no,1,-3000
2025-05-22T20:02:04.872509,KXBTCD-25MAY2300-T110999.99,DELTA,76,1014,85,14,161,yes,34,-952
2025-05-22T20:02:04.873019,KXBTCD-25MAY2300-T110999.99,DELTA,76,1014,85,14,162,yes,33,981
2025-05-22T20:02:04.932590,KXBTCD-25MAY2300-T110999.99,DELTA,76,1014,85,14,163,no,6,-5400
2025-05-22T20:02:04.932981,KXBTCD-25MAY2300-T110999.99,DELTA,76,1014,85,14,164,no,4,8100
2025-05-22T20:02:05.012254,KXBTCD-25MAY2300-T110999.99,DELTA,76,1014,85,14,165,no,7,-20000
2025-05-22T20:02:05.032304,KXBTCD-25MAY2300-T110999.99,DELTA,76,1014,85,14,166,no,7,-2000
2025-05-22T20:02:05.032616,KXBTCD-25MAY2300-T110999.99,DELTA,76,1014,85,14,167,no,7,-1000
2025-05-22T20:02:05.050941,KXBTCD-25MAY2300-T110999.99,DELTA,76,1014,85,14,168,no,7,-1250
2025-05-22T20:02:05.133955,KXBTCD-25MAY2300-T110999.99,DELTA,76,1014,85,14,169,no,5,1250
2025-05-22T20:02:05.134199,KXBTCD-25MAY2300-T110999.99,DELTA,76,1014,85,14,170,no,5,2000
2025-05-22T20:02:05.134633,KXBTCD-25MAY2300-T110999.99,DELTA,76,1014,85,14,171,no,5,20000
2025-05-22T20:02:05.134819,KXBTCD-25MAY2300-T110999.99,DELTA,76,1014,85,14,172,no,5,1000
2025-05-22T20:02:06.173133,KXBTCD-25MAY2300-T110999.99,DELTA,76,1014,85,14,173,no,4,-8100
2025-05-22T20:02:06.174073,KXBTCD-25MAY2300-T110999.99,DELTA,76,1014,85,14,174,no,5,6480
2025-05-22T20:02:06.252668,KXBTCD-25MAY2300-T110999.99,DELTA,76,1014,85,14,175,no,5,-20000
2025-05-22T20:02:06.253656,KXBTCD-25MAY2300-T110999.99,DELTA,76,1014,85,14,176,no,5,-2000
2025-05-22T20:02:06.271933,KXBTCD-25MAY2300-T110999.99,DELTA,76,1014,85,14,177,no,5,-1000
2025-05-22T20:02:06.272428,KXBTCD-25MAY2300-T110999.99,DELTA,76,1014,85,14,178,no,5,-1250
2025-05-22T20:02:06.291759,KXBTCD-25MAY2300-T110999.99,DELTA,76,1014,85,14,179,no,8,-9
2025-05-22T20:02:06.292635,KXBTCD-25MAY2300-T110999.99,DELTA,76,1014,85,14,180,no,6,9
2025-05-22T20:02:06.311553,KXBTCD-25MAY2300-T110999.99,DELTA,76,1014,85,14,181,no,1,3000
2025-05-22T20:02:06.352084,KXBTCD-25MAY2300-T110999.99,DELTA,76,1014,85,14,182,no,6,1250
2025-05-22T20:02:06.352328,KXBTCD-25MAY2300-T110999.99,DELTA,76,1014,85,14,183,no,14,1000
2025-05-22T20:02:06.352450,KXBTCD-25MAY2300-T110999.99,DELTA,76,1014,85,14,184,no,6,20000
2025-05-22T20:02:06.352543,KXBTCD-25MAY2300-T110999.99,DELTA,76,1014,85,14,185,no,6,2000
2025-05-22T20:02:06.832300,KXBTCD-25MAY2300-T110999.99,DELTA,76,1014,83,100,186,no,17,100
2025-05-22T20:02:06.833080,KXBTCD-25MAY2300-T110999.99,DELTA,76,1014,83,100,187,yes,75,100
2025-05-22T20:02:07.412213,KXBTCD-25MAY2300-T110999.99,DELTA,76,1014,83,100,188,no,5,-6480
2025-05-22T20:02:07.412956,KXBTCD-25MAY2300-T110999.99,DELTA,76,1014,83,100,189,no,4,8100
2025-05-22T20:02:07.491059,KXBTCD-25MAY2300-T110999.99,DELTA,76,1014,83,100,190,no,6,-20000
2025-05-22T20:02:07.511739,KXBTCD-25MAY2300-T110999.99,DELTA,76,1014,83,100,191,no,6,-2000
2025-05-22T20:02:07.512109,KXBTCD-25MAY2300-T110999.99,DELTA,76,1014,83,100,192,no,6,-9
2025-05-22T20:02:07.512394,KXBTCD-25MAY2300-T110999.99,DELTA,76,1014,83,100,193,no,6,-1250
2025-05-22T20:02:07.572854,KXBTCD-25MAY2300-T110999.99,DELTA,76,1014,83,100,194,no,5,1250
2025-05-22T20:02:07.591946,KXBTCD-25MAY2300-T110999.99,DELTA,76,1014,83,100,195,no,5,20000
2025-05-22T20:02:07.592214,KXBTCD-25MAY2300-T110999.99,DELTA,76,1014,83,100,196,no,5,2000
2025-05-22T20:02:07.772782,KXBTCD-25MAY2300-T110999.99,DELTA,76,1014,83,100,197,yes,75,-100
2025-05-22T20:02:07.773085,KXBTCD-25MAY2300-T110999.99,DELTA,76,1014,85,14,198,no,17,-100
2025-05-22T20:02:08.591264,KXBTCD-25MAY2300-T110999.99,DELTA,76,1014,85,14,199,no,4,-8100
2025-05-22T20:02:08.591706,KXBTCD-25MAY2300-T110999.99,DELTA,76,1014,85,14,200,no,5,6480
2025-05-22T20:02:08.672156,KXBTCD-25MAY2300-T110999.99,DELTA,76,1014,85,14,201,no,5,-20000
2025-05-22T20:02:08.672485,KXBTCD-25MAY2300-T110999.99,DELTA,76,1014,85,14,202,no,5,-2000
2025-05-22T20:02:08.694803,KXBTCD-25MAY2300-T110999.99,DELTA,76,1014,85,14,203,no,5,-1250
2025-05-22T20:02:08.772281,KXBTCD-25MAY2300-T110999.99,DELTA,76,1014,85,14,204,no,6,2000
2025-05-22T20:02:08.772993,KXBTCD-25MAY2300-T110999.99,DELTA,76,1014,85,14,205,no,6,20000
2025-05-22T20:02:08.773639,KXBTCD-25MAY2300-T110999.99,DELTA,76,1014,85,14,206,no,6,1250
2025-05-22T20:02:09.791466,KXBTCD-25MAY2300-T110999.99,DELTA,76,1014,85,14,207,no,5,-6480
2025-05-22T20:02:09.791807,KXBTCD-25MAY2300-T110999.99,DELTA,76,1014,85,14,208,no,4,8100
2025-05-22T20:02:09.831594,KXBTCD-25MAY2300-T110999.99,DELTA,76,1014,85,14,209,no,6,-20000
2025-05-22T20:02:09.831938,KXBTCD-25MAY2300-T110999.99,DELTA,76,1014,85,14,210,no,6,-2000
2025-05-22T20:02:09.851664,KXBTCD-25MAY2300-T110999.99,DELTA,76,1014,85,14,211,no,6,-1250
2025-05-22T20:02:09.911326,KXBTCD-25MAY2300-T110999.99,DELTA,76,1014,85,14,212,no,5,1250
2025-05-22T20:02:09.932168,KXBTCD-25MAY2300-T110999.99,DELTA,76,1014,85,14,213,no,5,20000
2025-05-22T20:02:09.932615,KXBTCD-25MAY2300-T110999.99,DELTA,76,1014,85,14,214,no,5,2000
2025-05-22T20:02:11.211593,KXBTCD-25MAY2300-T110999.99,DELTA,76,1014,85,14,215,yes,75,100
2025-05-22T20:02:12.558016,KXBTCD-25MAY2300-T110999.99,DELTA,76,1014,83,100,216,no,17,100
2025-05-22T20:02:12.696936,KXBTCD-25MAY2300-T110999.99,DELTA,76,1014,83,100,217,no,14,-1000
2025-05-22T20:02:12.713264,KXBTCD-25MAY2300-T110999.99,DELTA,76,1014,85,14,218,no,17,-100
2025-05-22T20:02:12.713979,KXBTCD-25MAY2300-T110999.99,DELTA,76,1014,85,14,219,no,1,-3000
2025-05-22T20:02:12.779836,KXBTCD-25MAY2300-T110999.99,DELTA,76,1014,85,14,220,yes,75,-100
2025-05-22T20:02:12.780417,KXBTCD-25MAY2300-T110999.99,DELTA,76,1014,85,14,221,no,5,1000
2025-05-22T20:02:14.133300,KXBTCD-25MAY2300-T110999.99,DELTA,76,1014,85,14,222,no,4,-8100
2025-05-22T20:02:14.134363,KXBTCD-25MAY2300-T110999.99,DELTA,76,1014,85,14,223,no,5,6480
2025-05-22T20:02:14.212736,KXBTCD-25MAY2300-T110999.99,DELTA,76,1014,85,14,224,no,5,-20000
2025-05-22T20:02:14.214143,KXBTCD-25MAY2300-T110999.99,DELTA,76,1014,85,14,225,no,5,-2000
2025-05-22T20:02:14.232788,KXBTCD-25MAY2300-T110999.99,DELTA,76,1014,85,14,226,no,5,-1000
2025-05-22T20:02:14.233574,KXBTCD-25MAY2300-T110999.99,DELTA,76,1014,85,14,227,no,5,-1250
2025-05-22T20:02:14.252352,KXBTCD-25MAY2300-T110999.99,DELTA,76,1014,85,14,228,no,6,9
2025-05-22T20:02:14.311782,KXBTCD-25MAY2300-T110999.99,DELTA,76,1014,85,14,229,no,6,20000
2025-05-22T20:02:14.312028,KXBTCD-25MAY2300-T110999.99,DELTA,76,1014,85,14,230,no,6,1250
2025-05-22T20:02:14.312148,KXBTCD-25MAY2300-T110999.99,DELTA,76,1014,85,14,231,no,6,1000
2025-05-22T20:02:14.312238,KXBTCD-25MAY2300-T110999.99,DELTA,76,1014,85,14,232,no,6,2000
2025-05-22T20:02:16.692260,KXBTCD-25MAY2300-T110999.99,DELTA,77,14,85,14,233,yes,77,14
2025-05-22T20:02:16.692546,KXBTCD-25MAY2300-T110999.99,DELTA,77,44,85,14,234,yes,77,30
2025-05-22T20:02:16.692717,KXBTCD-25MAY2300-T110999.99,DELTA,77,44,85,14,235,no,14,14
2025-05-22T20:02:16.711534,KXBTCD-25MAY2300-T110999.99,DELTA,77,44,85,14,236,no,12,30
2025-05-22T20:02:16.711767,KXBTCD-25MAY2300-T110999.99,DELTA,77,44,85,14,237,yes,76,-14
2025-05-22T20:02:16.711892,KXBTCD-25MAY2300-T110999.99,DELTA,77,44,85,14,238,yes,75,-30
2025-05-22T20:02:16.711994,KXBTCD-25MAY2300-T110999.99,DELTA,77,44,86,44,239,no,15,-14
2025-05-22T20:02:16.712081,KXBTCD-25MAY2300-T110999.99,DELTA,77,44,86,14,240,no,14,-30
2025-05-22T20:02:16.792456,KXBTCD-25MAY2300-T110999.99,DELTA,77,44,86,14,241,yes,76,-1000
2025-05-22T20:02:16.793015,KXBTCD-25MAY2300-T110999.99,DELTA,77,44,86,14,242,no,5,-6480
2025-05-22T20:02:16.793286,KXBTCD-25MAY2300-T110999.99,DELTA,77,44,86,14,243,no,4,8100
2025-05-22T20:02:16.793417,KXBTCD-25MAY2300-T110999.99,DELTA,77,44,86,14,244,no,6,-1000
2025-05-22T20:02:16.813600,KXBTCD-25MAY2300-T110999.99,DELTA,77,44,86,14,245,no,7,9
2025-05-22T20:02:16.832986,KXBTCD-25MAY2300-T110999.99,DELTA,77,44,86,14,246,no,6,-9
2025-05-22T20:02:16.873378,KXBTCD-25MAY2300-T110999.99,DELTA,78,1000,86,14,247,yes,78,1000
2025-05-22T20:02:16.874355,KXBTCD-25MAY2300-T110999.99,DELTA,78,1000,86,14,248,no,12,1000
2025-05-22T20:02:16.892498,KXBTCD-25MAY2300-T110999.99,DELTA,78,1000,86,14,249,yes,76,100
2025-05-22T20:02:16.893238,KXBTCD-25MAY2300-T110999.99,DELTA,78,1000,86,14,250,no,6,-20000
2025-05-22T20:02:16.912283,KXBTCD-25MAY2300-T110999.99,DELTA,78,1000,86,14,251,no,6,-2000
2025-05-22T20:02:16.913092,KXBTCD-25MAY2300-T110999.99,DELTA,78,1000,86,14,252,no,6,-1250
2025-05-22T20:02:16.999163,KXBTCD-25MAY2300-T110999.99,DELTA,78,1000,86,14,253,no,5,1250
2025-05-22T20:02:16.999853,KXBTCD-25MAY2300-T110999.99,DELTA,78,1000,86,14,254,no,5,20000
2025-05-22T20:02:17.000421,KXBTCD-25MAY2300-T110999.99,DELTA,78,1000,86,14,255,no,5,2000
2025-05-22T20:02:18.086591,KXBTCD-25MAY2300-T110999.99,DELTA,78,1000,86,14,256,no,4,-8100
2025-05-22T20:02:18.087907,KXBTCD-25MAY2300-T110999.99,DELTA,78,1000,86,14,257,no,5,6480
2025-05-22T20:02:18.132741,KXBTCD-25MAY2300-T110999.99,DELTA,78,1000,86,14,258,no,5,-20000
2025-05-22T20:02:18.153192,KXBTCD-25MAY2300-T110999.99,DELTA,78,1000,86,14,259,no,5,-2000
2025-05-22T20:02:18.154069,KXBTCD-25MAY2300-T110999.99,DELTA,78,1000,86,14,260,no,5,-1250
2025-05-22T20:02:18.171755,KXBTCD-25MAY2300-T110999.99,DELTA,78,1000,86,14,261,no,7,-9
2025-05-22T20:02:18.232572,KXBTCD-25MAY2300-T110999.99,DELTA,78,1000,86,14,262,no,6,1250
2025-05-22T20:02:18.234384,KXBTCD-25MAY2300-T110999.99,DELTA,78,1000,86,14,263,no,6,2000
2025-05-22T20:02:18.234920,KXBTCD-25MAY2300-T110999.99,DELTA,78,1000,86,14,264,no,6,20000
2025-05-22T20:02:18.352934,KXBTCD-25MAY2300-T110999.99,DELTA,78,1000,86,14,265,yes,76,-100
2025-05-22T20:02:19.331790,KXBTCD-25MAY2300-T110999.99,DELTA,78,1000,86,14,266,no,5,-6480
2025-05-22T20:02:19.332104,KXBTCD-25MAY2300-T110999.99,DELTA,78,1000,86,14,267,no,4,8100
2025-05-22T20:02:19.370975,KXBTCD-25MAY2300-T110999.99,DELTA,78,1000,85,100,268,no,15,100
2025-05-22T20:02:19.413175,KXBTCD-25MAY2300-T110999.99,DELTA,78,1000,85,100,269,no,6,-20000
2025-05-22T20:02:19.413821,KXBTCD-25MAY2300-T110999.99,DELTA,78,1000,85,100,270,no,6,-2000
2025-05-22T20:02:19.432093,KXBTCD-25MAY2300-T110999.99,DELTA,78,1000,85,100,271,no,6,-1250
2025-05-22T20:02:19.491828,KXBTCD-25MAY2300-T110999.99,DELTA,78,1000,85,100,272,no,5,20000
2025-05-22T20:02:19.492775,KXBTCD-25MAY2300-T110999.99,DELTA,78,1000,85,100,273,no,5,2000
2025-05-22T20:02:19.493584,KXBTCD-25MAY2300-T110999.99,DELTA,78,1000,85,100,274,no,5,1250
2025-05-22T20:02:20.545442,KXBTCD-25MAY2300-T110999.99,DELTA,78,1000,85,100,275,no,4,-8100
2025-05-22T20:02:20.546113,KXBTCD-25MAY2300-T110999.99,DELTA,78,1000,85,100,276,no,5,6480
2025-05-22T20:02:20.591424,KXBTCD-25MAY2300-T110999.99,DELTA,78,1000,85,100,277,no,5,-20000
2025-05-22T20:02:20.592118,KXBTCD-25MAY2300-T110999.99,DELTA,78,1000,85,100,278,no,5,-2000
2025-05-22T20:02:20.611205,KXBTCD-25MAY2300-T110999.99,DELTA,78,1000,85,100,279,no,5,-1250
2025-05-22T20:02:20.672808,KXBTCD-25MAY2300-T110999.99,DELTA,78,1000,85,100,280,no,6,20000
2025-05-22T20:02:20.673038,KXBTCD-25MAY2300-T110999.99,DELTA,78,1000,85,100,281,no,6,1250
2025-05-22T20:02:20.673136,KXBTCD-25MAY2300-T110999.99,DELTA,78,1000,85,100,282,no,6,2000
2025-05-22T20:02:21.052158,KXBTCD-25MAY2300-T110999.99,DELTA,78,1000,86,14,283,no,15,-100
2025-05-22T20:02:21.773105,KXBTCD-25MAY2300-T110999.99,DELTA,78,1000,86,14,284,no,5,-6480
2025-05-22T20:02:21.774246,KXBTCD-25MAY2300-T110999.99,DELTA,78,1000,86,14,285,no,4,8100
2025-05-22T20:02:21.812248,KXBTCD-25MAY2300-T110999.99,DELTA,78,1000,86,14,286,no,6,-20000
2025-05-22T20:02:21.832949,KXBTCD-25MAY2300-T110999.99,DELTA,78,1000,86,14,287,no,6,-2000
2025-05-22T20:02:21.833906,KXBTCD-25MAY2300-T110999.99,DELTA,78,1000,86,14,288,no,6,-1250
2025-05-22T20:02:21.913256,KXBTCD-25MAY2300-T110999.99,DELTA,78,1000,86,14,289,no,5,2000
2025-05-22T20:02:21.914166,KXBTCD-25MAY2300-T110999.99,DELTA,78,1000,86,14,290,no,5,20000
2025-05-22T20:02:21.915209,KXBTCD-25MAY2300-T110999.99,DELTA,78,1000,86,14,291,no,5,1250
2025-05-22T20:02:24.351809,KXBTCD-25MAY2300-T110999.99,DELTA,78,1000,86,14,292,yes,77,100
2025-05-22T20:02:24.371260,KXBTCD-25MAY2300-T110999.99,DELTA,78,1000,85,100,293,no,15,100
2025-05-22T20:02:25.472428,KXBTCD-25MAY2300-T110999.99,DELTA,78,1000,86,14,294,no,15,-100
2025-05-22T20:02:25.491010,KXBTCD-25MAY2300-T110999.99,DELTA,78,1000,86,14,295,yes,77,-100
2025-05-22T20:02:26.191877,KXBTCD-25MAY2300-T110999.99,DELTA,78,1000,86,14,296,no,4,-8100
2025-05-22T20:02:26.193069,KXBTCD-25MAY2300-T110999.99,DELTA,78,1000,86,14,297,no,5,6480
2025-05-22T20:02:26.273321,KXBTCD-25MAY2300-T110999.99,DELTA,78,1000,86,14,298,no,5,-20000
2025-05-22T20:02:26.293801,KXBTCD-25MAY2300-T110999.99,DELTA,78,1000,86,14,299,no,5,-2000
2025-05-22T20:02:26.294715,KXBTCD-25MAY2300-T110999.99,DELTA,78,1000,86,14,300,no,5,-1250
2025-05-22T20:02:26.372881,KXBTCD-25MAY2300-T110999.99,DELTA,78,1000,86,14,301,no,6,20000
2025-05-22T20:02:26.373840,KXBTCD-25MAY2300-T110999.99,DELTA,78,1000,86,14,302,no,6,2000
2025-05-22T20:02:26.374480,KXBTCD-25MAY2300-T110999.99,DELTA,78,1000,86,14,303,no,6,1250
2025-05-22T20:02:28.833150,KXBTCD-25MAY2300-T110999.99,DELTA,78,1000,86,14,304,yes,33,-981
2025-05-22T20:02:28.834318,KXBTCD-25MAY2300-T110999.99,DELTA,78,1000,86,14,305,yes,4,8100
2025-05-22T20:02:28.933639,KXBTCD-25MAY2300-T110999.99,DELTA,78,1000,86,14,306,yes,5,20000
2025-05-22T20:02:28.952791,KXBTCD-25MAY2300-T110999.99,DELTA,78,1000,86,14,307,no,5,-6480
2025-05-22T20:02:28.953654,KXBTCD-25MAY2300-T110999.99,DELTA,78,1000,86,14,308,no,3,10800
2025-05-22T20:02:29.032855,KXBTCD-25MAY2300-T110999.99,DELTA,78,1000,86,14,309,no,6,-20000
2025-05-22T20:02:29.053937,KXBTCD-25MAY2300-T110999.99,DELTA,78,1000,86,14,310,no,6,-2000
2025-05-22T20:02:29.054603,KXBTCD-25MAY2300-T110999.99,DELTA,78,1000,86,14,311,no,6,-1250
2025-05-22T20:02:29.133813,KXBTCD-25MAY2300-T110999.99,DELTA,78,1000,86,14,312,no,4,1250
2025-05-22T20:02:29.134577,KXBTCD-25MAY2300-T110999.99,DELTA,78,1000,86,14,313,no,4,2000
2025-05-22T20:02:29.152683,KXBTCD-25MAY2300-T110999.99,DELTA,78,1000,86,14,314,no,4,20000
2025-05-22T20:02:29.272593,KXBTCD-25MAY2300-T110999.99,DELTA,78,1000,85,100,315,no,15,100
2025-05-22T20:02:29.292453,KXBTCD-25MAY2300-T110999.99,DELTA,78,1000,85,100,316,yes,77,100
2025-05-22T20:02:29.964943,KXBTCD-25MAY2300-T110999.99,DELTA,78,1000,85,100,317,yes,77,-100
2025-05-22T20:02:29.966007,KXBTCD-25MAY2300-T110999.99,DELTA,78,1000,86,14,318,no,15,-100
2025-05-22T20:02:30.232584,KXBTCD-25MAY2300-T110999.99,DELTA,78,1000,86,14,319,yes,4,-8100
2025-05-22T20:02:30.233330,KXBTCD-25MAY2300-T110999.99,DELTA,78,1000,86,14,320,yes,6,5400
2025-05-22T20:02:30.315521,KXBTCD-25MAY2300-T110999.99,DELTA,78,1000,86,14,321,yes,5,-20000
2025-05-22T20:02:30.392627,KXBTCD-25MAY2300-T110999.99,DELTA,78,1000,86,14,322,yes,7,20000
2025-05-22T20:02:31.493057,KXBTCD-25MAY2300-T110999.99,DELTA,78,1000,86,14,323,yes,6,-5400
2025-05-22T20:02:31.494123,KXBTCD-25MAY2300-T110999.99,DELTA,78,1000,86,14,324,yes,8,4050
2025-05-22T20:02:31.574421,KXBTCD-25MAY2300-T110999.99,DELTA,78,1000,86,14,325,yes,7,-20000
2025-05-22T20:02:31.634216,KXBTCD-25MAY2300-T110999.99,DELTA,78,1000,86,14,326,yes,9,20000
2025-05-22T20:02:32.313113,KXBTCD-25MAY2300-T110999.99,DELTA,78,1000,86,14,327,no,12,-1000
2025-05-22T20:02:32.373982,KXBTCD-25MAY2300-T110999.99,DELTA,78,1000,86,14,328,no,4,1000
2025-05-22T20:02:32.432697,KXBTCD-25MAY2300-T110999.99,DELTA,78,1000,86,14,329,no,5,9
2025-05-22T20:02:32.633420,KXBTCD-25MAY2300-T110999.99,DELTA,78,1000,86,14,330,yes,8,-4050
2025-05-22T20:02:32.634547,KXBTCD-25MAY2300-T110999.99,DELTA,78,1000,86,14,331,yes,10,3240
2025-05-22T20:02:32.713000,KXBTCD-25MAY2300-T110999.99,DELTA,78,1000,86,14,332,yes,9,-20000
2025-05-22T20:02:32.771852,KXBTCD-25MAY2300-T110999.99,DELTA,78,1000,86,14,333,yes,11,20000
2025-05-22T20:02:33.861824,KXBTCD-25MAY2300-T110999.99,DELTA,78,1000,86,114,334,no,14,100
2025-05-22T20:02:33.862815,KXBTCD-25MAY2300-T110999.99,DELTA,78,1100,86,114,335,yes,78,100
2025-05-22T20:02:33.893262,KXBTCD-25MAY2300-T110999.99,DELTA,78,100,86,114,336,yes,78,-1000
2025-05-22T20:02:33.971507,KXBTCD-25MAY2300-T110999.99,DELTA,79,1000,86,114,337,yes,79,1000
2025-05-22T20:02:33.972246,KXBTCD-25MAY2300-T110999.99,DELTA,79,1000,86,114,338,yes,10,-3240
2025-05-22T20:02:33.972790,KXBTCD-25MAY2300-T110999.99,DELTA,79,1000,86,114,339,yes,12,2700
2025-05-22T20:02:34.033083,KXBTCD-25MAY2300-T110999.99,DELTA,79,1000,86,114,340,no,3,-10800
2025-05-22T20:02:34.034045,KXBTCD-25MAY2300-T110999.99,DELTA,79,1000,86,114,341,no,1,32400
2025-05-22T20:02:34.052738,KXBTCD-25MAY2300-T110999.99,DELTA,79,1000,86,114,342,yes,11,-20000
2025-05-22T20:02:34.133372,KXBTCD-25MAY2300-T110999.99,DELTA,79,1000,86,114,343,no,4,-20000
2025-05-22T20:02:34.153736,KXBTCD-25MAY2300-T110999.99,DELTA,79,1000,86,114,344,no,4,-2000
2025-05-22T20:02:34.154812,KXBTCD-25MAY2300-T110999.99,DELTA,79,1000,86,114,345,no,4,-1000
2025-05-22T20:02:34.172994,KXBTCD-25MAY2300-T110999.99,DELTA,79,1000,86,114,346,no,4,-1250
2025-05-22T20:02:34.233303,KXBTCD-25MAY2300-T110999.99,DELTA,79,1000,86,114,347,no,2,20000
2025-05-22T20:02:34.234443,KXBTCD-25MAY2300-T110999.99,DELTA,79,1000,86,114,348,no,2,2000
2025-05-22T20:02:34.253380,KXBTCD-25MAY2300-T110999.99,DELTA,79,1000,86,114,349,no,2,1250
2025-05-22T20:02:34.254005,KXBTCD-25MAY2300-T110999.99,DELTA,79,1000,86,114,350,no,2,1000
2025-05-22T20:02:35.494132,KXBTCD-25MAY2300-T110999.99,DELTA,79,1000,86,114,351,yes,78,-100
2025-05-22T20:02:35.512315,KXBTCD-25MAY2300-T110999.99,DELTA,79,1000,86,14,352,no,14,-100
2025-05-22T20:02:35.572816,KXBTCD-25MAY2300-T110999.99,DELTA,77,44,86,14,353,yes,79,-1000
2025-05-22T20:02:35.612656,KXBTCD-25MAY2300-T110999.99,DELTA,77,44,86,14,354,no,4,9
2025-05-22T20:02:35.613510,KXBTCD-25MAY2300-T110999.99,DELTA,77,44,86,14,355,no,5,-9
2025-05-22T20:02:35.671673,KXBTCD-25MAY2300-T110999.99,DELTA,78,1000,86,14,356,yes,78,1000
2025-05-22T20:02:38.533222,KXBTCD-25MAY2300-T110999.99,DELTA,78,1000,86,14,357,yes,12,-2700
2025-05-22T20:02:38.534283,KXBTCD-25MAY2300-T110999.99,DELTA,78,1000,86,14,358,yes,4,8100
2025-05-22T20:02:38.572482,KXBTCD-25MAY2300-T110999.99,DELTA,78,1000,86,14,359,no,1,-32400
2025-05-22T20:02:38.573428,KXBTCD-25MAY2300-T110999.99,DELTA,78,1000,86,14,360,no,2,16200
2025-05-22T20:02:38.612851,KXBTCD-25MAY2300-T110999.99,DELTA,78,1000,86,14,361,yes,5,20000
2025-05-22T20:02:38.732667,KXBTCD-25MAY2300-T110999.99,DELTA,78,1000,86,14,362,no,2,-20000
2025-05-22T20:02:38.733356,KXBTCD-25MAY2300-T110999.99,DELTA,78,1000,86,14,363,no,2,-2000
2025-05-22T20:02:38.753471,KXBTCD-25MAY2300-T110999.99,DELTA,78,1000,86,14,364,no,2,-1000
2025-05-22T20:02:38.754287,KXBTCD-25MAY2300-T110999.99,DELTA,78,1000,86,14,365,no,2,-1250
2025-05-22T20:02:38.832428,KXBTCD-25MAY2300-T110999.99,DELTA,78,1000,86,14,366,no,3,1250
2025-05-22T20:02:38.833293,KXBTCD-25MAY2300-T110999.99,DELTA,78,1000,86,14,367,no,3,1000
2025-05-22T20:02:38.833999,KXBTCD-25MAY2300-T110999.99,DELTA,78,1000,86,14,368,no,3,2000
2025-05-22T20:02:38.834611,KXBTCD-25MAY2300-T110999.99,DELTA,78,1000,86,14,369,no,3,20000
2025-05-22T20:02:39.392080,KXBTCD-25MAY2300-T110999.99,DELTA,78,1000,86,114,370,no,14,100
2025-05-22T20:02:39.392330,KXBTCD-25MAY2300-T110999.99,DELTA,78,1100,86,114,371,yes,78,100
2025-05-22T20:02:39.472046,KXBTCD-25MAY2300-T110999.99,DELTA,78,100,86,114,372,yes,78,-1000
2025-05-22T20:02:39.553241,KXBTCD-25MAY2300-T110999.99,DELTA,79,1000,86,114,373,yes,79,1000
2025-05-22T20:02:40.353387,KXBTCD-25MAY2300-T110999.99,DELTA,79,1000,86,114,374,yes,78,-100
2025-05-22T20:02:40.373254,KXBTCD-25MAY2300-T110999.99,DELTA,79,1000,86,14,375,no,14,-100
2025-05-22T20:02:40.432476,KXBTCD-25MAY2300-T110999.99,DELTA,77,44,86,14,376,yes,79,-1000
2025-05-22T20:02:40.472695,KXBTCD-25MAY2300-T110999.99,DELTA,78,1000,86,14,377,yes,78,1000
2025-05-22T20:02:41.292510,KXBTCD-25MAY2300-T110999.99,DELTA,78,1000,86,14,378,yes,4,-8100
2025-05-22T20:02:41.293525,KXBTCD-25MAY2300-T110999.99,DELTA,78,1000,86,14,379,yes,6,5400
2025-05-22T20:02:41.333499,KXBTCD-25MAY2300-T110999.99,DELTA,78,1000,86,14,380,no,2,-16200
2025-05-22T20:02:41.334324,KXBTCD-25MAY2300-T110999.99,DELTA,78,1000,86,14,381,no,1,32400
2025-05-22T20:02:41.352165,KXBTCD-25MAY2300-T110999.99,DELTA,78,1000,86,14,382,yes,5,-20000
2025-05-22T20:02:41.393199,KXBTCD-25MAY2300-T110999.99,DELTA,78,1000,86,14,383,yes,7,20000
2025-05-22T20:02:41.394101,KXBTCD-25MAY2300-T110999.99,DELTA,78,1000,86,14,384,no,3,-20000
2025-05-22T20:02:41.412235,KXBTCD-25MAY2300-T110999.99,DELTA,78,1000,86,14,385,no,3,-2000
2025-05-22T20:02:41.413070,KXBTCD-25MAY2300-T110999.99,DELTA,78,1000,86,14,386,no,3,-1000
2025-05-22T20:02:41.432855,KXBTCD-25MAY2300-T110999.99,DELTA,78,1000,86,14,387,no,3,-1250
2025-05-22T20:02:41.472615,KXBTCD-25MAY2300-T110999.99,DELTA,78,1000,86,14,388,no,2,20000
2025-05-22T20:02:41.473490,KXBTCD-25MAY2300-T110999.99,DELTA,78,1000,86,14,389,no,2,1250
2025-05-22T20:02:41.474225,KXBTCD-25MAY2300-T110999.99,DELTA,78,1000,86,14,390,no,2,2000
2025-05-22T20:02:41.533148,KXBTCD-25MAY2300-T110999.99,DELTA,78,1000,86,14,391,no,2,1000
2025-05-22T20:02:42.572981,KXBTCD-25MAY2300-T110999.99,DELTA,78,1000,86,14,392,yes,77,-30
2025-05-22T20:02:42.574021,KXBTCD-25MAY2300-T110999.99,DELTA,78,1030,86,14,393,yes,78,30
2025-05-22T20:02:42.574612,KXBTCD-25MAY2300-T110999.99,DELTA,78,1030,86,14,394,no,12,-30
2025-05-22T20:02:42.575112,KXBTCD-25MAY2300-T110999.99,DELTA,78,1030,86,14,395,no,11,30
2025-05-22T20:02:42.632310,KXBTCD-25MAY2300-T110999.99,DELTA,78,30,86,14,396,yes,78,-1000
2025-05-22T20:02:42.651967,KXBTCD-25MAY2300-T110999.99,DELTA,78,30,86,14,397,no,2,-1000
2025-05-22T20:02:42.692459,KXBTCD-25MAY2300-T110999.99,DELTA,79,1000,86,14,398,yes,79,1000
2025-05-22T20:02:42.693433,KXBTCD-25MAY2300-T110999.99,DELTA,79,1000,86,14,399,yes,6,-5400
2025-05-22T20:02:42.694092,KXBTCD-25MAY2300-T110999.99,DELTA,79,1000,86,14,400,yes,8,4050
2025-05-22T20:02:42.694464,KXBTCD-25MAY2300-T110999.99,DELTA,79,1000,86,14,401,no,11,1000
2025-05-22T20:02:42.732864,KXBTCD-25MAY2300-T110999.99,DELTA,79,1000,86,14,402,yes,77,-14
2025-05-22T20:02:42.733250,KXBTCD-25MAY2300-T110999.99,DELTA,79,1000,89,1030,403,no,14,-14
2025-05-22T20:02:42.752281,KXBTCD-25MAY2300-T110999.99,DELTA,79,1014,89,1030,404,yes,79,14
2025-05-22T20:02:42.753032,KXBTCD-25MAY2300-T110999.99,DELTA,79,1014,88,14,405,no,12,14
2025-05-22T20:02:42.792673,KXBTCD-25MAY2300-T110999.99,DELTA,79,1014,88,14,406,yes,7,-20000
2025-05-22T20:02:42.831822,KXBTCD-25MAY2300-T110999.99,DELTA,79,1014,88,14,407,yes,9,20000
2025-05-22T20:02:42.832141,KXBTCD-25MAY2300-T110999.99,DELTA,79,1014,88,14,408,no,1,-32400
2025-05-22T20:02:42.832297,KXBTCD-25MAY2300-T110999.99,DELTA,79,1014,88,14,409,no,2,16200
2025-05-22T20:02:42.892198,KXBTCD-25MAY2300-T110999.99,DELTA,79,1014,88,14,410,no,2,-20000
2025-05-22T20:02:42.911742,KXBTCD-25MAY2300-T110999.99,DELTA,79,1014,88,14,411,no,2,-2000
2025-05-22T20:02:42.911957,KXBTCD-25MAY2300-T110999.99,DELTA,79,1014,88,14,412,no,2,-1250
2025-05-22T20:02:42.951245,KXBTCD-25MAY2300-T110999.99,DELTA,79,1014,88,14,413,no,3,2000
2025-05-22T20:02:42.951837,KXBTCD-25MAY2300-T110999.99,DELTA,79,1014,88,14,414,no,3,20000
2025-05-22T20:02:42.951984,KXBTCD-25MAY2300-T110999.99,DELTA,79,1014,88,14,415,no,3,1250
2025-05-22T20:02:43.372371,KXBTCD-25MAY2300-T110999.99,DELTA,79,989,88,14,416,yes,79,-25
2025-05-22T20:02:43.472858,KXBTCD-25MAY2300-T110999.99,DELTA,79,989,88,14,417,no,4,-9
2025-05-22T20:02:44.097862,KXBTCD-25MAY2300-T110999.99,DELTA,79,989,88,14,418,yes,8,-4050
2025-05-22T20:02:44.098703,KXBTCD-25MAY2300-T110999.99,DELTA,79,989,88,14,419,yes,10,3240
2025-05-22T20:02:44.132881,KXBTCD-25MAY2300-T110999.99,DELTA,79,989,88,14,420,no,2,-16200
2025-05-22T20:02:44.133816,KXBTCD-25MAY2300-T110999.99,DELTA,79,989,88,14,421,no,1,32400
2025-05-22T20:02:44.134321,KXBTCD-25MAY2300-T110999.99,DELTA,79,989,88,14,422,yes,9,-20000
2025-05-22T20:02:44.173455,KXBTCD-25MAY2300-T110999.99,DELTA,79,989,88,14,423,yes,11,20000
2025-05-22T20:02:44.193771,KXBTCD-25MAY2300-T110999.99,DELTA,79,989,88,14,424,no,3,-20000
2025-05-22T20:02:44.194361,KXBTCD-25MAY2300-T110999.99,DELTA,79,989,88,14,425,no,3,-2000
2025-05-22T20:02:44.212428,KXBTCD-25MAY2300-T110999.99,DELTA,79,989,88,14,426,no,3,-1250
2025-05-22T20:02:44.232127,KXBTCD-25MAY2300-T110999.99,DELTA,79,989,86,100,427,no,14,100
2025-05-22T20:02:44.252372,KXBTCD-25MAY2300-T110999.99,DELTA,79,989,86,100,428,yes,78,100
2025-05-22T20:02:44.252952,KXBTCD-25MAY2300-T110999.99,DELTA,79,989,86,100,429,no,2,20000
2025-05-22T20:02:44.253864,KXBTCD-25MAY2300-T110999.99,DELTA,79,989,86,100,430,no,2,2000
2025-05-22T20:02:44.254364,KXBTCD-25MAY2300-T110999.99,DELTA,79,989,86,100,431,no,2,1250
2025-05-22T20:02:44.892594,KXBTCD-25MAY2300-T110999.99,DELTA,79,989,86,100,432,yes,78,-100
2025-05-22T20:02:44.893339,KXBTCD-25MAY2300-T110999.99,DELTA,79,989,88,14,433,no,14,-100
2025-05-22T20:02:45.412747,KXBTCD-25MAY2300-T110999.99,DELTA,79,989,88,14,434,yes,10,-3240
2025-05-22T20:02:45.413116,KXBTCD-25MAY2300-T110999.99,DELTA,79,989,88,14,435,yes,33,981
2025-05-22T20:02:45.472420,KXBTCD-25MAY2300-T110999.99,DELTA,79,989,88,14,436,no,1,-32400
2025-05-22T20:02:45.472743,KXBTCD-25MAY2300-T110999.99,DELTA,79,989,88,14,437,no,2,16200
2025-05-22T20:02:45.473164,KXBTCD-25MAY2300-T110999.99,DELTA,79,989,88,14,438,yes,11,-20000
2025-05-22T20:02:45.535640,KXBTCD-25MAY2300-T110999.99,DELTA,79,989,88,14,439,no,2,-20000
2025-05-22T20:02:45.552112,KXBTCD-25MAY2300-T110999.99,DELTA,79,989,88,14,440,no,2,-2000
2025-05-22T20:02:45.552792,KXBTCD-25MAY2300-T110999.99,DELTA,79,989,88,14,441,no,2,-1250
2025-05-22T20:02:45.624301,KXBTCD-25MAY2300-T110999.99,DELTA,79,989,88,14,442,no,3,1250
2025-05-22T20:02:45.625254,KXBTCD-25MAY2300-T110999.99,DELTA,79,989,88,14,443,no,3,20000
2025-05-22T20:02:45.625917,KXBTCD-25MAY2300-T110999.99,DELTA,79,989,88,14,444,no,3,2000
2025-05-22T20:02:46.813080,KXBTCD-25MAY2300-T110999.99,DELTA,79,989,88,14,445,no,2,-16200
2025-05-22T20:02:46.813706,KXBTCD-25MAY2300-T110999.99,DELTA,79,989,88,14,446,no,1,32400
2025-05-22T20:02:46.872735,KXBTCD-25MAY2300-T110999.99,DELTA,79,989,88,14,447,no,3,-20000
2025-05-22T20:02:46.873583,KXBTCD-25MAY2300-T110999.99,DELTA,79,989,88,14,448,no,3,-2000
2025-05-22T20:02:46.893790,KXBTCD-25MAY2300-T110999.99,DELTA,79,989,88,14,449,no,3,-1250
2025-05-22T20:02:46.933186,KXBTCD-25MAY2300-T110999.99,DELTA,79,989,88,14,450,no,2,20000
2025-05-22T20:02:46.934151,KXBTCD-25MAY2300-T110999.99,DELTA,79,989,88,14,451,no,2,1250
2025-05-22T20:02:46.934675,KXBTCD-25MAY2300-T110999.99,DELTA,79,989,88,14,452,no,2,2000
2025-05-22T20:02:49.222697,KXBTCD-25MAY2300-T110999.99,DELTA,79,989,88,14,453,no,11,-1000
2025-05-22T20:02:49.223507,KXBTCD-25MAY2300-T110999.99,DELTA,79,989,88,14,454,no,2,1000
2025-05-22T20:02:49.292095,KXBTCD-25MAY2300-T110999.99,DELTA,79,989,88,14,455,no,4,9
2025-05-22T20:02:50.333297,KXBTCD-25MAY2300-T110999.99,DELTA,79,989,86,100,456,no,14,100
2025-05-22T20:02:50.352091,KXBTCD-25MAY2300-T110999.99,DELTA,79,989,86,100,457,yes,78,100
2025-05-22T20:02:51.753263,KXBTCD-25MAY2300-T110999.99,DELTA,79,989,86,100,458,yes,78,-100
2025-05-22T20:02:51.771858,KXBTCD-25MAY2300-T110999.99,DELTA,79,989,88,14,459,no,14,-100
2025-05-22T20:02:53.928693,KXBTCD-25MAY2300-T110999.99,DELTA,79,989,88,14,460,no,1,-32400
2025-05-22T20:02:53.929653,KXBTCD-25MAY2300-T110999.99,DELTA,79,989,88,14,461,no,2,16200
2025-05-22T20:02:53.930345,KXBTCD-25MAY2300-T110999.99,DELTA,79,989,88,14,462,no,2,-20000
2025-05-22T20:02:53.930764,KXBTCD-25MAY2300-T110999.99,DELTA,79,989,88,14,463,no,2,-2000
2025-05-22T20:02:53.931188,KXBTCD-25MAY2300-T110999.99,DELTA,79,989,88,14,464,no,2,-1000
2025-05-22T20:02:53.934227,KXBTCD-25MAY2300-T110999.99,DELTA,79,989,88,14,465,no,2,-1250
2025-05-22T20:02:53.973347,KXBTCD-25MAY2300-T110999.99,DELTA,79,989,88,14,466,no,3,1250
2025-05-22T20:02:53.974260,KXBTCD-25MAY2300-T110999.99,DELTA,79,989,88,14,467,no,3,1000
2025-05-22T20:02:53.974995,KXBTCD-25MAY2300-T110999.99,DELTA,79,989,88,14,468,no,3,20000
2025-05-22T20:02:53.975492,KXBTCD-25MAY2300-T110999.99,DELTA,79,989,88,14,469,no,3,2000
2025-05-22T20:02:55.214217,KXBTCD-25MAY2300-T110999.99,DELTA,79,989,88,14,470,no,3,-1000
2025-05-22T20:02:55.252412,KXBTCD-25MAY2300-T110999.99,DELTA,79,989,88,14,471,no,11,1000
2025-05-22T20:02:56.193290,KXBTCD-25MAY2300-T110999.99,DELTA,79,988,88,14,472,yes,79,-1
2025-05-22T20:02:56.313513,KXBTCD-25MAY2300-T110999.99,DELTA,79,988,88,14,473,no,4,-9
2025-05-22T20:02:56.353208,KXBTCD-25MAY2300-T110999.99,DELTA,79,988,86,100,474,no,14,100
2025-05-22T20:02:56.372995,KXBTCD-25MAY2300-T110999.99,DELTA,79,988,86,100,475,yes,78,100
2025-05-22T20:02:56.512203,KXBTCD-25MAY2300-T110999.99,DELTA,79,988,86,100,476,yes,33,-981
2025-05-22T20:02:56.513034,KXBTCD-25MAY2300-T110999.99,DELTA,79,988,86,100,477,yes,34,952
2025-05-22T20:02:56.572671,KXBTCD-25MAY2300-T110999.99,DELTA,79,988,86,100,478,no,2,-16200
2025-05-22T20:02:56.573673,KXBTCD-25MAY2300-T110999.99,DELTA,79,988,86,100,479,no,3,10800
2025-05-22T20:02:56.632733,KXBTCD-25MAY2300-T110999.99,DELTA,79,988,86,100,480,no,3,-20000
2025-05-22T20:02:56.652367,KXBTCD-25MAY2300-T110999.99,DELTA,79,988,86,100,481,no,3,-2000
2025-05-22T20:02:56.652569,KXBTCD-25MAY2300-T110999.99,DELTA,79,988,86,100,482,no,3,-1250
2025-05-22T20:02:56.712923,KXBTCD-25MAY2300-T110999.99,DELTA,79,988,86,100,483,no,4,2000
2025-05-22T20:02:56.713252,KXBTCD-25MAY2300-T110999.99,DELTA,79,988,86,100,484,no,4,20000
2025-05-22T20:02:56.713493,KXBTCD-25MAY2300-T110999.99,DELTA,79,988,86,100,485,no,4,1250
2025-05-22T20:02:57.572298,KXBTCD-25MAY2300-T110999.99,DELTA,79,988,86,100,486,yes,78,-100
2025-05-22T20:02:57.573042,KXBTCD-25MAY2300-T110999.99,DELTA,79,988,88,14,487,no,14,-100
2025-05-22T20:02:58.512836,KXBTCD-25MAY2300-T110999.99,DELTA,79,988,88,14,488,no,11,-1000
2025-05-22T20:02:58.572791,KXBTCD-25MAY2300-T110999.99,DELTA,79,988,88,14,489,no,4,1000
2025-05-22T20:02:58.673448,KXBTCD-25MAY2300-T110999.99,DELTA,79,988,88,14,490,no,5,9
2025-05-22T20:03:03.773493,KXBTCD-25MAY2300-T110999.99,DELTA,79,988,87,100,491,no,13,100
2025-05-22T20:03:03.792960,KXBTCD-25MAY2300-T110999.99,DELTA,79,1088,87,100,492,yes,79,100
2025-05-22T20:03:03.853474,KXBTCD-25MAY2300-T110999.99,DELTA,79,114,87,100,493,yes,79,-974
2025-05-22T20:03:03.893000,KXBTCD-25MAY2300-T110999.99,DELTA,80,1000,87,100,494,yes,80,1000
2025-05-22T20:03:04.932624,KXBTCD-25MAY2300-T110999.99,DELTA,80,1000,87,100,495,yes,79,-100
2025-05-22T20:03:04.952786,KXBTCD-25MAY2300-T110999.99,DELTA,80,1000,88,14,496,no,13,-100
2025-05-22T20:03:04.992865,KXBTCD-25MAY2300-T110999.99,DELTA,79,14,88,14,497,yes,80,-1000
2025-05-22T20:03:05.032919,KXBTCD-25MAY2300-T110999.99,DELTA,79,1014,88,14,498,yes,79,1000
2025-05-22T20:03:08.292756,KXBTCD-25MAY2300-T110999.99,DELTA,79,1014,88,12,499,no,12,-2
2025-05-22T20:03:09.252821,KXBTCD-25MAY2300-T110999.99,DELTA,79,1014,87,100,500,no,13,100
2025-05-22T20:03:09.253510,KXBTCD-25MAY2300-T110999.99,DELTA,79,1114,87,100,501,yes,79,100
2025-05-22T20:03:09.332135,KXBTCD-25MAY2300-T110999.99,DELTA,79,114,87,100,502,yes,79,-1000
2025-05-22T20:03:09.392067,KXBTCD-25MAY2300-T110999.99,DELTA,80,1000,87,100,503,yes,80,1000
2025-05-22T20:03:10.912435,KXBTCD-25MAY2300-T110999.99,DELTA,80,1000,87,100,504,no,3,-10800
2025-05-22T20:03:10.912934,KXBTCD-25MAY2300-T110999.99,DELTA,80,1000,87,100,505,no,1,32400
2025-05-22T20:03:10.973305,KXBTCD-25MAY2300-T110999.99,DELTA,80,1000,87,100,506,yes,79,-100
2025-05-22T20:03:10.993866,KXBTCD-25MAY2300-T110999.99,DELTA,80,1000,87,100,507,no,4,-20000
2025-05-22T20:03:11.019869,KXBTCD-25MAY2300-T110999.99,DELTA,80,1000,87,100,508,no,4,-2000
2025-05-22T20:03:11.020293,KXBTCD-25MAY2300-T110999.99,DELTA,80,1000,87,100,509,no,4,-1000
2025-05-22T20:03:11.033089,KXBTCD-25MAY2300-T110999.99,DELTA,80,1000,87,100,510,no,4,-1250
2025-05-22T20:03:11.053401,KXBTCD-25MAY2300-T110999.99,DELTA,79,14,87,100,511,yes,80,-1000
2025-05-22T20:03:11.081064,KXBTCD-25MAY2300-T110999.99,DELTA,79,14,87,100,512,no,1,-32400
2025-05-22T20:03:11.081619,KXBTCD-25MAY2300-T110999.99,DELTA,79,14,87,100,513,yes,34,-952
2025-05-22T20:03:11.097531,KXBTCD-25MAY2300-T110999.99,DELTA,79,14,87,100,514,no,2,1250
2025-05-22T20:03:11.098003,KXBTCD-25MAY2300-T110999.99,DELTA,79,14,87,100,515,no,2,2000
2025-05-22T20:03:11.098245,KXBTCD-25MAY2300-T110999.99,DELTA,79,14,87,100,516,no,2,1000
2025-05-22T20:03:11.098485,KXBTCD-25MAY2300-T110999.99,DELTA,79,14,87,100,517,no,2,20000
2025-05-22T20:03:11.117296,KXBTCD-25MAY2300-T110999.99,DELTA,79,1014,87,100,518,yes,79,1000
2025-05-22T20:03:11.155373,KXBTCD-25MAY2300-T110999.99,DELTA,79,1014,87,100,519,no,2,-20000
2025-05-22T20:03:11.155870,KXBTCD-25MAY2300-T110999.99,DELTA,79,1014,87,100,520,no,2,-2000
2025-05-22T20:03:11.171606,KXBTCD-25MAY2300-T110999.99,DELTA,79,1014,87,100,521,no,2,-1000
2025-05-22T20:03:11.172605,KXBTCD-25MAY2300-T110999.99,DELTA,79,1014,87,100,522,no,2,-1250
2025-05-22T20:03:12.253172,KXBTCD-25MAY2300-T110999.99,DELTA,79,1014,87,100,523,yes,34,952
2025-05-22T20:03:12.313396,KXBTCD-25MAY2300-T110999.99,DELTA,79,1014,87,100,524,no,1,32400
2025-05-22T20:03:12.374786,KXBTCD-25MAY2300-T110999.99,DELTA,79,1014,87,100,525,no,5,-9
2025-05-22T20:03:12.375831,KXBTCD-25MAY2300-T110999.99,DELTA,79,1014,87,100,526,no,4,9
2025-05-22T20:03:12.376591,KXBTCD-25MAY2300-T110999.99,DELTA,79,1014,87,100,527,no,2,1000
2025-05-22T20:03:12.377267,KXBTCD-25MAY2300-T110999.99,DELTA,79,1014,87,100,528,no,2,2000
2025-05-22T20:03:12.377861,KXBTCD-25MAY2300-T110999.99,DELTA,79,1014,87,100,529,no,2,20000
2025-05-22T20:03:12.392875,KXBTCD-25MAY2300-T110999.99,DELTA,79,1014,87,100,530,no,2,1250
2025-05-22T20:03:12.873659,KXBTCD-25MAY2300-T110999.99,DELTA,79,1014,88,12,531,no,13,-100
2025-05-22T20:03:13.613774,KXBTCD-25MAY2300-T110999.99,DELTA,79,1014,88,12,532,no,1,-32400
2025-05-22T20:03:13.614944,KXBTCD-25MAY2300-T110999.99,DELTA,79,1014,88,12,533,no,3,10800
2025-05-22T20:03:13.696671,KXBTCD-25MAY2300-T110999.99,DELTA,79,1014,88,12,534,no,2,-20000
2025-05-22T20:03:13.697706,KXBTCD-25MAY2300-T110999.99,DELTA,79,1014,88,12,535,no,2,-2000
2025-05-22T20:03:13.698445,KXBTCD-25MAY2300-T110999.99,DELTA,79,1014,88,12,536,no,2,-1000
2025-05-22T20:03:13.698964,KXBTCD-25MAY2300-T110999.99,DELTA,79,1014,88,12,537,no,2,-1250
2025-05-22T20:03:13.732660,KXBTCD-25MAY2300-T110999.99,DELTA,79,1014,88,12,538,no,4,1250
2025-05-22T20:03:13.733598,KXBTCD-25MAY2300-T110999.99,DELTA,79,1014,88,12,539,no,4,1000
2025-05-22T20:03:13.752288,KXBTCD-25MAY2300-T110999.99,DELTA,79,1014,88,12,540,no,4,2000
2025-05-22T20:03:13.892587,KXBTCD-25MAY2300-T110999.99,DELTA,79,1014,88,12,541,no,4,20000
2025-05-22T20:03:14.712453,KXBTCD-25MAY2300-T110999.99,DELTA,80,100,88,12,542,yes,80,100
2025-05-22T20:03:14.792483,KXBTCD-25MAY2300-T110999.99,DELTA,80,100,88,12,543,yes,79,-1000
2025-05-22T20:03:14.832382,KXBTCD-25MAY2300-T110999.99,DELTA,80,100,88,12,544,no,4,-9
2025-05-22T20:03:14.833271,KXBTCD-25MAY2300-T110999.99,DELTA,81,1000,88,12,545,yes,81,1000
2025-05-22T20:03:14.852610,KXBTCD-25MAY2300-T110999.99,DELTA,81,1000,88,12,546,no,5,9
2025-05-22T20:03:16.033074,KXBTCD-25MAY2300-T110999.99,DELTA,81,1000,88,12,547,yes,80,-100
2025-05-22T20:03:16.093023,KXBTCD-25MAY2300-T110999.99,DELTA,79,14,88,12,548,yes,81,-1000
2025-05-22T20:03:16.134819,KXBTCD-25MAY2300-T110999.99,DELTA,79,1014,88,12,549,yes,79,1000
2025-05-22T20:03:16.993812,KXBTCD-25MAY2300-T110999.99,DELTA,79,1014,87,100,550,no,13,100
2025-05-22T20:03:17.052710,KXBTCD-25MAY2300-T110999.99,DELTA,79,1014,87,100,551,no,4,-1000
2025-05-22T20:03:17.112812,KXBTCD-25MAY2300-T110999.99,DELTA,79,1014,87,100,552,no,11,1000
2025-05-22T20:03:17.990803,KXBTCD-25MAY2300-T110999.99,DELTA,79,1014,87,100,553,no,11,-1000
2025-05-22T20:03:17.991383,KXBTCD-25MAY2300-T110999.99,DELTA,79,1014,87,100,554,no,4,1000
2025-05-22T20:03:18.132724,KXBTCD-25MAY2300-T110999.99,DELTA,79,1014,87,100,555,no,4,-1000
2025-05-22T20:03:18.178078,KXBTCD-25MAY2300-T110999.99,DELTA,79,1014,87,100,556,no,11,1000
2025-05-22T20:03:18.179047,KXBTCD-25MAY2300-T110999.99,DELTA,79,1014,88,12,557,no,13,-100
2025-05-22T20:03:21.678530,KXBTCD-25MAY2300-T110999.99,DELTA,79,1014,86,100,558,no,14,100
2025-05-22T20:03:21.678797,KXBTCD-25MAY2300-T110999.99,DELTA,79,1014,86,100,559,yes,78,100
2025-05-22T20:03:21.792178,KXBTCD-25MAY2300-T110999.99,DELTA,79,1014,86,100,560,no,5,-9
2025-05-22T20:03:22.993177,KXBTCD-25MAY2300-T110999.99,DELTA,79,1014,86,100,561,yes,78,-100
2025-05-22T20:03:22.993842,KXBTCD-25MAY2300-T110999.99,DELTA,79,1014,88,12,562,no,14,-100
2025-05-22T20:03:25.160842,KXBTCD-25MAY2300-T110999.99,DELTA,79,1014,88,12,563,yes,78,-30
2025-05-22T20:03:25.161475,KXBTCD-25MAY2300-T110999.99,DELTA,79,1014,88,12,564,yes,77,30
2025-05-22T20:03:25.161895,KXBTCD-25MAY2300-T110999.99,DELTA,79,1014,88,42,565,no,12,30
2025-05-22T20:03:25.162196,KXBTCD-25MAY2300-T110999.99,DELTA,79,1014,88,42,566,no,11,-30
2025-05-22T20:03:25.162424,KXBTCD-25MAY2300-T110999.99,DELTA,79,1014,88,42,567,yes,77,14
2025-05-22T20:03:25.162592,KXBTCD-25MAY2300-T110999.99,DELTA,79,14,88,42,568,yes,79,-1000
2025-05-22T20:03:25.162737,KXBTCD-25MAY2300-T110999.99,DELTA,79,14,86,14,569,no,14,14
2025-05-22T20:03:25.162974,KXBTCD-25MAY2300-T110999.99,DELTA,79,14,86,14,570,no,11,-1000
2025-05-22T20:03:25.163422,KXBTCD-25MAY2300-T110999.99,DELTA,77,44,86,14,571,yes,79,-14
2025-05-22T20:03:25.172829,KXBTCD-25MAY2300-T110999.99,DELTA,77,44,86,14,572,no,12,-12
2025-05-22T20:03:25.213573,KXBTCD-25MAY2300-T110999.99,DELTA,78,1000,86,14,573,yes,78,1000
2025-05-22T20:03:25.214412,KXBTCD-25MAY2300-T110999.99,DELTA,78,1000,86,14,574,no,12,1000
2025-05-22T20:03:26.085167,KXBTCD-25MAY2300-T110999.99,DELTA,78,1000,86,14,575,yes,77,-30
2025-05-22T20:03:26.086216,KXBTCD-25MAY2300-T110999.99,DELTA,78,1000,86,14,576,yes,75,30
2025-05-22T20:03:26.086800,KXBTCD-25MAY2300-T110999.99,DELTA,78,1000,86,14,577,no,12,-30
2025-05-22T20:03:26.087267,KXBTCD-25MAY2300-T110999.99,DELTA,78,1000,86,44,578,no,14,30
2025-05-22T20:03:26.177464,KXBTCD-25MAY2300-T110999.99,DELTA,78,1000,86,44,579,no,12,-1000
2025-05-22T20:03:26.178514,KXBTCD-25MAY2300-T110999.99,DELTA,77,14,86,44,580,yes,78,-1000
2025-05-22T20:03:26.179252,KXBTCD-25MAY2300-T110999.99,DELTA,77,14,86,44,581,no,4,1000
2025-05-22T20:03:26.215818,KXBTCD-25MAY2300-T110999.99,DELTA,77,14,86,44,582,yes,76,1000
2025-05-22T20:03:26.933703,KXBTCD-25MAY2300-T110999.99,DELTA,77,14,86,144,583,no,14,100
2025-05-22T20:03:26.952569,KXBTCD-25MAY2300-T110999.99,DELTA,78,100,86,144,584,yes,78,100
2025-05-22T20:03:27.012790,KXBTCD-25MAY2300-T110999.99,DELTA,78,100,86,144,585,yes,76,-1000
2025-05-22T20:03:27.052874,KXBTCD-25MAY2300-T110999.99,DELTA,78,100,86,144,586,no,5,9
2025-05-22T20:03:27.073128,KXBTCD-25MAY2300-T110999.99,DELTA,79,1000,86,144,587,yes,79,1000
2025-05-22T20:03:27.734613,KXBTCD-25MAY2300-T110999.99,DELTA,79,1000,86,144,588,yes,78,-100
2025-05-22T20:03:27.735460,KXBTCD-25MAY2300-T110999.99,DELTA,79,1000,86,44,589,no,14,-100
2025-05-22T20:03:27.792988,KXBTCD-25MAY2300-T110999.99,DELTA,77,14,86,44,590,yes,79,-1000
2025-05-22T20:03:27.833973,KXBTCD-25MAY2300-T110999.99,DELTA,77,14,86,44,591,yes,76,1000
2025-05-22T20:03:28.513021,KXBTCD-25MAY2300-T110999.99,DELTA,77,14,86,44,592,no,3,-10800
2025-05-22T20:03:28.514150,KXBTCD-25MAY2300-T110999.99,DELTA,77,14,86,44,593,no,1,32400
2025-05-22T20:03:28.573101,KXBTCD-25MAY2300-T110999.99,DELTA,77,14,86,44,594,no,4,-20000
2025-05-22T20:03:28.592904,KXBTCD-25MAY2300-T110999.99,DELTA,77,14,86,44,595,no,4,-2000
2025-05-22T20:03:28.593722,KXBTCD-25MAY2300-T110999.99,DELTA,77,14,86,44,596,no,4,-1000
2025-05-22T20:03:28.612643,KXBTCD-25MAY2300-T110999.99,DELTA,77,14,86,44,597,no,4,-1250
2025-05-22T20:03:28.653026,KXBTCD-25MAY2300-T110999.99,DELTA,77,14,86,44,598,no,2,2000
2025-05-22T20:03:28.654013,KXBTCD-25MAY2300-T110999.99,DELTA,77,14,86,44,599,no,2,20000
2025-05-22T20:03:28.654741,KXBTCD-25MAY2300-T110999.99,DELTA,77,14,86,44,600,no,2,1250
2025-05-22T20:03:28.655391,KXBTCD-25MAY2300-T110999.99,DELTA,77,14,86,44,601,no,2,1000
2025-05-22T20:03:29.767887,KXBTCD-25MAY2300-T110999.99,DELTA,77,14,86,44,602,no,1,-32400
2025-05-22T20:03:29.769109,KXBTCD-25MAY2300-T110999.99,DELTA,77,14,86,44,603,no,2,16200
2025-05-22T20:03:29.769940,KXBTCD-25MAY2300-T110999.99,DELTA,77,14,86,44,604,no,2,-20000
2025-05-22T20:03:29.773616,KXBTCD-25MAY2300-T110999.99,DELTA,77,14,86,44,605,no,2,-2000
2025-05-22T20:03:29.774218,KXBTCD-25MAY2300-T110999.99,DELTA,77,14,86,44,606,no,2,-1000
2025-05-22T20:03:29.792343,KXBTCD-25MAY2300-T110999.99,DELTA,77,14,86,44,607,no,2,-1250
2025-05-22T20:03:29.813329,KXBTCD-25MAY2300-T110999.99,DELTA,77,14,86,44,608,no,5,-9
2025-05-22T20:03:29.832610,KXBTCD-25MAY2300-T110999.99,DELTA,77,14,86,44,609,no,4,9
2025-05-22T20:03:29.855728,KXBTCD-25MAY2300-T110999.99,DELTA,77,14,86,44,610,no,3,1000
2025-05-22T20:03:29.856686,KXBTCD-25MAY2300-T110999.99,DELTA,77,14,86,44,611,no,3,2000
2025-05-22T20:03:29.857446,KXBTCD-25MAY2300-T110999.99,DELTA,77,14,86,44,612,no,3,1250
2025-05-22T20:03:29.857955,KXBTCD-25MAY2300-T110999.99,DELTA,77,14,86,44,613,no,3,20000
2025-05-22T20:03:30.491942,KXBTCD-25MAY2300-T110999.99,DELTA,77,14,85,100,614,no,15,100
2025-05-22T20:03:30.873665,KXBTCD-25MAY2300-T110999.99,DELTA,77,14,85,100,615,no,2,-16200
2025-05-22T20:03:30.874248,KXBTCD-25MAY2300-T110999.99,DELTA,77,14,85,100,616,no,1,32400
2025-05-22T20:03:30.933017,KXBTCD-25MAY2300-T110999.99,DELTA,77,14,85,100,617,no,3,-20000
2025-05-22T20:03:30.952725,KXBTCD-25MAY2300-T110999.99,DELTA,77,14,85,100,618,no,3,-2000
2025-05-22T20:03:30.953282,KXBTCD-25MAY2300-T110999.99,DELTA,77,14,85,100,619,no,3,-1000
2025-05-22T20:03:30.973151,KXBTCD-25MAY2300-T110999.99,DELTA,77,14,85,100,620,no,3,-1250
2025-05-22T20:03:31.013283,KXBTCD-25MAY2300-T110999.99,DELTA,77,14,85,100,621,no,2,1000
2025-05-22T20:03:31.013963,KXBTCD-25MAY2300-T110999.99,DELTA,77,14,85,100,622,no,2,1250
2025-05-22T20:03:31.014245,KXBTCD-25MAY2300-T110999.99,DELTA,77,14,85,100,623,no,2,20000
2025-05-22T20:03:31.014518,KXBTCD-25MAY2300-T110999.99,DELTA,77,14,85,100,624,no,2,2000
2025-05-22T20:03:31.212995,KXBTCD-25MAY2300-T110999.99,DELTA,77,14,86,44,625,no,15,-100
2025-05-22T20:03:32.772158,KXBTCD-25MAY2300-T110999.99,DELTA,77,114,86,44,626,yes,77,100
2025-05-22T20:03:32.833038,KXBTCD-25MAY2300-T110999.99,DELTA,77,114,86,44,627,yes,76,-1000
2025-05-22T20:03:32.872676,KXBTCD-25MAY2300-T110999.99,DELTA,78,1000,86,44,628,yes,78,1000
2025-05-22T20:03:36.599601,KXBTCD-25MAY2300-T110999.99,DELTA,78,1000,86,44,629,yes,77,-100
2025-05-22T20:03:36.652890,KXBTCD-25MAY2300-T110999.99,DELTA,77,14,86,44,630,yes,78,-1000
2025-05-22T20:03:36.712249,KXBTCD-25MAY2300-T110999.99,DELTA,77,14,86,44,631,yes,76,1000
2025-05-22T20:03:37.959734,KXBTCD-25MAY2300-T110999.99,DELTA,77,14,86,44,632,no,1,-32400
2025-05-22T20:03:37.960996,KXBTCD-25MAY2300-T110999.99,DELTA,77,14,86,44,633,no,2,16200
2025-05-22T20:03:37.961917,KXBTCD-25MAY2300-T110999.99,DELTA,77,14,86,44,634,no,2,-20000
2025-05-22T20:03:37.962605,KXBTCD-25MAY2300-T110999.99,DELTA,77,14,86,44,635,no,2,-2000
2025-05-22T20:03:37.963116,KXBTCD-25MAY2300-T110999.99,DELTA,77,14,86,44,636,no,2,-1000
2025-05-22T20:03:37.963601,KXBTCD-25MAY2300-T110999.99,DELTA,77,14,86,44,637,no,2,-1250
2025-05-22T20:03:38.013179,KXBTCD-25MAY2300-T110999.99,DELTA,77,14,86,44,638,no,3,1250
2025-05-22T20:03:38.014185,KXBTCD-25MAY2300-T110999.99,DELTA,77,14,86,44,639,no,3,2000
2025-05-22T20:03:38.014982,KXBTCD-25MAY2300-T110999.99,DELTA,77,14,86,44,640,no,3,1000
2025-05-22T20:03:38.015523,KXBTCD-25MAY2300-T110999.99,DELTA,77,14,86,44,641,no,3,20000
2025-05-22T20:03:38.773266,KXBTCD-25MAY2300-T110999.99,DELTA,77,14,85,100,642,no,15,100
2025-05-22T20:03:39.553074,KXBTCD-25MAY2300-T110999.99,DELTA,77,14,86,44,643,no,15,-100
2025-05-22T20:03:40.633877,KXBTCD-25MAY2300-T110999.99,DELTA,77,14,86,44,644,no,2,-16200
2025-05-22T20:03:40.635007,KXBTCD-25MAY2300-T110999.99,DELTA,77,14,86,44,645,no,1,32400
2025-05-22T20:03:40.695879,KXBTCD-25MAY2300-T110999.99,DELTA,77,14,86,44,646,no,3,-20000
2025-05-22T20:03:40.696967,KXBTCD-25MAY2300-T110999.99,DELTA,77,14,86,44,647,no,3,-2000
2025-05-22T20:03:40.714080,KXBTCD-25MAY2300-T110999.99,DELTA,77,14,86,44,648,no,3,-1000
2025-05-22T20:03:40.714436,KXBTCD-25MAY2300-T110999.99,DELTA,77,14,86,44,649,no,3,-1250
2025-05-22T20:03:40.773534,KXBTCD-25MAY2300-T110999.99,DELTA,77,14,86,44,650,no,2,2000
2025-05-22T20:03:40.774273,KXBTCD-25MAY2300-T110999.99,DELTA,77,14,86,44,651,no,2,1000
2025-05-22T20:03:40.774779,KXBTCD-25MAY2300-T110999.99,DELTA,77,14,86,44,652,no,2,20000
2025-05-22T20:03:40.775209,KXBTCD-25MAY2300-T110999.99,DELTA,77,14,86,44,653,no,2,1250
2025-05-22T20:03:41.850682,KXBTCD-25MAY2300-T110999.99,DELTA,77,14,86,44,654,no,1,-32400
2025-05-22T20:03:41.851900,KXBTCD-25MAY2300-T110999.99,DELTA,77,14,86,44,655,no,2,16200
2025-05-22T20:03:41.893146,KXBTCD-25MAY2300-T110999.99,DELTA,77,14,86,44,656,no,2,-20000
2025-05-22T20:03:41.913683,KXBTCD-25MAY2300-T110999.99,DELTA,77,14,86,44,657,no,2,-2000
2025-05-22T20:03:41.914721,KXBTCD-25MAY2300-T110999.99,DELTA,77,14,86,44,658,no,2,-1000
2025-05-22T20:03:41.933319,KXBTCD-25MAY2300-T110999.99,DELTA,77,14,86,44,659,no,2,-1250
2025-05-22T20:03:41.973724,KXBTCD-25MAY2300-T110999.99,DELTA,77,14,86,44,660,no,3,1250
2025-05-22T20:03:41.974779,KXBTCD-25MAY2300-T110999.99,DELTA,77,14,86,44,661,no,3,1000
2025-05-22T20:03:41.975543,KXBTCD-25MAY2300-T110999.99,DELTA,77,14,86,44,662,no,3,2000
2025-05-22T20:03:41.976123,KXBTCD-25MAY2300-T110999.99,DELTA,77,14,86,44,663,no,3,20000
2025-05-22T20:03:42.298205,KXBTCD-25MAY2300-T110999.99,DELTA,77,44,86,44,664,yes,77,30
2025-05-22T20:03:42.312824,KXBTCD-25MAY2300-T110999.99,DELTA,77,44,86,44,665,yes,75,-30
2025-05-22T20:03:42.313533,KXBTCD-25MAY2300-T110999.99,DELTA,77,44,86,44,666,no,12,30
2025-05-22T20:03:42.313931,KXBTCD-25MAY2300-T110999.99,DELTA,77,44,86,14,667,no,14,-30
2025-05-22T20:03:42.373127,KXBTCD-25MAY2300-T110999.99,DELTA,77,44,86,14,668,yes,76,-1000
2025-05-22T20:03:42.432814,KXBTCD-25MAY2300-T110999.99,DELTA,78,1000,86,14,669,yes,78,1000
2025-05-22T20:03:42.592439,KXBTCD-25MAY2300-T110999.99,DELTA,78,1000,86,14,670,yes,77,100
2025-05-22T20:03:43.171333,KXBTCD-25MAY2300-T110999.99,DELTA,78,1000,86,14,671,no,2,-16200
2025-05-22T20:03:43.172549,KXBTCD-25MAY2300-T110999.99,DELTA,78,1000,86,14,672,no,1,32400
2025-05-22T20:03:43.172994,KXBTCD-25MAY2300-T110999.99,DELTA,78,1000,86,14,673,no,3,-20000
2025-05-22T20:03:43.173766,KXBTCD-25MAY2300-T110999.99,DELTA,78,1000,86,14,674,no,3,-2000
2025-05-22T20:03:43.174295,KXBTCD-25MAY2300-T110999.99,DELTA,78,1000,86,14,675,no,3,-1000
2025-05-22T20:03:43.199122,KXBTCD-25MAY2300-T110999.99,DELTA,78,1000,86,14,676,no,3,-1250
2025-05-22T20:03:43.235285,KXBTCD-25MAY2300-T110999.99,DELTA,78,1000,86,14,677,no,2,2000
2025-05-22T20:03:43.313761,KXBTCD-25MAY2300-T110999.99,DELTA,78,1000,86,14,678,no,2,20000
2025-05-22T20:03:43.314713,KXBTCD-25MAY2300-T110999.99,DELTA,78,1000,86,14,679,no,2,1250
2025-05-22T20:03:43.315153,KXBTCD-25MAY2300-T110999.99,DELTA,78,1000,86,14,680,no,2,1000
2025-05-22T20:03:43.632542,KXBTCD-25MAY2300-T110999.99,DELTA,78,1000,86,14,681,yes,77,-100
2025-05-22T20:03:44.332770,KXBTCD-25MAY2300-T110999.99,DELTA,78,1000,86,14,682,no,1,-32400
2025-05-22T20:03:44.333021,KXBTCD-25MAY2300-T110999.99,DELTA,78,1000,86,14,683,no,2,16200
2025-05-22T20:03:44.391584,KXBTCD-25MAY2300-T110999.99,DELTA,78,1000,86,14,684,no,2,-20000
2025-05-22T20:03:44.412121,KXBTCD-25MAY2300-T110999.99,DELTA,78,1000,86,14,685,no,2,-2000
2025-05-22T20:03:44.412321,KXBTCD-25MAY2300-T110999.99,DELTA,78,1000,86,14,686,no,2,-1000
2025-05-22T20:03:44.431897,KXBTCD-25MAY2300-T110999.99,DELTA,78,1000,86,14,687,no,2,-1250
2025-05-22T20:03:44.472059,KXBTCD-25MAY2300-T110999.99,DELTA,78,1000,86,14,688,no,3,1250
2025-05-22T20:03:44.472643,KXBTCD-25MAY2300-T110999.99,DELTA,78,1000,86,14,689,no,3,1000
2025-05-22T20:03:44.473017,KXBTCD-25MAY2300-T110999.99,DELTA,78,1000,86,14,690,no,3,20000
2025-05-22T20:03:44.473358,KXBTCD-25MAY2300-T110999.99,DELTA,78,1000,86,14,691,no,3,2000
2025-05-22T20:03:45.538293,KXBTCD-25MAY2300-T110999.99,DELTA,78,1000,86,14,692,no,2,-16200
2025-05-22T20:03:45.538650,KXBTCD-25MAY2300-T110999.99,DELTA,78,1000,86,14,693,no,1,32400
2025-05-22T20:03:45.553340,KXBTCD-25MAY2300-T110999.99,DELTA,78,1000,86,114,694,no,14,100
2025-05-22T20:03:45.591314,KXBTCD-25MAY2300-T110999.99,DELTA,78,1000,86,114,695,no,3,-20000
2025-05-22T20:03:45.591820,KXBTCD-25MAY2300-T110999.99,DELTA,78,1000,86,114,696,no,3,-2000
2025-05-22T20:03:45.612468,KXBTCD-25MAY2300-T110999.99,DELTA,78,1000,86,114,697,no,3,-1000
2025-05-22T20:03:45.613110,KXBTCD-25MAY2300-T110999.99,DELTA,78,1000,86,114,698,no,3,-1250
2025-05-22T20:03:45.673755,KXBTCD-25MAY2300-T110999.99,DELTA,78,1000,86,114,699,no,2,1250
2025-05-22T20:03:45.674825,KXBTCD-25MAY2300-T110999.99,DELTA,78,1000,86,114,700,no,2,1000
2025-05-22T20:03:45.675651,KXBTCD-25MAY2300-T110999.99,DELTA,78,1000,86,114,701,no,2,20000
2025-05-22T20:03:45.676195,KXBTCD-25MAY2300-T110999.99,DELTA,78,1000,86,114,702,no,2,2000
2025-05-22T20:03:46.562631,KXBTCD-25MAY2300-T110999.99,DELTA,78,1000,86,14,703,no,14,-100
2025-05-22T20:03:48.492900,KXBTCD-25MAY2300-T110999.99,DELTA,78,1100,86,14,704,yes,78,100
2025-05-22T20:03:48.693203,KXBTCD-25MAY2300-T110999.99,DELTA,78,100,86,14,705,yes,78,-1000
2025-05-22T20:03:48.892762,KXBTCD-25MAY2300-T110999.99,DELTA,79,1000,86,14,706,yes,79,1000
2025-05-22T20:03:49.613916,KXBTCD-25MAY2300-T110999.99,DELTA,79,1000,86,14,707,yes,78,-100
2025-05-22T20:03:49.815218,KXBTCD-25MAY2300-T110999.99,DELTA,77,44,86,14,708,yes,79,-1000
2025-05-22T20:03:50.015352,KXBTCD-25MAY2300-T110999.99,DELTA,78,1000,86,14,709,yes,78,1000
2025-05-22T20:03:51.612807,KXBTCD-25MAY2300-T110999.99,DELTA,78,1000,86,14,710,no,2,-1000
2025-05-22T20:03:51.992584,KXBTCD-25MAY2300-T110999.99,DELTA,78,1000,86,14,711,no,12,1000
2025-05-22T20:03:51.993994,KXBTCD-25MAY2300-T110999.99,DELTA,78,1000,86,114,712,no,14,100
2025-05-22T20:03:52.112943,KXBTCD-25MAY2300-T110999.99,DELTA,78,1000,86,114,713,no,12,-1000
2025-05-22T20:03:52.312210,KXBTCD-25MAY2300-T110999.99,DELTA,78,1000,86,114,714,no,2,1000
2025-05-22T20:03:53.372547,KXBTCD-25MAY2300-T110999.99,DELTA,78,1000,86,14,715,no,14,-100
2025-05-22T20:03:53.589874,KXBTCD-25MAY2300-T110999.99,DELTA,78,1000,86,14,716,no,2,-1000
2025-05-22T20:03:53.633366,KXBTCD-25MAY2300-T110999.99,DELTA,78,1000,86,14,717,no,12,1000
2025-05-22T20:03:53.833476,KXBTCD-25MAY2300-T110999.99,DELTA,78,1000,86,14,718,no,12,-1000
2025-05-22T20:03:53.892342,KXBTCD-25MAY2300-T110999.99,DELTA,78,1000,86,14,719,no,2,1000
2025-05-22T20:03:54.872293,KXBTCD-25MAY2300-T110999.99,DELTA,78,1000,86,14,720,no,1,-32400
2025-05-22T20:03:54.873064,KXBTCD-25MAY2300-T110999.99,DELTA,78,1000,86,14,721,no,2,16200
2025-05-22T20:03:54.933083,KXBTCD-25MAY2300-T110999.99,DELTA,78,1000,86,14,722,no,2,-20000
2025-05-22T20:03:54.952757,KXBTCD-25MAY2300-T110999.99,DELTA,78,1000,86,14,723,no,2,-2000
2025-05-22T20:03:54.953342,KXBTCD-25MAY2300-T110999.99,DELTA,78,1000,86,14,724,no,2,-1000
2025-05-22T20:03:54.973728,KXBTCD-25MAY2300-T110999.99,DELTA,78,1000,86,14,725,no,2,-1250
2025-05-22T20:03:55.012479,KXBTCD-25MAY2300-T110999.99,DELTA,78,1000,86,14,726,no,3,2000
2025-05-22T20:03:55.013232,KXBTCD-25MAY2300-T110999.99,DELTA,78,1000,86,14,727,no,3,1000
2025-05-22T20:03:55.013545,KXBTCD-25MAY2300-T110999.99,DELTA,78,1000,86,14,728,no,3,1250
2025-05-22T20:03:55.052879,KXBTCD-25MAY2300-T110999.99,DELTA,78,1000,86,14,729,no,3,20000
2025-05-22T20:03:56.733394,KXBTCD-25MAY2300-T110999.99,DELTA,78,1000,86,14,730,yes,77,100
2025-05-22T20:03:57.518205,KXBTCD-25MAY2300-T110999.99,DELTA,78,1000,86,14,731,no,2,-16200
2025-05-22T20:03:57.519273,KXBTCD-25MAY2300-T110999.99,DELTA,78,1000,86,14,732,no,1,32400
2025-05-22T20:03:57.592327,KXBTCD-25MAY2300-T110999.99,DELTA,78,1000,86,14,733,no,3,-20000
2025-05-22T20:03:57.593287,KXBTCD-25MAY2300-T110999.99,DELTA,78,1000,86,14,734,no,3,-2000
2025-05-22T20:03:57.612208,KXBTCD-25MAY2300-T110999.99,DELTA,78,1000,86,14,735,no,3,-1000
2025-05-22T20:03:57.612995,KXBTCD-25MAY2300-T110999.99,DELTA,78,1000,86,14,736,no,3,-1250
2025-05-22T20:03:57.632511,KXBTCD-25MAY2300-T110999.99,DELTA,78,1000,85,100,737,no,15,100
2025-05-22T20:03:57.712970,KXBTCD-25MAY2300-T110999.99,DELTA,78,1000,85,100,738,no,2,20000
2025-05-22T20:03:57.713758,KXBTCD-25MAY2300-T110999.99,DELTA,78,1000,85,100,739,no,2,2000
2025-05-22T20:03:57.714486,KXBTCD-25MAY2300-T110999.99,DELTA,78,1000,85,100,740,no,2,1250
2025-05-22T20:03:57.715124,KXBTCD-25MAY2300-T110999.99,DELTA,78,1000,85,100,741,no,2,1000
2025-05-22T20:03:57.952941,KXBTCD-25MAY2300-T110999.99,DELTA,78,1000,85,100,742,no,2,-1000
2025-05-22T20:03:57.992290,KXBTCD-25MAY2300-T110999.99,DELTA,78,1000,85,100,743,no,12,1000
2025-05-22T20:03:58.172802,KXBTCD-25MAY2300-T110999.99,DELTA,78,1000,85,100,744,yes,77,-100
2025-05-22T20:03:58.736084,KXBTCD-25MAY2300-T110999.99,DELTA,78,1000,85,100,745,no,1,-32400
2025-05-22T20:03:58.736796,KXBTCD-25MAY2300-T110999.99,DELTA,78,1000,85,100,746,no,2,16200
2025-05-22T20:03:58.793456,KXBTCD-25MAY2300-T110999.99,DELTA,78,1000,85,100,747,no,2,-20000
2025-05-22T20:03:58.814438,KXBTCD-25MAY2300-T110999.99,DELTA,78,1000,85,100,748,no,2,-2000
2025-05-22T20:03:58.815319,KXBTCD-25MAY2300-T110999.99,DELTA,78,1000,85,100,749,no,2,-1250
2025-05-22T20:03:58.832897,KXBTCD-25MAY2300-T110999.99,DELTA,78,1000,85,100,750,no,4,-9
2025-05-22T20:03:58.873312,KXBTCD-25MAY2300-T110999.99,DELTA,78,1000,85,100,751,no,3,2000
2025-05-22T20:03:58.873998,KXBTCD-25MAY2300-T110999.99,DELTA,78,1000,85,100,752,no,3,1250
2025-05-22T20:03:58.874549,KXBTCD-25MAY2300-T110999.99,DELTA,78,1000,86,14,753,no,15,-100
2025-05-22T20:03:58.875057,KXBTCD-25MAY2300-T110999.99,DELTA,78,1000,86,14,754,no,3,20000
2025-05-22T20:03:59.979399,KXBTCD-25MAY2300-T110999.99,DELTA,78,1000,86,14,755,no,2,-16200
2025-05-22T20:03:59.980514,KXBTCD-25MAY2300-T110999.99,DELTA,78,1000,86,14,756,no,1,32400
2025-05-22T20:03:59.981252,KXBTCD-25MAY2300-T110999.99,DELTA,78,1000,86,14,757,no,3,-20000
2025-05-22T20:03:59.981761,KXBTCD-25MAY2300-T110999.99,DELTA,78,1000,86,14,758,no,3,-2000
2025-05-22T20:03:59.982188,KXBTCD-25MAY2300-T110999.99,DELTA,78,1000,86,14,759,no,3,-1250
2025-05-22T20:03:59.992246,KXBTCD-25MAY2300-T110999.99,DELTA,78,1000,86,14,760,no,2,1250
2025-05-22T20:04:00.013716,KXBTCD-25MAY2300-T110999.99,DELTA,78,1000,86,14,761,no,2,20000
2025-05-22T20:04:00.014430,KXBTCD-25MAY2300-T110999.99,DELTA,78,1000,86,14,762,no,2,2000
2025-05-22T20:04:01.012763,KXBTCD-25MAY2300-T110999.99,DELTA,78,1000,86,14,763,no,1,-32400
2025-05-22T20:04:01.013425,KXBTCD-25MAY2300-T110999.99,DELTA,78,1000,86,14,764,no,2,16200
2025-05-22T20:04:01.072965,KXBTCD-25MAY2300-T110999.99,DELTA,78,1000,86,14,765,no,2,-20000
2025-05-22T20:04:01.073740,KXBTCD-25MAY2300-T110999.99,DELTA,78,1000,86,14,766,no,2,-2000
2025-05-22T20:04:01.093495,KXBTCD-25MAY2300-T110999.99,DELTA,78,1000,86,14,767,no,2,-1250
2025-05-22T20:04:01.132652,KXBTCD-25MAY2300-T110999.99,DELTA,78,1000,86,14,768,no,3,1250
2025-05-22T20:04:01.133421,KXBTCD-25MAY2300-T110999.99,DELTA,78,1000,86,14,769,no,3,20000
2025-05-22T20:04:01.133867,KXBTCD-25MAY2300-T110999.99,DELTA,78,1000,86,14,770,no,3,2000
2025-05-22T20:04:01.717437,KXBTCD-25MAY2300-T110999.99,DELTA,78,1000,86,14,771,yes,75,30
2025-05-22T20:04:01.717686,KXBTCD-25MAY2300-T110999.99,DELTA,78,1000,86,14,772,yes,77,-30
2025-05-22T20:04:01.717811,KXBTCD-25MAY2300-T110999.99,DELTA,78,1000,86,44,773,no,14,30
2025-05-22T20:04:01.717921,KXBTCD-25MAY2300-T110999.99,DELTA,78,1000,86,44,774,no,12,-30
2025-05-22T20:04:01.718026,KXBTCD-25MAY2300-T110999.99,DELTA,77,14,86,44,775,yes,78,-1000
2025-05-22T20:04:01.718122,KXBTCD-25MAY2300-T110999.99,DELTA,77,14,86,44,776,no,12,-1000
2025-05-22T20:04:01.731887,KXBTCD-25MAY2300-T110999.99,DELTA,77,14,86,44,777,yes,76,1000
2025-05-22T20:04:01.751783,KXBTCD-25MAY2300-T110999.99,DELTA,77,14,86,44,778,no,3,1000
2025-05-22T20:04:02.132596,KXBTCD-25MAY2300-T110999.99,DELTA,77,14,86,44,779,no,2,-16200
2025-05-22T20:04:02.133546,KXBTCD-25MAY2300-T110999.99,DELTA,77,14,86,44,780,no,1,32400
2025-05-22T20:04:02.192779,KXBTCD-25MAY2300-T110999.99,DELTA,77,14,86,44,781,no,3,-20000
2025-05-22T20:04:02.212515,KXBTCD-25MAY2300-T110999.99,DELTA,77,14,86,44,782,no,3,-2000
2025-05-22T20:04:02.213341,KXBTCD-25MAY2300-T110999.99,DELTA,77,14,86,44,783,no,3,-1000
2025-05-22T20:04:02.232439,KXBTCD-25MAY2300-T110999.99,DELTA,77,14,86,44,784,no,3,-1250
2025-05-22T20:04:02.252743,KXBTCD-25MAY2300-T110999.99,DELTA,77,14,86,44,785,no,4,9
2025-05-22T20:04:02.274453,KXBTCD-25MAY2300-T110999.99,DELTA,77,14,86,44,786,no,2,20000
2025-05-22T20:04:02.275328,KXBTCD-25MAY2300-T110999.99,DELTA,77,14,86,44,787,no,2,2000
2025-05-22T20:04:02.275921,KXBTCD-25MAY2300-T110999.99,DELTA,77,14,86,44,788,no,2,1250
2025-05-22T20:04:02.276412,KXBTCD-25MAY2300-T110999.99,DELTA,77,14,86,44,789,no,2,1000
2025-05-22T20:04:02.373245,KXBTCD-25MAY2300-T110999.99,DELTA,78,100,86,44,790,yes,78,100
2025-05-22T20:04:02.373934,KXBTCD-25MAY2300-T110999.99,DELTA,78,100,86,144,791,no,14,100
2025-05-22T20:04:02.433110,KXBTCD-25MAY2300-T110999.99,DELTA,78,100,86,144,792,yes,76,-1000
2025-05-22T20:04:02.473504,KXBTCD-25MAY2300-T110999.99,DELTA,79,1000,86,144,793,yes,79,1000
2025-05-22T20:04:04.012998,KXBTCD-25MAY2300-T110999.99,DELTA,79,1000,86,44,794,no,14,-100
2025-05-22T20:04:04.013387,KXBTCD-25MAY2300-T110999.99,DELTA,79,1000,86,44,795,yes,78,-100
2025-05-22T20:04:04.093189,KXBTCD-25MAY2300-T110999.99,DELTA,77,14,86,44,796,yes,79,-1000
2025-05-22T20:04:04.132748,KXBTCD-25MAY2300-T110999.99,DELTA,77,14,86,44,797,yes,76,1000
2025-05-22T20:04:08.033183,KXBTCD-25MAY2300-T110999.99,DELTA,78,100,86,44,798,yes,78,100
2025-05-22T20:04:08.052872,KXBTCD-25MAY2300-T110999.99,DELTA,78,100,86,144,799,no,14,100
2025-05-22T20:04:08.091662,KXBTCD-25MAY2300-T110999.99,DELTA,78,100,86,144,800,yes,76,-1000
2025-05-22T20:04:08.132138,KXBTCD-25MAY2300-T110999.99,DELTA,79,1000,86,144,801,yes,79,1000
2025-05-22T20:04:08.753097,KXBTCD-25MAY2300-T110999.99,DELTA,79,1000,86,144,802,no,1,-32400
2025-05-22T20:04:08.754151,KXBTCD-25MAY2300-T110999.99,DELTA,79,1000,86,144,803,no,2,16200
2025-05-22T20:04:08.812690,KXBTCD-25MAY2300-T110999.99,DELTA,79,1000,86,144,804,no,2,-20000
2025-05-22T20:04:08.813639,KXBTCD-25MAY2300-T110999.99,DELTA,79,1000,86,144,805,no,2,-2000
2025-05-22T20:04:08.833490,KXBTCD-25MAY2300-T110999.99,DELTA,79,1000,86,144,806,no,2,-1000
2025-05-22T20:04:08.834373,KXBTCD-25MAY2300-T110999.99,DELTA,79,1000,86,144,807,no,2,-1250
2025-05-22T20:04:08.873818,KXBTCD-25MAY2300-T110999.99,DELTA,79,1000,86,144,808,no,3,1250
2025-05-22T20:04:08.874290,KXBTCD-25MAY2300-T110999.99,DELTA,79,1000,86,144,809,no,3,20000
2025-05-22T20:04:08.874600,KXBTCD-25MAY2300-T110999.99,DELTA,79,1000,86,144,810,no,3,1000
2025-05-22T20:04:08.874804,KXBTCD-25MAY2300-T110999.99,DELTA,79,1000,86,144,811,no,3,2000
2025-05-22T20:04:08.992417,KXBTCD-25MAY2300-T110999.99,DELTA,79,1000,86,44,812,no,14,-100
2025-05-22T20:04:09.011761,KXBTCD-25MAY2300-T110999.99,DELTA,79,1000,86,44,813,yes,78,-100
2025-05-22T20:04:09.073394,KXBTCD-25MAY2300-T110999.99,DELTA,77,14,86,44,814,yes,79,-1000
2025-05-22T20:04:09.132960,KXBTCD-25MAY2300-T110999.99,DELTA,77,14,86,44,815,yes,76,1000
2025-05-22T20:04:11.392439,KXBTCD-25MAY2300-T110999.99,DELTA,77,14,86,44,816,no,2,-16200
2025-05-22T20:04:11.393244,KXBTCD-25MAY2300-T110999.99,DELTA,77,14,86,44,817,no,4,8100
2025-05-22T20:04:11.472832,KXBTCD-25MAY2300-T110999.99,DELTA,77,14,86,44,818,no,3,-20000
2025-05-22T20:04:11.473670,KXBTCD-25MAY2300-T110999.99,DELTA,77,14,86,44,819,no,3,-2000
2025-05-22T20:04:11.492686,KXBTCD-25MAY2300-T110999.99,DELTA,77,14,86,44,820,no,3,-1000
2025-05-22T20:04:11.493503,KXBTCD-25MAY2300-T110999.99,DELTA,77,14,86,44,821,no,3,-1250
2025-05-22T20:04:11.532773,KXBTCD-25MAY2300-T110999.99,DELTA,77,14,86,44,822,no,5,9
2025-05-22T20:04:11.533547,KXBTCD-25MAY2300-T110999.99,DELTA,77,14,86,44,823,no,4,-9
2025-05-22T20:04:11.613317,KXBTCD-25MAY2300-T110999.99,DELTA,77,14,86,44,824,no,5,1000
2025-05-22T20:04:11.614344,KXBTCD-25MAY2300-T110999.99,DELTA,77,14,86,44,825,no,5,2000
2025-05-22T20:04:11.615135,KXBTCD-25MAY2300-T110999.99,DELTA,77,14,86,44,826,no,5,20000
2025-05-22T20:04:11.615862,KXBTCD-25MAY2300-T110999.99,DELTA,77,14,86,44,827,no,5,1250
2025-05-22T20:04:12.676146,KXBTCD-25MAY2300-T110999.99,DELTA,78,100,86,44,828,yes,78,100
2025-05-22T20:04:12.676847,KXBTCD-25MAY2300-T110999.99,DELTA,78,100,86,144,829,no,14,100
2025-05-22T20:04:12.712545,KXBTCD-25MAY2300-T110999.99,DELTA,78,100,86,144,830,yes,76,-1000
2025-05-22T20:04:12.753359,KXBTCD-25MAY2300-T110999.99,DELTA,79,1000,86,144,831,yes,79,1000
2025-05-22T20:04:12.793389,KXBTCD-25MAY2300-T110999.99,DELTA,79,1000,86,144,832,no,6,9
2025-05-22T20:04:12.794148,KXBTCD-25MAY2300-T110999.99,DELTA,79,1000,86,144,833,no,5,-9
2025-05-22T20:04:13.333268,KXBTCD-25MAY2300-T110999.99,DELTA,79,1000,86,44,834,no,14,-100
2025-05-22T20:04:13.334249,KXBTCD-25MAY2300-T110999.99,DELTA,79,1000,86,44,835,yes,78,-100
2025-05-22T20:04:13.393040,KXBTCD-25MAY2300-T110999.99,DELTA,77,14,86,44,836,yes,79,-1000
2025-05-22T20:04:13.451840,KXBTCD-25MAY2300-T110999.99,DELTA,77,14,86,44,837,yes,76,1000
2025-05-22T20:04:14.892761,KXBTCD-25MAY2300-T110999.99,DELTA,85,60,86,44,838,yes,85,60
2025-05-22T20:04:15.012374,KXBTCD-25MAY2300-T110999.99,DELTA,85,60,86,44,839,yes,78,9
2025-05-22T20:04:19.073298,KXBTCD-25MAY2300-T110999.99,DELTA,85,60,86,144,840,no,14,100
2025-05-22T20:04:19.073532,KXBTCD-25MAY2300-T110999.99,DELTA,85,60,86,144,841,yes,78,100
2025-05-22T20:04:19.160829,KXBTCD-25MAY2300-T110999.99,DELTA,85,60,86,144,842,yes,76,-1000
2025-05-22T20:04:19.192464,KXBTCD-25MAY2300-T110999.99,DELTA,85,60,86,144,843,yes,79,1000
2025-05-22T20:04:20.712281,KXBTCD-25MAY2300-T110999.99,DELTA,85,60,86,144,844,yes,78,-100
2025-05-22T20:04:20.712678,KXBTCD-25MAY2300-T110999.99,DELTA,85,60,86,44,845,no,14,-100
2025-05-22T20:04:20.773073,KXBTCD-25MAY2300-T110999.99,DELTA,85,60,86,44,846,yes,79,-1000
2025-05-22T20:04:20.813803,KXBTCD-25MAY2300-T110999.99,DELTA,85,60,86,44,847,yes,76,1000
2025-05-22T20:04:20.833047,KXBTCD-25MAY2300-T110999.99,DELTA,85,60,86,44,848,yes,78,-9
2025-05-22T20:04:20.852985,KXBTCD-25MAY2300-T110999.99,DELTA,85,60,86,44,849,yes,80,9
2025-05-22T20:04:22.653159,KXBTCD-25MAY2300-T110999.99,DELTA,85,60,86,144,850,no,14,100
2025-05-22T20:04:22.672203,KXBTCD-25MAY2300-T110999.99,DELTA,85,60,86,144,851,yes,78,100
2025-05-22T20:04:22.732345,KXBTCD-25MAY2300-T110999.99,DELTA,85,60,86,144,852,yes,76,-1000
2025-05-22T20:04:22.772535,KXBTCD-25MAY2300-T110999.99,DELTA,85,60,86,144,853,yes,80,-9
2025-05-22T20:04:22.773350,KXBTCD-25MAY2300-T110999.99,DELTA,85,60,86,144,854,yes,78,9
2025-05-22T20:04:22.792497,KXBTCD-25MAY2300-T110999.99,DELTA,85,60,86,144,855,yes,79,1000
2025-05-22T20:04:23.834135,KXBTCD-25MAY2300-T110999.99,DELTA,85,60,86,144,856,yes,78,-100
2025-05-22T20:04:23.835180,KXBTCD-25MAY2300-T110999.99,DELTA,85,60,86,44,857,no,14,-100
2025-05-22T20:04:23.893153,KXBTCD-25MAY2300-T110999.99,DELTA,85,60,86,44,858,yes,79,-1000
2025-05-22T20:04:23.932993,KXBTCD-25MAY2300-T110999.99,DELTA,85,60,86,44,859,yes,76,1000
2025-05-22T20:04:23.952885,KXBTCD-25MAY2300-T110999.99,DELTA,85,60,86,44,860,yes,78,-9
2025-05-22T20:04:23.973867,KXBTCD-25MAY2300-T110999.99,DELTA,85,60,86,44,861,yes,80,9
2025-05-22T20:04:27.893818,KXBTCD-25MAY2300-T110999.99,DELTA,85,60,86,144,862,no,14,100
2025-05-22T20:04:27.894906,KXBTCD-25MAY2300-T110999.99,DELTA,85,60,86,144,863,yes,78,100
2025-05-22T20:04:27.953460,KXBTCD-25MAY2300-T110999.99,DELTA,85,60,86,144,864,yes,76,-1000
2025-05-22T20:04:27.993246,KXBTCD-25MAY2300-T110999.99,DELTA,85,60,86,144,865,yes,79,1000
2025-05-22T20:04:28.013400,KXBTCD-25MAY2300-T110999.99,DELTA,85,60,86,144,866,yes,80,-9
2025-05-22T20:04:28.014119,KXBTCD-25MAY2300-T110999.99,DELTA,85,60,86,144,867,yes,79,9
2025-05-22T20:04:28.473317,KXBTCD-25MAY2300-T110999.99,DELTA,85,60,86,144,868,yes,78,-100
2025-05-22T20:04:28.492381,KXBTCD-25MAY2300-T110999.99,DELTA,85,60,86,44,869,no,14,-100
2025-05-22T20:04:28.554111,KXBTCD-25MAY2300-T110999.99,DELTA,85,60,86,44,870,yes,79,-1000
2025-05-22T20:04:28.633039,KXBTCD-25MAY2300-T110999.99,DELTA,85,60,86,44,871,yes,76,1000
2025-05-22T20:04:30.094199,KXBTCD-25MAY2300-T110999.99,DELTA,85,60,86,44,872,yes,77,30
2025-05-22T20:04:30.095254,KXBTCD-25MAY2300-T110999.99,DELTA,85,60,86,44,873,yes,75,-30
2025-05-22T20:04:30.096044,KXBTCD-25MAY2300-T110999.99,DELTA,85,60,86,14,874,no,14,-30
2025-05-22T20:04:30.096766,KXBTCD-25MAY2300-T110999.99,DELTA,85,60,86,14,875,no,12,30
2025-05-22T20:04:30.154927,KXBTCD-25MAY2300-T110999.99,DELTA,85,60,86,14,876,yes,76,-1000
2025-05-22T20:04:30.215251,KXBTCD-25MAY2300-T110999.99,DELTA,85,60,86,14,877,yes,78,1000
2025-05-22T20:04:30.333917,KXBTCD-25MAY2300-T110999.99,DELTA,85,60,86,14,878,yes,79,-9
2025-05-22T20:04:30.335068,KXBTCD-25MAY2300-T110999.99,DELTA,85,60,86,14,879,yes,78,9
2025-05-22T20:04:33.033219,KXBTCD-25MAY2300-T110999.99,DELTA,85,60,86,114,880,no,14,100
2025-05-22T20:04:33.033986,KXBTCD-25MAY2300-T110999.99,DELTA,85,60,86,114,881,yes,78,100
2025-05-22T20:04:33.092941,KXBTCD-25MAY2300-T110999.99,DELTA,85,60,86,114,882,yes,78,-1000
2025-05-22T20:04:33.133690,KXBTCD-25MAY2300-T110999.99,DELTA,85,60,86,114,883,yes,79,1000
2025-05-22T20:04:33.153191,KXBTCD-25MAY2300-T110999.99,DELTA,85,60,86,114,884,yes,78,-9
2025-05-22T20:04:33.153784,KXBTCD-25MAY2300-T110999.99,DELTA,85,60,86,114,885,yes,79,9
2025-05-22T20:04:33.974605,KXBTCD-25MAY2300-T110999.99,DELTA,85,60,86,114,886,yes,78,-100
2025-05-22T20:04:33.975515,KXBTCD-25MAY2300-T110999.99,DELTA,85,60,86,14,887,no,14,-100
2025-05-22T20:04:33.976190,KXBTCD-25MAY2300-T110999.99,DELTA,85,60,86,14,888,yes,79,-1000
2025-05-22T20:04:34.013970,KXBTCD-25MAY2300-T110999.99,DELTA,85,60,86,14,889,yes,78,1000
2025-05-22T20:04:34.014668,KXBTCD-25MAY2300-T110999.99,DELTA,85,60,86,14,890,yes,79,-9
2025-05-22T20:04:34.032506,KXBTCD-25MAY2300-T110999.99,DELTA,85,60,86,14,891,yes,80,9
2025-05-22T20:04:37.867645,KXBTCD-25MAY2300-T110999.99,DELTA,85,60,86,14,892,no,13,100
2025-05-22T20:04:37.868688,KXBTCD-25MAY2300-T110999.99,DELTA,85,60,86,14,893,yes,78,100
2025-05-22T20:04:37.873296,KXBTCD-25MAY2300-T110999.99,DELTA,85,60,86,14,894,yes,78,-1000
2025-05-22T20:04:37.913304,KXBTCD-25MAY2300-T110999.99,DELTA,85,60,86,14,895,yes,79,1000
2025-05-22T20:04:37.935233,KXBTCD-25MAY2300-T110999.99,DELTA,85,60,86,14,896,yes,80,-9
2025-05-22T20:04:37.936194,KXBTCD-25MAY2300-T110999.99,DELTA,85,60,86,14,897,yes,79,9
2025-05-22T20:04:39.499633,KXBTCD-25MAY2300-T110999.99,DELTA,85,60,86,14,898,yes,78,-100
2025-05-22T20:04:39.500389,KXBTCD-25MAY2300-T110999.99,DELTA,85,60,86,14,899,no,13,-100
2025-05-22T20:04:39.552438,KXBTCD-25MAY2300-T110999.99,DELTA,85,60,86,14,900,yes,79,-1000
2025-05-22T20:04:39.575742,KXBTCD-25MAY2300-T110999.99,DELTA,85,60,86,14,901,yes,78,1000
2025-05-22T20:04:39.613281,KXBTCD-25MAY2300-T110999.99,DELTA,85,60,86,14,902,yes,80,9
2025-05-22T20:04:39.614380,KXBTCD-25MAY2300-T110999.99,DELTA,85,60,86,14,903,yes,79,-9
2025-05-22T20:04:43.077197,KXBTCD-25MAY2300-T110999.99,DELTA,85,60,86,14,904,yes,78,-1000
2025-05-22T20:04:43.077783,KXBTCD-25MAY2300-T110999.99,DELTA,85,1060,86,14,905,yes,85,1000
2025-05-22T20:04:43.078092,KXBTCD-25MAY2300-T110999.99,DELTA,85,1060,86,14,906,yes,80,-9
2025-05-22T20:04:43.078452,KXBTCD-25MAY2300-T110999.99,DELTA,85,1060,86,14,907,yes,78,9
2025-05-22T20:04:43.600396,KXBTCD-25MAY2300-T110999.99,DELTA,85,1060,86,14,908,no,13,100
2025-05-22T20:04:43.603014,KXBTCD-25MAY2300-T110999.99,DELTA,85,1060,86,14,909,yes,79,100
2025-05-22T20:04:44.453385,KXBTCD-25MAY2300-T110999.99,DELTA,85,1060,86,14,910,yes,79,-100
2025-05-22T20:04:44.472932,KXBTCD-25MAY2300-T110999.99,DELTA,85,1060,86,14,911,no,13,-100
2025-05-22T20:04:44.573662,KXBTCD-25MAY2300-T110999.99,DELTA,85,1060,86,14,912,yes,78,-9
2025-05-22T20:04:48.833455,KXBTCD-25MAY2300-T110999.99,DELTA,85,60,86,14,913,yes,85,-1000
2025-05-22T20:04:48.875338,KXBTCD-25MAY2300-T110999.99,DELTA,85,60,86,14,914,yes,78,1000
2025-05-22T20:04:48.936153,KXBTCD-25MAY2300-T110999.99,DELTA,85,60,86,14,915,yes,78,9
2025-05-22T20:04:49.152992,KXBTCD-25MAY2300-T110999.99,DELTA,85,60,86,14,916,no,13,100
2025-05-22T20:04:49.153367,KXBTCD-25MAY2300-T110999.99,DELTA,85,60,86,14,917,yes,79,100
2025-05-22T20:04:49.214274,KXBTCD-25MAY2300-T110999.99,DELTA,85,60,86,14,918,yes,78,-1000
2025-05-22T20:04:49.233077,KXBTCD-25MAY2300-T110999.99,DELTA,85,60,86,14,919,yes,80,1000
2025-05-22T20:04:50.312108,KXBTCD-25MAY2300-T110999.99,DELTA,85,60,86,14,920,yes,79,-100
2025-05-22T20:04:50.313070,KXBTCD-25MAY2300-T110999.99,DELTA,85,60,86,14,921,no,13,-100
2025-05-22T20:04:50.373249,KXBTCD-25MAY2300-T110999.99,DELTA,85,60,86,14,922,yes,80,-1000
2025-05-22T20:04:50.413143,KXBTCD-25MAY2300-T110999.99,DELTA,85,60,86,14,923,yes,78,1000
2025-05-22T20:04:50.432780,KXBTCD-25MAY2300-T110999.99,DELTA,85,60,86,14,924,yes,78,-9
2025-05-22T20:04:50.433692,KXBTCD-25MAY2300-T110999.99,DELTA,85,60,86,14,925,yes,81,9
2025-05-22T20:04:53.632101,KXBTCD-25MAY2300-T110999.99,DELTA,85,60,88,30,926,no,14,-14
2025-05-22T20:04:53.632314,KXBTCD-25MAY2300-T110999.99,DELTA,81,9,88,30,927,yes,85,-60
2025-05-22T20:04:53.632406,KXBTCD-25MAY2300-T110999.99,DELTA,86,46,88,30,928,yes,86,46
2025-05-22T20:04:53.693421,KXBTCD-25MAY2300-T110999.99,DELTA,86,46,88,30,929,yes,82,14
2025-05-22T20:04:53.693664,KXBTCD-25MAY2300-T110999.99,DELTA,86,46,88,30,930,yes,77,-14
2025-05-22T20:04:53.712246,KXBTCD-25MAY2300-T110999.99,DELTA,86,46,88,30,931,no,8,14
2025-05-22T20:04:53.799144,KXBTCD-25MAY2300-T110999.99,DELTA,86,46,88,30,932,yes,79,9
2025-05-22T20:04:53.799376,KXBTCD-25MAY2300-T110999.99,DELTA,86,46,88,30,933,yes,81,-9
2025-05-22T20:04:54.554720,KXBTCD-25MAY2300-T110999.99,DELTA,86,46,88,130,934,no,12,100
2025-05-22T20:04:54.555720,KXBTCD-25MAY2300-T110999.99,DELTA,86,46,88,130,935,yes,78,100
2025-05-22T20:04:54.612638,KXBTCD-25MAY2300-T110999.99,DELTA,86,46,88,130,936,yes,78,-1000
2025-05-22T20:04:54.653686,KXBTCD-25MAY2300-T110999.99,DELTA,86,46,88,130,937,yes,79,1000
2025-05-22T20:04:55.174381,KXBTCD-25MAY2300-T110999.99,DELTA,86,46,88,130,938,yes,78,-100
2025-05-22T20:04:55.192601,KXBTCD-25MAY2300-T110999.99,DELTA,86,46,88,30,939,no,12,-100
2025-05-22T20:04:55.234019,KXBTCD-25MAY2300-T110999.99,DELTA,86,46,88,30,940,yes,79,-1000
2025-05-22T20:04:55.274408,KXBTCD-25MAY2300-T110999.99,DELTA,86,46,88,30,941,yes,78,1000
2025-05-22T20:04:59.432283,KXBTCD-25MAY2300-T110999.99,DELTA,86,46,88,130,942,no,12,100
2025-05-22T20:04:59.452708,KXBTCD-25MAY2300-T110999.99,DELTA,86,46,88,130,943,yes,78,100
2025-05-22T20:04:59.512285,KXBTCD-25MAY2300-T110999.99,DELTA,86,46,88,130,944,yes,78,-1000
2025-05-22T20:04:59.552595,KXBTCD-25MAY2300-T110999.99,DELTA,86,46,88,130,945,yes,79,1000
2025-05-22T20:05:00.373935,KXBTCD-25MAY2300-T110999.99,DELTA,86,46,88,130,946,yes,78,-100
2025-05-22T20:05:00.397198,KXBTCD-25MAY2300-T110999.99,DELTA,86,46,88,30,947,no,12,-100
2025-05-22T20:05:00.433338,KXBTCD-25MAY2300-T110999.99,DELTA,86,46,88,30,948,yes,79,-1000
2025-05-22T20:05:00.473301,KXBTCD-25MAY2300-T110999.99,DELTA,86,46,88,30,949,yes,78,1000
2025-05-22T20:05:00.492236,KXBTCD-25MAY2300-T110999.99,DELTA,86,46,88,30,950,yes,79,-9
2025-05-22T20:05:00.492546,KXBTCD-25MAY2300-T110999.99,DELTA,86,46,88,30,951,yes,80,9
2025-05-22T20:05:02.114233,KXBTCD-25MAY2300-T110999.99,DELTA,86,46,88,30,952,yes,72,250
2025-05-22T20:05:02.133199,KXBTCD-25MAY2300-T110999.99,DELTA,86,46,88,30,953,no,6,250
2025-05-22T20:05:02.153019,KXBTCD-25MAY2300-T110999.99,DELTA,86,46,88,30,954,no,2,250
2025-05-22T20:05:02.153748,KXBTCD-25MAY2300-T110999.99,DELTA,86,46,88,30,955,no,4,250
2025-05-22T20:05:02.172764,KXBTCD-25MAY2300-T110999.99,DELTA,86,46,88,30,956,yes,78,250
2025-05-22T20:05:02.173792,KXBTCD-25MAY2300-T110999.99,DELTA,86,46,88,30,957,yes,76,250
2025-05-22T20:05:02.193194,KXBTCD-25MAY2300-T110999.99,DELTA,86,46,88,30,958,yes,70,250
2025-05-22T20:05:02.194146,KXBTCD-25MAY2300-T110999.99,DELTA,86,46,88,30,959,yes,74,250
2025-05-22T20:05:02.194911,KXBTCD-25MAY2300-T110999.99,DELTA,86,46,88,30,960,yes,41,-2000
2025-05-22T20:05:02.213133,KXBTCD-25MAY2300-T110999.99,DELTA,86,46,88,30,961,yes,80,-9
2025-05-22T20:05:02.232991,KXBTCD-25MAY2300-T110999.99,DELTA,86,46,88,30,962,yes,79,9
2025-05-22T20:05:02.253977,KXBTCD-25MAY2300-T110999.99,DELTA,86,46,88,30,963,yes,73,2000
2025-05-22T20:05:02.383436,KXBTCD-25MAY2300-T110999.99,DELTA,86,46,88,30,964,yes,73,-2000
2025-05-22T20:05:02.383739,KXBTCD-25MAY2300-T110999.99,DELTA,86,46,88,30,965,yes,78,-1000
2025-05-22T20:05:02.433896,KXBTCD-25MAY2300-T110999.99,DELTA,86,46,88,30,966,no,5,-2000
2025-05-22T20:05:02.452723,KXBTCD-25MAY2300-T110999.99,DELTA,86,46,88,30,967,no,5,-1000
2025-05-22T20:05:02.453434,KXBTCD-25MAY2300-T110999.99,DELTA,86,46,88,30,968,no,5,-1250
2025-05-22T20:05:02.513814,KXBTCD-25MAY2300-T110999.99,DELTA,86,46,88,30,969,no,7,1000
2025-05-22T20:05:02.533924,KXBTCD-25MAY2300-T110999.99,DELTA,86,46,88,30,970,no,7,1250
2025-05-22T20:05:02.556622,KXBTCD-25MAY2300-T110999.99,DELTA,86,46,88,30,971,yes,79,1000
2025-05-22T20:05:02.557304,KXBTCD-25MAY2300-T110999.99,DELTA,86,46,88,30,972,yes,79,1250
2025-05-22T20:05:02.573479,KXBTCD-25MAY2300-T110999.99,DELTA,86,46,88,30,973,yes,79,2000
2025-05-22T20:05:02.633263,KXBTCD-25MAY2300-T110999.99,DELTA,86,46,88,30,974,no,7,2000
2025-05-22T20:05:03.093852,KXBTCD-25MAY2300-T110999.99,DELTA,86,46,88,30,975,no,8,250
2025-05-22T20:05:03.212139,KXBTCD-25MAY2300-T110999.99,DELTA,86,46,88,30,976,yes,79,-9
2025-05-22T20:05:03.212643,KXBTCD-25MAY2300-T110999.99,DELTA,86,46,88,30,977,yes,80,9
2025-05-22T20:05:03.874248,KXBTCD-25MAY2300-T110999.99,DELTA,86,46,88,30,978,no,7,-2000
2025-05-22T20:05:03.875450,KXBTCD-25MAY2300-T110999.99,DELTA,86,46,88,30,979,no,7,-1000
2025-05-22T20:05:03.876299,KXBTCD-25MAY2300-T110999.99,DELTA,86,46,88,30,980,no,7,-1250
2025-05-22T20:05:03.913865,KXBTCD-25MAY2300-T110999.99,DELTA,86,46,88,30,981,no,9,1250
2025-05-22T20:05:03.914786,KXBTCD-25MAY2300-T110999.99,DELTA,86,46,88,30,982,no,8,2000
2025-05-22T20:05:03.933581,KXBTCD-25MAY2300-T110999.99,DELTA,86,46,88,30,983,no,6,-9
2025-05-22T20:05:04.471762,KXBTCD-25MAY2300-T110999.99,DELTA,86,46,88,130,984,no,12,100
2025-05-22T20:05:04.472046,KXBTCD-25MAY2300-T110999.99,DELTA,86,46,88,130,985,yes,78,100
2025-05-22T20:05:05.673253,KXBTCD-25MAY2300-T110999.99,DELTA,86,46,88,130,986,no,9,1000
2025-05-22T20:05:05.714606,KXBTCD-25MAY2300-T110999.99,DELTA,86,46,88,130,987,yes,78,-100
2025-05-22T20:05:05.715704,KXBTCD-25MAY2300-T110999.99,DELTA,86,46,88,30,988,no,12,-100
2025-05-22T20:05:10.973553,KXBTCD-25MAY2300-T110999.99,DELTA,86,46,87,100,989,no,13,100
2025-05-22T20:05:10.993462,KXBTCD-25MAY2300-T110999.99,DELTA,86,46,87,100,990,yes,79,100
2025-05-22T20:05:11.075610,KXBTCD-25MAY2300-T110999.99,DELTA,86,46,87,100,991,yes,79,-1000
2025-05-22T20:05:11.353169,KXBTCD-25MAY2300-T110999.99,DELTA,86,46,87,100,992,yes,80,1000
2025-05-22T20:05:12.473455,KXBTCD-25MAY2300-T110999.99,DELTA,86,46,87,100,993,yes,79,-100
2025-05-22T20:05:12.554644,KXBTCD-25MAY2300-T110999.99,DELTA,86,46,88,30,994,no,13,-100
2025-05-22T20:05:12.556009,KXBTCD-25MAY2300-T110999.99,DELTA,86,46,88,30,995,yes,80,-1000
2025-05-22T20:05:12.593630,KXBTCD-25MAY2300-T110999.99,DELTA,86,46,88,30,996,yes,80,-9
2025-05-22T20:05:12.594333,KXBTCD-25MAY2300-T110999.99,DELTA,86,46,88,30,997,yes,81,9
2025-05-22T20:05:12.613513,KXBTCD-25MAY2300-T110999.99,DELTA,86,46,88,30,998,yes,79,1000
2025-05-22T20:05:16.833578,KXBTCD-25MAY2300-T110999.99,DELTA,86,46,88,30,999,no,8,-250
2025-05-22T20:05:16.913711,KXBTCD-25MAY2300-T110999.99,DELTA,86,46,88,30,1000,no,8,-2000
2025-05-22T20:05:16.914486,KXBTCD-25MAY2300-T110999.99,DELTA,86,46,88,30,1001,no,9,-1000
2025-05-22T20:05:16.933248,KXBTCD-25MAY2300-T110999.99,DELTA,86,46,88,30,1002,no,9,-1250
2025-05-22T20:05:16.953426,KXBTCD-25MAY2300-T110999.99,DELTA,86,46,88,30,1003,yes,80,9
2025-05-22T20:05:16.954208,KXBTCD-25MAY2300-T110999.99,DELTA,86,46,88,30,1004,yes,81,-9
2025-05-22T20:05:16.993327,KXBTCD-25MAY2300-T110999.99,DELTA,86,46,88,30,1005,no,7,1250
2025-05-22T20:05:17.012318,KXBTCD-25MAY2300-T110999.99,DELTA,86,46,88,30,1006,no,7,2000
2025-05-22T20:05:17.013010,KXBTCD-25MAY2300-T110999.99,DELTA,86,46,88,30,1007,no,7,1000
2025-05-22T20:05:17.153168,KXBTCD-25MAY2300-T110999.99,DELTA,86,46,88,30,1008,yes,68,250
2025-05-22T20:05:17.153868,KXBTCD-25MAY2300-T110999.99,DELTA,86,46,88,30,1009,yes,78,-250
2025-05-22T20:05:17.193015,KXBTCD-25MAY2300-T110999.99,DELTA,86,46,88,30,1010,no,8,250
2025-05-22T20:05:17.252929,KXBTCD-25MAY2300-T110999.99,DELTA,86,46,88,30,1011,no,7,-2000
2025-05-22T20:05:17.272862,KXBTCD-25MAY2300-T110999.99,DELTA,86,46,88,30,1012,no,7,-1000
2025-05-22T20:05:17.273605,KXBTCD-25MAY2300-T110999.99,DELTA,86,46,88,30,1013,no,7,-1250
2025-05-22T20:05:17.313581,KXBTCD-25MAY2300-T110999.99,DELTA,86,46,88,30,1014,no,9,1000
2025-05-22T20:05:17.332549,KXBTCD-25MAY2300-T110999.99,DELTA,86,46,88,30,1015,no,8,2000
2025-05-22T20:05:17.373023,KXBTCD-25MAY2300-T110999.99,DELTA,86,46,88,30,1016,yes,79,-2000
2025-05-22T20:05:17.373934,KXBTCD-25MAY2300-T110999.99,DELTA,86,46,88,30,1017,yes,79,-1000
2025-05-22T20:05:17.393018,KXBTCD-25MAY2300-T110999.99,DELTA,86,46,88,30,1018,yes,79,-1250
2025-05-22T20:05:17.433643,KXBTCD-25MAY2300-T110999.99,DELTA,86,46,88,30,1019,yes,78,1000
2025-05-22T20:05:17.434557,KXBTCD-25MAY2300-T110999.99,DELTA,86,46,88,30,1020,yes,77,2000
2025-05-22T20:05:17.435331,KXBTCD-25MAY2300-T110999.99,DELTA,86,46,88,30,1021,yes,77,1250
2025-05-22T20:05:17.533273,KXBTCD-25MAY2300-T110999.99,DELTA,86,46,88,30,1022,no,9,1250
2025-05-22T20:05:17.613773,KXBTCD-25MAY2300-T110999.99,DELTA,86,46,88,30,1023,no,8,-2000
2025-05-22T20:05:17.614712,KXBTCD-25MAY2300-T110999.99,DELTA,86,46,88,30,1024,no,9,-1000
2025-05-22T20:05:17.672449,KXBTCD-25MAY2300-T110999.99,DELTA,86,46,88,30,1025,no,9,2000
2025-05-22T20:05:17.692812,KXBTCD-25MAY2300-T110999.99,DELTA,86,46,88,1030,1026,no,12,1000
2025-05-22T20:05:17.733587,KXBTCD-25MAY2300-T110999.99,DELTA,86,46,88,1030,1027,yes,80,-9
2025-05-22T20:05:17.734294,KXBTCD-25MAY2300-T110999.99,DELTA,86,46,88,1030,1028,yes,79,9
2025-05-22T20:05:17.832846,KXBTCD-25MAY2300-T110999.99,DELTA,86,46,88,1130,1029,no,12,100
2025-05-22T20:05:17.833599,KXBTCD-25MAY2300-T110999.99,DELTA,86,46,88,1130,1030,yes,78,100
2025-05-22T20:05:17.913377,KXBTCD-25MAY2300-T110999.99,DELTA,86,46,88,1130,1031,yes,78,-1000
2025-05-22T20:05:17.953422,KXBTCD-25MAY2300-T110999.99,DELTA,86,46,88,1130,1032,yes,79,1000
2025-05-22T20:05:18.193599,KXBTCD-25MAY2300-T110999.99,DELTA,86,46,88,1130,1033,no,10,250
2025-05-22T20:05:18.213392,KXBTCD-25MAY2300-T110999.99,DELTA,86,46,88,1130,1034,yes,66,250
2025-05-22T20:05:18.214177,KXBTCD-25MAY2300-T110999.99,DELTA,86,46,88,1130,1035,yes,76,-250
2025-05-22T20:05:18.252858,KXBTCD-25MAY2300-T110999.99,DELTA,86,46,88,1130,1036,no,9,-1250
2025-05-22T20:05:18.295156,KXBTCD-25MAY2300-T110999.99,DELTA,86,46,88,1130,1037,yes,77,-2000
2025-05-22T20:05:18.312415,KXBTCD-25MAY2300-T110999.99,DELTA,86,46,88,1130,1038,no,10,1250
2025-05-22T20:05:18.313136,KXBTCD-25MAY2300-T110999.99,DELTA,86,46,88,1130,1039,yes,77,-1250
2025-05-22T20:05:18.352364,KXBTCD-25MAY2300-T110999.99,DELTA,86,46,88,1130,1040,yes,75,2000
2025-05-22T20:05:18.372487,KXBTCD-25MAY2300-T110999.99,DELTA,86,46,88,1130,1041,yes,75,1250
2025-05-22T20:05:18.492855,KXBTCD-25MAY2300-T110999.99,DELTA,86,46,88,1130,1042,yes,80,9
2025-05-22T20:05:18.493958,KXBTCD-25MAY2300-T110999.99,DELTA,86,46,88,1130,1043,yes,79,-9
2025-05-22T20:05:19.092662,KXBTCD-25MAY2300-T110999.99,DELTA,86,46,88,1130,1044,yes,78,-100
2025-05-22T20:05:19.092972,KXBTCD-25MAY2300-T110999.99,DELTA,86,46,88,1030,1045,no,12,-100
2025-05-22T20:05:19.152849,KXBTCD-25MAY2300-T110999.99,DELTA,86,46,88,1030,1046,yes,79,-1000
2025-05-22T20:05:19.153129,KXBTCD-25MAY2300-T110999.99,DELTA,86,46,88,1030,1047,yes,66,-250
2025-05-22T20:05:19.173522,KXBTCD-25MAY2300-T110999.99,DELTA,86,46,88,1030,1048,yes,76,250
2025-05-22T20:05:19.193065,KXBTCD-25MAY2300-T110999.99,DELTA,86,46,88,1030,1049,yes,78,1000
2025-05-22T20:05:19.253389,KXBTCD-25MAY2300-T110999.99,DELTA,86,46,88,1030,1050,yes,75,-2000
2025-05-22T20:05:19.254171,KXBTCD-25MAY2300-T110999.99,DELTA,86,46,88,1030,1051,yes,75,-1250
2025-05-22T20:05:19.273011,KXBTCD-25MAY2300-T110999.99,DELTA,86,46,88,1030,1052,yes,80,-9
2025-05-22T20:05:19.295260,KXBTCD-25MAY2300-T110999.99,DELTA,86,46,88,1030,1053,yes,78,9
2025-05-22T20:05:19.295938,KXBTCD-25MAY2300-T110999.99,DELTA,86,46,88,1030,1054,yes,77,1250
2025-05-22T20:05:19.314116,KXBTCD-25MAY2300-T110999.99,DELTA,86,46,88,1030,1055,yes,77,2000
2025-05-22T20:05:19.933644,KXBTCD-25MAY2300-T110999.99,DELTA,86,46,88,1030,1056,yes,82,-14
2025-05-22T20:05:19.934513,KXBTCD-25MAY2300-T110999.99,DELTA,86,46,88,1030,1057,yes,80,14
2025-05-22T20:05:19.953366,KXBTCD-25MAY2300-T110999.99,DELTA,86,46,88,1030,1058,no,8,-14
2025-05-22T20:05:19.954252,KXBTCD-25MAY2300-T110999.99,DELTA,86,46,88,1030,1059,no,10,14
2025-05-22T20:05:20.053240,KXBTCD-25MAY2300-T110999.99,DELTA,86,46,88,1030,1060,yes,78,-9
2025-05-22T20:05:20.074805,KXBTCD-25MAY2300-T110999.99,DELTA,86,46,88,1030,1061,yes,81,9
2025-05-22T20:05:22.001031,KXBTCD-25MAY2300-T110999.99,DELTA,86,46,88,1030,1062,yes,76,30
2025-05-22T20:05:22.002179,KXBTCD-25MAY2300-T110999.99,DELTA,86,46,88,1030,1063,yes,77,-30
2025-05-22T20:05:22.002687,KXBTCD-25MAY2300-T110999.99,DELTA,86,46,88,1000,1064,no,12,-30
2025-05-22T20:05:22.003118,KXBTCD-25MAY2300-T110999.99,DELTA,86,46,87,30,1065,no,13,30
2025-05-22T20:05:22.003519,KXBTCD-25MAY2300-T110999.99,DELTA,86,46,87,30,1066,yes,78,-1000
2025-05-22T20:05:22.003906,KXBTCD-25MAY2300-T110999.99,DELTA,86,46,87,30,1067,no,12,-1000
2025-05-22T20:05:22.012460,KXBTCD-25MAY2300-T110999.99,DELTA,86,46,87,30,1068,yes,77,1000
2025-05-22T20:05:22.013085,KXBTCD-25MAY2300-T110999.99,DELTA,86,46,87,30,1069,no,11,1000
2025-05-22T20:05:22.956094,KXBTCD-25MAY2300-T110999.99,DELTA,81,9,87,30,1070,yes,86,-46
2025-05-22T20:05:22.956662,KXBTCD-25MAY2300-T110999.99,DELTA,81,9,86,54,1071,no,14,54
2025-05-22T20:05:22.956808,KXBTCD-25MAY2300-T110999.99,DELTA,81,9,86,54,1072,no,4,-8100
2025-05-22T20:05:22.956946,KXBTCD-25MAY2300-T110999.99,DELTA,81,9,86,54,1073,no,3,10800
2025-05-22T20:05:22.957078,KXBTCD-25MAY2300-T110999.99,DELTA,81,9,86,54,1074,yes,76,100
2025-05-22T20:05:23.013149,KXBTCD-25MAY2300-T110999.99,DELTA,81,9,86,54,1075,no,5,-20000
2025-05-22T20:05:23.073105,KXBTCD-25MAY2300-T110999.99,DELTA,81,9,86,54,1076,no,4,20000
2025-05-22T20:05:23.073616,KXBTCD-25MAY2300-T110999.99,DELTA,80,14,86,54,1077,yes,81,-9
2025-05-22T20:05:23.293579,KXBTCD-25MAY2300-T110999.99,DELTA,80,14,87,30,1078,no,14,-54
2025-05-22T20:05:23.772436,KXBTCD-25MAY2300-T110999.99,DELTA,80,14,87,30,1079,yes,76,-100
2025-05-22T20:05:25.693135,KXBTCD-25MAY2300-T110999.99,DELTA,80,14,87,30,1080,yes,77,100
2025-05-22T20:05:25.713772,KXBTCD-25MAY2300-T110999.99,DELTA,80,14,85,100,1081,no,15,100
2025-05-22T20:05:25.754379,KXBTCD-25MAY2300-T110999.99,DELTA,80,14,85,100,1082,yes,77,-1000
2025-05-22T20:05:25.793391,KXBTCD-25MAY2300-T110999.99,DELTA,80,14,85,100,1083,yes,78,1000
2025-05-22T20:05:26.155457,KXBTCD-25MAY2300-T110999.99,DELTA,80,14,87,30,1084,no,15,-100
2025-05-22T20:05:26.173175,KXBTCD-25MAY2300-T110999.99,DELTA,80,14,87,30,1085,yes,77,-100
2025-05-22T20:05:26.234667,KXBTCD-25MAY2300-T110999.99,DELTA,80,14,87,30,1086,yes,78,-1000
2025-05-22T20:05:26.293676,KXBTCD-25MAY2300-T110999.99,DELTA,80,14,87,30,1087,yes,77,1000
2025-05-22T20:05:29.132472,KXBTCD-25MAY2300-T110999.99,DELTA,80,14,87,30,1088,no,10,-250
2025-05-22T20:05:29.212516,KXBTCD-25MAY2300-T110999.99,DELTA,80,14,87,30,1089,no,11,-1000
2025-05-22T20:05:29.213187,KXBTCD-25MAY2300-T110999.99,DELTA,80,14,87,30,1090,no,10,-1250
2025-05-22T20:05:29.252573,KXBTCD-25MAY2300-T110999.99,DELTA,80,14,87,30,1091,no,9,1000
2025-05-22T20:05:29.253379,KXBTCD-25MAY2300-T110999.99,DELTA,80,14,87,30,1092,no,9,1250
2025-05-22T20:05:30.088981,KXBTCD-25MAY2300-T110999.99,DELTA,80,14,87,30,1093,yes,77,100
2025-05-22T20:05:30.090157,KXBTCD-25MAY2300-T110999.99,DELTA,80,14,85,100,1094,no,15,100
2025-05-22T20:05:30.133009,KXBTCD-25MAY2300-T110999.99,DELTA,80,14,85,100,1095,yes,77,-1000
2025-05-22T20:05:30.193905,KXBTCD-25MAY2300-T110999.99,DELTA,80,14,85,100,1096,yes,78,1000
2025-05-22T20:05:30.194940,KXBTCD-25MAY2300-T110999.99,DELTA,80,14,85,100,1097,no,10,9
2025-05-22T20:05:31.693183,KXBTCD-25MAY2300-T110999.99,DELTA,80,14,87,30,1098,no,15,-100
2025-05-22T20:05:31.713608,KXBTCD-25MAY2300-T110999.99,DELTA,80,14,87,30,1099,yes,77,-100
2025-05-22T20:05:31.792535,KXBTCD-25MAY2300-T110999.99,DELTA,80,14,87,30,1100,yes,78,-1000
2025-05-22T20:05:31.827672,KXBTCD-25MAY2300-T110999.99,DELTA,80,14,87,30,1101,no,10,-9
2025-05-22T20:05:31.852524,KXBTCD-25MAY2300-T110999.99,DELTA,80,14,87,30,1102,yes,77,1000
2025-05-22T20:05:34.693309,KXBTCD-25MAY2300-T110999.99,DELTA,80,14,87,30,1103,yes,78,100
