timestamp,market_ticker,type,yes_bid_price_cents,yes_bid_qty,yes_ask_price_cents,yes_ask_qty_on_no_side,sequence_num,delta_side,delta_price_cents,delta_quantity
2025-05-20T14:00:26.475563,KXBTCD-25MAY2018-T106499.99,SNAPSHOT,78,100,85,100,1,,,
2025-05-20T14:00:27.408669,KXBTCD-25MAY2018-T106499.99,DELTA,78,100,85,100,2,yes,50,200
2025-05-20T14:00:27.486689,KXBTCD-25MAY2018-T106499.99,DELTA,78,100,85,100,3,yes,2,-9
2025-05-20T14:00:27.506093,KXBTCD-25MAY2018-T106499.99,DELTA,78,100,85,100,4,yes,51,9
2025-05-20T14:00:34.075753,KXBTCD-25MAY2018-T106499.99,DELTA,78,100,,0,5,no,15,-100
2025-05-20T14:00:34.076693,KXBTCD-25MAY2018-T106499.99,DELTA,51,9,,0,6,yes,78,-100
2025-05-20T14:00:34.206558,KXBTCD-25MAY2018-T106499.99,DELTA,51,9,,0,7,yes,2,9
2025-05-20T14:00:34.206919,KXBTCD-25MAY2018-T106499.99,DELTA,50,200,,0,8,yes,51,-9
2025-05-20T14:00:35.566023,KXBTCD-25MAY2018-T106499.99,DELTA,50,200,84,100,9,no,16,100
2025-05-20T14:00:35.586356,KXBTCD-25MAY2018-T106499.99,DELTA,76,100,84,100,10,yes,76,100
2025-05-20T14:00:35.686574,KXBTCD-25MAY2018-T106499.99,DELTA,76,100,83,9,11,no,17,9
2025-05-20T14:00:35.687226,KXBTCD-25MAY2018-T106499.99,DELTA,76,100,83,9,12,yes,51,9
2025-05-20T14:00:37.366262,KXBTCD-25MAY2018-T106499.99,DELTA,76,100,83,9,13,no,16,-100
2025-05-20T14:00:37.502416,KXBTCD-25MAY2018-T106499.99,DELTA,76,100,83,9,14,yes,51,9
2025-05-20T14:00:37.502724,KXBTCD-25MAY2018-T106499.99,DELTA,76,100,83,9,15,yes,2,-9
2025-05-20T14:00:37.507773,KXBTCD-25MAY2018-T106499.99,DELTA,76,100,,0,16,no,17,-9
2025-05-20T14:00:37.527288,KXBTCD-25MAY2018-T106499.99,DELTA,76,100,,0,17,yes,51,-9
2025-05-20T14:00:37.685916,KXBTCD-25MAY2018-T106499.99,DELTA,76,100,,0,18,yes,50,-200
2025-05-20T14:00:37.686833,KXBTCD-25MAY2018-T106499.99,DELTA,76,100,,0,19,yes,40,200
2025-05-20T14:00:38.673064,KXBTCD-25MAY2018-T106499.99,DELTA,51,9,,0,20,yes,76,-100
2025-05-20T14:00:40.927809,KXBTCD-25MAY2018-T106499.99,DELTA,70,100,,0,21,yes,70,100
2025-05-20T14:00:40.929118,KXBTCD-25MAY2018-T106499.99,DELTA,70,100,78,100,22,no,22,100
2025-05-20T14:00:41.027039,KXBTCD-25MAY2018-T106499.99,DELTA,70,100,78,100,23,yes,51,-9
2025-05-20T14:00:41.027492,KXBTCD-25MAY2018-T106499.99,DELTA,70,100,78,100,24,yes,41,9
2025-05-20T14:00:41.641193,KXBTCD-25MAY2018-T106499.99,DELTA,41,9,78,100,25,yes,70,-100
2025-05-20T14:00:41.641477,KXBTCD-25MAY2018-T106499.99,DELTA,41,9,,0,26,no,22,-100
2025-05-20T14:00:43.506331,KXBTCD-25MAY2018-T106499.99,DELTA,41,9,,0,27,yes,40,-200
2025-05-20T14:00:43.506684,KXBTCD-25MAY2018-T106499.99,DELTA,50,200,,0,28,yes,50,200
2025-05-20T14:00:43.626105,KXBTCD-25MAY2018-T106499.99,DELTA,50,200,,0,29,yes,2,9
2025-05-20T14:00:43.627301,KXBTCD-25MAY2018-T106499.99,DELTA,50,200,,0,30,yes,41,-9
2025-05-20T14:00:44.407546,KXBTCD-25MAY2018-T106499.99,DELTA,74,100,,0,31,yes,74,100
2025-05-20T14:00:44.408657,KXBTCD-25MAY2018-T106499.99,DELTA,74,100,82,100,32,no,18,100
2025-05-20T14:00:44.920618,KXBTCD-25MAY2018-T106499.99,DELTA,74,100,,0,33,no,18,-100
2025-05-20T14:00:45.840189,KXBTCD-25MAY2018-T106499.99,DELTA,50,200,,0,34,yes,74,-100
2025-05-20T14:00:45.886930,KXBTCD-25MAY2018-T106499.99,DELTA,50,200,83,100,35,no,17,100
2025-05-20T14:00:46.706186,KXBTCD-25MAY2018-T106499.99,DELTA,50,200,83,100,36,no,3,80000
2025-05-20T14:00:46.706697,KXBTCD-25MAY2018-T106499.99,DELTA,50,200,83,100,37,yes,47,8000
2025-05-20T14:00:46.706892,KXBTCD-25MAY2018-T106499.99,DELTA,72,3000,83,100,38,yes,72,3000
2025-05-20T14:00:46.727371,KXBTCD-25MAY2018-T106499.99,DELTA,72,3000,83,100,39,yes,3,80000
2025-05-20T14:00:46.887396,KXBTCD-25MAY2018-T106499.99,DELTA,72,3000,82,9,40,no,18,9
2025-05-20T14:00:46.887868,KXBTCD-25MAY2018-T106499.99,DELTA,72,3000,82,9,41,yes,51,9
2025-05-20T14:00:47.246187,KXBTCD-25MAY2018-T106499.99,DELTA,51,9,82,9,42,yes,72,-3000
2025-05-20T14:00:47.266841,KXBTCD-25MAY2018-T106499.99,DELTA,51,9,82,9,43,yes,47,-8000
2025-05-20T14:00:47.686897,KXBTCD-25MAY2018-T106499.99,DELTA,51,2009,82,9,44,yes,51,2000
2025-05-20T14:00:47.846896,KXBTCD-25MAY2018-T106499.99,DELTA,75,100,82,9,45,yes,75,100
2025-05-20T14:00:47.966425,KXBTCD-25MAY2018-T106499.99,DELTA,75,100,82,9,46,yes,52,9
2025-05-20T14:00:47.967576,KXBTCD-25MAY2018-T106499.99,DELTA,75,100,82,9,47,yes,2,-9
2025-05-20T14:00:47.968241,KXBTCD-25MAY2018-T106499.99,DELTA,75,100,82,9,48,yes,51,-9
2025-05-20T14:00:47.968901,KXBTCD-25MAY2018-T106499.99,DELTA,75,100,82,9,49,no,4,9
2025-05-20T14:00:47.969500,KXBTCD-25MAY2018-T106499.99,DELTA,75,100,83,100,50,no,18,-9
2025-05-20T14:00:48.327319,KXBTCD-25MAY2018-T106499.99,DELTA,75,100,83,100,51,yes,45,8000
2025-05-20T14:00:48.328232,KXBTCD-25MAY2018-T106499.99,DELTA,76,1000,83,100,52,yes,76,1000
2025-05-20T14:00:48.328922,KXBTCD-25MAY2018-T106499.99,DELTA,76,1000,83,100,53,yes,2,20000
2025-05-20T14:00:48.329877,KXBTCD-25MAY2018-T106499.99,DELTA,76,1000,83,100,54,yes,71,3000
2025-05-20T14:00:48.506057,KXBTCD-25MAY2018-T106499.99,DELTA,76,1000,83,100,55,yes,1,-32400
2025-05-20T14:00:48.506459,KXBTCD-25MAY2018-T106499.99,DELTA,76,1000,83,100,56,yes,4,8100
2025-05-20T14:00:48.587141,KXBTCD-25MAY2018-T106499.99,DELTA,76,1000,83,100,57,yes,2,-20000
2025-05-20T14:00:48.647196,KXBTCD-25MAY2018-T106499.99,DELTA,76,1000,96,9,58,no,17,-100
2025-05-20T14:00:49.308479,KXBTCD-25MAY2018-T106499.99,DELTA,76,1000,96,9,59,yes,5,20000
2025-05-20T14:00:49.866259,KXBTCD-25MAY2018-T106499.99,DELTA,76,1000,96,9,60,yes,4,-8100
2025-05-20T14:00:49.867264,KXBTCD-25MAY2018-T106499.99,DELTA,76,1000,96,9,61,yes,6,5400
2025-05-20T14:00:49.948089,KXBTCD-25MAY2018-T106499.99,DELTA,76,1000,96,9,62,yes,5,-20000
2025-05-20T14:00:49.967897,KXBTCD-25MAY2018-T106499.99,DELTA,76,1000,97,80000,63,no,4,-9
2025-05-20T14:00:49.986627,KXBTCD-25MAY2018-T106499.99,DELTA,76,1000,97,80000,64,yes,7,20000
2025-05-20T14:00:49.987176,KXBTCD-25MAY2018-T106499.99,DELTA,76,1000,97,80000,65,yes,52,-9
2025-05-20T14:00:51.006051,KXBTCD-25MAY2018-T106499.99,DELTA,76,1000,82,100,66,no,18,100
2025-05-20T14:00:51.106669,KXBTCD-25MAY2018-T106499.99,DELTA,76,1000,82,100,67,yes,6,-5400
2025-05-20T14:00:51.106925,KXBTCD-25MAY2018-T106499.99,DELTA,76,1000,82,100,68,yes,8,4050
2025-05-20T14:00:51.187229,KXBTCD-25MAY2018-T106499.99,DELTA,76,1000,82,100,69,yes,7,-20000
2025-05-20T14:00:51.227101,KXBTCD-25MAY2018-T106499.99,DELTA,76,1000,82,100,70,yes,9,20000
2025-05-20T14:00:52.007845,KXBTCD-25MAY2018-T106499.99,DELTA,76,1000,97,80000,71,no,18,-100
2025-05-20T14:00:52.362002,KXBTCD-25MAY2018-T106499.99,DELTA,76,1000,97,80000,72,yes,8,-4050
2025-05-20T14:00:52.363118,KXBTCD-25MAY2018-T106499.99,DELTA,76,1000,97,80000,73,yes,10,3240
2025-05-20T14:00:52.405816,KXBTCD-25MAY2018-T106499.99,DELTA,76,1000,97,80000,74,yes,9,-20000
2025-05-20T14:00:52.445781,KXBTCD-25MAY2018-T106499.99,DELTA,76,1000,97,80000,75,yes,11,20000
2025-05-20T14:00:53.627038,KXBTCD-25MAY2018-T106499.99,DELTA,76,1000,97,80000,76,yes,10,-3240
2025-05-20T14:00:53.627924,KXBTCD-25MAY2018-T106499.99,DELTA,76,1000,97,80000,77,yes,12,2700
2025-05-20T14:00:53.685960,KXBTCD-25MAY2018-T106499.99,DELTA,76,1000,97,80000,78,yes,11,-20000
2025-05-20T14:00:54.901155,KXBTCD-25MAY2018-T106499.99,DELTA,77,14,97,80000,79,yes,77,14
2025-05-20T14:00:54.914065,KXBTCD-25MAY2018-T106499.99,DELTA,77,14,86,14,80,no,14,14
2025-05-20T14:00:54.966538,KXBTCD-25MAY2018-T106499.99,DELTA,77,14,86,14,81,yes,76,30
2025-05-20T14:00:54.966733,KXBTCD-25MAY2018-T106499.99,DELTA,77,14,86,14,82,no,13,30
2025-05-20T14:00:55.036889,KXBTCD-25MAY2018-T106499.99,DELTA,77,14,86,14,83,yes,76,-1000
2025-05-20T14:00:55.085639,KXBTCD-25MAY2018-T106499.99,DELTA,77,1014,86,14,84,yes,77,1000
2025-05-20T14:00:55.107241,KXBTCD-25MAY2018-T106499.99,DELTA,77,1014,86,14,85,yes,76,-30
2025-05-20T14:00:55.107477,KXBTCD-25MAY2018-T106499.99,DELTA,79,30,86,14,86,yes,79,30
2025-05-20T14:00:55.107598,KXBTCD-25MAY2018-T106499.99,DELTA,79,30,86,14,87,no,13,-30
2025-05-20T14:00:55.127466,KXBTCD-25MAY2018-T106499.99,DELTA,79,30,86,14,88,no,10,30
2025-05-20T14:00:55.186222,KXBTCD-25MAY2018-T106499.99,DELTA,79,30,86,14,89,yes,77,-1000
2025-05-20T14:00:55.227298,KXBTCD-25MAY2018-T106499.99,DELTA,79,30,86,114,90,no,14,100
2025-05-20T14:00:55.266514,KXBTCD-25MAY2018-T106499.99,DELTA,80,1000,86,114,91,yes,80,1000
2025-05-20T14:00:55.545976,KXBTCD-25MAY2018-T106499.99,DELTA,81,14,86,114,92,yes,81,14
2025-05-20T14:00:55.546635,KXBTCD-25MAY2018-T106499.99,DELTA,81,14,86,114,93,yes,77,-14
2025-05-20T14:00:55.547598,KXBTCD-25MAY2018-T106499.99,DELTA,81,14,86,114,94,no,10,14
2025-05-20T14:00:55.548171,KXBTCD-25MAY2018-T106499.99,DELTA,81,14,86,100,95,no,14,-14
2025-05-20T14:00:56.225895,KXBTCD-25MAY2018-T106499.99,DELTA,81,14,86,100,96,yes,75,-100
2025-05-20T14:00:56.227436,KXBTCD-25MAY2018-T106499.99,DELTA,81,14,90,44,97,no,14,-100
2025-05-20T14:00:57.884217,KXBTCD-25MAY2018-T106499.99,DELTA,81,14,88,100,98,no,12,100
2025-05-20T14:00:57.884653,KXBTCD-25MAY2018-T106499.99,DELTA,81,14,88,100,99,yes,80,100
2025-05-20T14:00:57.944970,KXBTCD-25MAY2018-T106499.99,DELTA,81,14,88,100,100,yes,80,-1000
2025-05-20T14:00:57.985828,KXBTCD-25MAY2018-T106499.99,DELTA,81,1014,88,100,101,yes,81,1000
2025-05-20T14:00:58.005755,KXBTCD-25MAY2018-T106499.99,DELTA,81,1014,88,100,102,no,4,9
2025-05-20T14:00:58.287156,KXBTCD-25MAY2018-T106499.99,DELTA,81,1014,88,100,103,yes,12,-2700
2025-05-20T14:00:58.288074,KXBTCD-25MAY2018-T106499.99,DELTA,81,1014,88,100,104,yes,4,8100
2025-05-20T14:00:58.346526,KXBTCD-25MAY2018-T106499.99,DELTA,81,1014,88,100,105,yes,5,20000
2025-05-20T14:01:00.727068,KXBTCD-25MAY2018-T106499.99,DELTA,81,1014,88,100,106,yes,4,-8100
2025-05-20T14:01:00.727413,KXBTCD-25MAY2018-T106499.99,DELTA,81,1014,88,100,107,yes,6,5400
2025-05-20T14:01:00.786510,KXBTCD-25MAY2018-T106499.99,DELTA,81,1014,88,100,108,yes,5,-20000
2025-05-20T14:01:00.839415,KXBTCD-25MAY2018-T106499.99,DELTA,81,1014,88,100,109,yes,7,20000
2025-05-20T14:01:00.867209,KXBTCD-25MAY2018-T106499.99,DELTA,81,1014,90,44,110,no,12,-100
2025-05-20T14:01:00.867961,KXBTCD-25MAY2018-T106499.99,DELTA,81,1014,90,44,111,yes,80,-100
2025-05-20T14:01:00.967180,KXBTCD-25MAY2018-T106499.99,DELTA,81,14,90,44,112,yes,81,-1000
2025-05-20T14:01:01.026360,KXBTCD-25MAY2018-T106499.99,DELTA,81,14,90,44,113,yes,80,1000
2025-05-20T14:01:01.985492,KXBTCD-25MAY2018-T106499.99,DELTA,81,14,90,44,114,yes,6,-5400
2025-05-20T14:01:01.985770,KXBTCD-25MAY2018-T106499.99,DELTA,81,14,90,44,115,yes,8,4050
2025-05-20T14:01:02.046384,KXBTCD-25MAY2018-T106499.99,DELTA,81,14,90,44,116,yes,7,-20000
2025-05-20T14:01:02.086301,KXBTCD-25MAY2018-T106499.99,DELTA,81,14,90,44,117,yes,9,20000
2025-05-20T14:01:03.127980,KXBTCD-25MAY2018-T106499.99,DELTA,81,14,90,44,118,yes,8,-4050
2025-05-20T14:01:03.128375,KXBTCD-25MAY2018-T106499.99,DELTA,81,14,90,44,119,yes,10,3240
2025-05-20T14:01:03.186443,KXBTCD-25MAY2018-T106499.99,DELTA,81,14,90,44,120,yes,9,-20000
2025-05-20T14:01:03.226443,KXBTCD-25MAY2018-T106499.99,DELTA,81,14,90,44,121,yes,11,20000
2025-05-20T14:01:03.787645,KXBTCD-25MAY2018-T106499.99,DELTA,81,14,90,44,122,yes,80,100
2025-05-20T14:01:03.806085,KXBTCD-25MAY2018-T106499.99,DELTA,81,14,88,100,123,no,12,100
2025-05-20T14:01:03.847392,KXBTCD-25MAY2018-T106499.99,DELTA,81,14,88,100,124,yes,80,-1000
2025-05-20T14:01:03.926563,KXBTCD-25MAY2018-T106499.99,DELTA,81,1014,88,100,125,yes,81,1000
2025-05-20T14:01:04.227281,KXBTCD-25MAY2018-T106499.99,DELTA,81,1014,88,100,126,yes,10,-3240
2025-05-20T14:01:04.229907,KXBTCD-25MAY2018-T106499.99,DELTA,81,1014,88,100,127,yes,12,2700
2025-05-20T14:01:04.285358,KXBTCD-25MAY2018-T106499.99,DELTA,81,1014,88,100,128,yes,11,-20000
2025-05-20T14:01:05.327332,KXBTCD-25MAY2018-T106499.99,DELTA,81,1014,88,100,129,yes,12,-2700
2025-05-20T14:01:05.328873,KXBTCD-25MAY2018-T106499.99,DELTA,81,1014,88,100,130,yes,4,8100
2025-05-20T14:01:05.386217,KXBTCD-25MAY2018-T106499.99,DELTA,81,1014,88,100,131,yes,5,20000
2025-05-20T14:01:06.747730,KXBTCD-25MAY2018-T106499.99,DELTA,81,1014,88,100,132,yes,80,-100
2025-05-20T14:01:06.806823,KXBTCD-25MAY2018-T106499.99,DELTA,81,14,88,100,133,yes,81,-1000
2025-05-20T14:01:06.846605,KXBTCD-25MAY2018-T106499.99,DELTA,81,14,88,100,134,yes,80,1000
2025-05-20T14:01:08.047566,KXBTCD-25MAY2018-T106499.99,DELTA,81,114,88,100,135,yes,81,100
2025-05-20T14:01:08.107643,KXBTCD-25MAY2018-T106499.99,DELTA,81,114,88,100,136,yes,80,-1000
2025-05-20T14:01:08.126359,KXBTCD-25MAY2018-T106499.99,DELTA,82,1000,88,100,137,yes,82,1000
2025-05-20T14:01:09.394654,KXBTCD-25MAY2018-T106499.99,DELTA,82,1000,88,100,138,yes,81,30
2025-05-20T14:01:09.396264,KXBTCD-25MAY2018-T106499.99,DELTA,82,1000,88,100,139,no,8,30
2025-05-20T14:01:09.397152,KXBTCD-25MAY2018-T106499.99,DELTA,82,1000,88,100,140,yes,79,-30
2025-05-20T14:01:09.397873,KXBTCD-25MAY2018-T106499.99,DELTA,82,1000,88,100,141,no,10,-30
2025-05-20T14:01:09.685629,KXBTCD-25MAY2018-T106499.99,DELTA,82,1000,88,100,142,no,8,1000
2025-05-20T14:01:09.886773,KXBTCD-25MAY2018-T106499.99,DELTA,82,1000,88,100,143,yes,4,-8100
2025-05-20T14:01:09.887987,KXBTCD-25MAY2018-T106499.99,DELTA,82,1000,88,100,144,yes,6,5400
2025-05-20T14:01:09.946928,KXBTCD-25MAY2018-T106499.99,DELTA,82,1000,88,100,145,yes,5,-20000
2025-05-20T14:01:10.007176,KXBTCD-25MAY2018-T106499.99,DELTA,82,1000,88,100,146,yes,7,20000
2025-05-20T14:01:10.406417,KXBTCD-25MAY2018-T106499.99,DELTA,82,1000,90,14,147,no,12,-100
2025-05-20T14:01:10.406878,KXBTCD-25MAY2018-T106499.99,DELTA,82,1000,90,14,148,yes,81,-100
2025-05-20T14:01:10.527535,KXBTCD-25MAY2018-T106499.99,DELTA,82,1000,90,14,149,no,4,-9
2025-05-20T14:01:11.086434,KXBTCD-25MAY2018-T106499.99,DELTA,82,1014,90,14,150,yes,82,14
2025-05-20T14:01:11.086891,KXBTCD-25MAY2018-T106499.99,DELTA,82,1014,90,14,151,yes,81,-14
2025-05-20T14:01:11.087063,KXBTCD-25MAY2018-T106499.99,DELTA,82,1014,92,1030,152,no,10,-14
2025-05-20T14:01:11.087276,KXBTCD-25MAY2018-T106499.99,DELTA,82,1014,91,14,153,no,9,14
2025-05-20T14:01:11.226790,KXBTCD-25MAY2018-T106499.99,DELTA,82,1014,91,14,154,no,8,-1000
2025-05-20T14:01:12.347391,KXBTCD-25MAY2018-T106499.99,DELTA,82,1014,91,114,155,no,9,100
2025-05-20T14:01:12.348076,KXBTCD-25MAY2018-T106499.99,DELTA,82,1014,91,114,156,yes,6,-5400
2025-05-20T14:01:12.348560,KXBTCD-25MAY2018-T106499.99,DELTA,82,1014,91,114,157,yes,8,4050
2025-05-20T14:01:12.366281,KXBTCD-25MAY2018-T106499.99,DELTA,82,1114,91,114,158,yes,82,100
2025-05-20T14:01:12.407486,KXBTCD-25MAY2018-T106499.99,DELTA,82,1114,91,114,159,yes,7,-20000
2025-05-20T14:01:12.447072,KXBTCD-25MAY2018-T106499.99,DELTA,82,1114,91,114,160,yes,9,20000
2025-05-20T14:01:12.448040,KXBTCD-25MAY2018-T106499.99,DELTA,82,114,91,114,161,yes,82,-1000
2025-05-20T14:01:12.508440,KXBTCD-25MAY2018-T106499.99,DELTA,82,114,91,114,162,no,4,9
2025-05-20T14:01:12.526632,KXBTCD-25MAY2018-T106499.99,DELTA,83,1000,91,114,163,yes,83,1000
2025-05-20T14:01:12.666639,KXBTCD-25MAY2018-T106499.99,DELTA,83,1000,91,14,164,no,9,-100
2025-05-20T14:01:13.126468,KXBTCD-25MAY2018-T106499.99,DELTA,83,1000,91,14,165,yes,82,-100
2025-05-20T14:01:13.186726,KXBTCD-25MAY2018-T106499.99,DELTA,82,14,91,14,166,yes,83,-1000
2025-05-20T14:01:13.227149,KXBTCD-25MAY2018-T106499.99,DELTA,82,1014,91,14,167,yes,82,1000
2025-05-20T14:01:13.648776,KXBTCD-25MAY2018-T106499.99,DELTA,82,1014,91,14,168,yes,8,-4050
2025-05-20T14:01:13.649716,KXBTCD-25MAY2018-T106499.99,DELTA,82,1014,91,14,169,yes,10,3240
2025-05-20T14:01:13.706406,KXBTCD-25MAY2018-T106499.99,DELTA,82,1014,91,14,170,yes,9,-20000
2025-05-20T14:01:13.809194,KXBTCD-25MAY2018-T106499.99,DELTA,82,1014,91,14,171,yes,11,20000
2025-05-20T14:01:14.200291,KXBTCD-25MAY2018-T106499.99,DELTA,82,1014,90,100,172,no,10,100
2025-05-20T14:01:14.826426,KXBTCD-25MAY2018-T106499.99,DELTA,82,1014,90,100,173,yes,10,-3240
2025-05-20T14:01:14.827319,KXBTCD-25MAY2018-T106499.99,DELTA,82,1014,90,100,174,yes,12,2700
2025-05-20T14:01:14.947159,KXBTCD-25MAY2018-T106499.99,DELTA,82,1114,90,100,175,yes,82,100
2025-05-20T14:01:14.948225,KXBTCD-25MAY2018-T106499.99,DELTA,82,1114,90,100,176,yes,11,-20000
2025-05-20T14:01:14.987547,KXBTCD-25MAY2018-T106499.99,DELTA,82,1114,85,300,177,no,15,300
2025-05-20T14:01:15.007935,KXBTCD-25MAY2018-T106499.99,DELTA,82,114,85,300,178,yes,82,-1000
2025-05-20T14:01:15.106860,KXBTCD-25MAY2018-T106499.99,DELTA,82,114,90,100,179,no,15,-300
2025-05-20T14:01:15.107777,KXBTCD-25MAY2018-T106499.99,DELTA,83,1000,90,100,180,yes,83,1000
2025-05-20T14:01:15.186817,KXBTCD-25MAY2018-T106499.99,DELTA,83,1000,85,200,181,no,15,200
2025-05-20T14:01:16.047394,KXBTCD-25MAY2018-T106499.99,DELTA,83,1100,85,200,182,yes,83,100
2025-05-20T14:01:16.065251,KXBTCD-25MAY2018-T106499.99,DELTA,83,100,85,200,183,yes,83,-1000
2025-05-20T14:01:16.086276,KXBTCD-25MAY2018-T106499.99,DELTA,83,100,85,200,184,yes,12,-2700
2025-05-20T14:01:16.086446,KXBTCD-25MAY2018-T106499.99,DELTA,83,100,85,200,185,yes,4,8100
2025-05-20T14:01:16.105759,KXBTCD-25MAY2018-T106499.99,DELTA,84,1000,85,200,186,yes,84,1000
2025-05-20T14:01:16.145977,KXBTCD-25MAY2018-T106499.99,DELTA,84,1000,85,200,187,yes,5,20000
2025-05-20T14:01:16.307220,KXBTCD-25MAY2018-T106499.99,DELTA,84,1000,85,200,188,no,8,1000
2025-05-20T14:01:16.667377,KXBTCD-25MAY2018-T106499.99,DELTA,84,1000,85,200,189,yes,82,-100
2025-05-20T14:01:16.685975,KXBTCD-25MAY2018-T106499.99,DELTA,84,1000,85,200,190,yes,82,250
2025-05-20T14:01:16.746633,KXBTCD-25MAY2018-T106499.99,DELTA,84,1000,85,200,191,yes,51,-2000
2025-05-20T14:01:16.907035,KXBTCD-25MAY2018-T106499.99,DELTA,84,1000,85,200,192,yes,83,1250
2025-05-20T14:01:16.908129,KXBTCD-25MAY2018-T106499.99,DELTA,84,1000,85,200,193,yes,83,2000
2025-05-20T14:01:17.029287,KXBTCD-25MAY2018-T106499.99,DELTA,84,1000,85,200,194,no,4,-9
2025-05-20T14:01:17.030413,KXBTCD-25MAY2018-T106499.99,DELTA,84,1000,85,200,195,no,11,9
2025-05-20T14:01:17.266497,KXBTCD-25MAY2018-T106499.99,DELTA,84,1000,85,200,196,yes,4,-8100
2025-05-20T14:01:17.266852,KXBTCD-25MAY2018-T106499.99,DELTA,84,1000,85,200,197,yes,6,5400
2025-05-20T14:01:17.326370,KXBTCD-25MAY2018-T106499.99,DELTA,84,1000,85,200,198,yes,5,-20000
2025-05-20T14:01:17.365777,KXBTCD-25MAY2018-T106499.99,DELTA,84,1000,85,200,199,yes,7,20000
2025-05-20T14:01:19.606329,KXBTCD-25MAY2018-T106499.99,DELTA,84,1000,85,200,200,yes,82,-250
2025-05-20T14:01:19.607455,KXBTCD-25MAY2018-T106499.99,DELTA,84,1000,89,9,201,no,15,-200
2025-05-20T14:01:19.698579,KXBTCD-25MAY2018-T106499.99,DELTA,84,1000,89,9,202,yes,81,400
2025-05-20T14:01:19.699165,KXBTCD-25MAY2018-T106499.99,DELTA,84,1000,85,450,203,no,15,450
2025-05-20T14:01:19.726958,KXBTCD-25MAY2018-T106499.99,DELTA,84,1000,85,450,204,yes,83,-2000
2025-05-20T14:01:19.727753,KXBTCD-25MAY2018-T106499.99,DELTA,84,1000,85,450,205,yes,83,-1250
2025-05-20T14:01:19.827253,KXBTCD-25MAY2018-T106499.99,DELTA,84,1000,85,450,206,yes,51,2000
2025-05-20T14:01:19.828126,KXBTCD-25MAY2018-T106499.99,DELTA,84,1000,85,450,207,yes,82,1250
2025-05-20T14:01:19.887049,KXBTCD-25MAY2018-T106499.99,DELTA,84,1000,85,450,208,yes,51,-2000
2025-05-20T14:01:19.927164,KXBTCD-25MAY2018-T106499.99,DELTA,84,1000,85,450,209,yes,82,2000
2025-05-20T14:01:20.146830,KXBTCD-25MAY2018-T106499.99,DELTA,84,1000,89,9,210,no,15,-450
2025-05-20T14:01:20.187274,KXBTCD-25MAY2018-T106499.99,DELTA,84,1000,85,450,211,no,15,450
2025-05-20T14:01:20.207169,KXBTCD-25MAY2018-T106499.99,DELTA,84,1000,89,9,212,no,15,-450
2025-05-20T14:01:20.306745,KXBTCD-25MAY2018-T106499.99,DELTA,84,1000,86,500,213,no,14,500
2025-05-20T14:01:20.507512,KXBTCD-25MAY2018-T106499.99,DELTA,84,1000,86,500,214,yes,79,14
2025-05-20T14:01:20.508517,KXBTCD-25MAY2018-T106499.99,DELTA,84,1000,86,500,215,yes,82,-14
2025-05-20T14:01:20.509104,KXBTCD-25MAY2018-T106499.99,DELTA,84,1000,86,500,216,no,12,14
2025-05-20T14:01:20.509583,KXBTCD-25MAY2018-T106499.99,DELTA,84,1000,86,500,217,no,9,-14
2025-05-20T14:01:20.626472,KXBTCD-25MAY2018-T106499.99,DELTA,84,1000,86,500,218,no,10,-100
2025-05-20T14:01:20.627557,KXBTCD-25MAY2018-T106499.99,DELTA,84,1000,86,500,219,yes,83,-100
2025-05-20T14:01:20.706002,KXBTCD-25MAY2018-T106499.99,DELTA,82,3250,86,500,220,yes,84,-1000
2025-05-20T14:01:20.766215,KXBTCD-25MAY2018-T106499.99,DELTA,82,4250,86,500,221,yes,82,1000
2025-05-20T14:01:20.807391,KXBTCD-25MAY2018-T106499.99,DELTA,82,4250,86,500,222,yes,81,-30
2025-05-20T14:01:20.808272,KXBTCD-25MAY2018-T106499.99,DELTA,82,4250,86,500,223,yes,78,30
2025-05-20T14:01:20.808817,KXBTCD-25MAY2018-T106499.99,DELTA,82,4250,86,500,224,no,8,-30
2025-05-20T14:01:20.809247,KXBTCD-25MAY2018-T106499.99,DELTA,82,4250,86,500,225,no,11,30
2025-05-20T14:01:20.959352,KXBTCD-25MAY2018-T106499.99,DELTA,82,4250,86,500,226,no,8,-1000
2025-05-20T14:01:21.166076,KXBTCD-25MAY2018-T106499.99,DELTA,82,4250,86,500,227,yes,81,-400
2025-05-20T14:01:21.185809,KXBTCD-25MAY2018-T106499.99,DELTA,82,4250,88,14,228,no,14,-500
2025-05-20T14:01:21.245867,KXBTCD-25MAY2018-T106499.99,DELTA,82,2250,88,14,229,yes,82,-2000
2025-05-20T14:01:21.246583,KXBTCD-25MAY2018-T106499.99,DELTA,82,1250,88,14,230,yes,82,-1000
2025-05-20T14:01:21.266197,KXBTCD-25MAY2018-T106499.99,DELTA,79,14,88,14,231,yes,82,-1250
2025-05-20T14:01:21.368355,KXBTCD-25MAY2018-T106499.99,DELTA,79,1014,88,14,232,yes,79,1000
2025-05-20T14:01:21.369204,KXBTCD-25MAY2018-T106499.99,DELTA,79,1014,88,14,233,yes,51,2000
2025-05-20T14:01:21.507250,KXBTCD-25MAY2018-T106499.99,DELTA,82,300,88,14,234,yes,82,300
2025-05-20T14:01:21.526975,KXBTCD-25MAY2018-T106499.99,DELTA,82,300,86,350,235,no,14,350
2025-05-20T14:01:21.607707,KXBTCD-25MAY2018-T106499.99,DELTA,82,300,86,350,236,yes,78,-30
2025-05-20T14:01:21.608622,KXBTCD-25MAY2018-T106499.99,DELTA,82,330,86,350,237,yes,82,30
2025-05-20T14:01:21.609886,KXBTCD-25MAY2018-T106499.99,DELTA,82,330,86,350,238,yes,51,-2000
2025-05-20T14:01:21.610191,KXBTCD-25MAY2018-T106499.99,DELTA,82,330,86,350,239,no,7,30
2025-05-20T14:01:21.610521,KXBTCD-25MAY2018-T106499.99,DELTA,82,330,86,350,240,no,11,-30
2025-05-20T14:01:21.625502,KXBTCD-25MAY2018-T106499.99,DELTA,82,330,86,350,241,yes,79,-1000
2025-05-20T14:01:21.706252,KXBTCD-25MAY2018-T106499.99,DELTA,83,1250,86,350,242,yes,83,1250
2025-05-20T14:01:21.727448,KXBTCD-25MAY2018-T106499.99,DELTA,83,1250,86,350,243,no,11,-9
2025-05-20T14:01:21.728225,KXBTCD-25MAY2018-T106499.99,DELTA,83,1250,86,350,244,no,4,9
2025-05-20T14:01:21.745660,KXBTCD-25MAY2018-T106499.99,DELTA,83,1250,86,350,245,yes,82,-300
2025-05-20T14:01:21.766961,KXBTCD-25MAY2018-T106499.99,DELTA,83,1250,86,350,246,no,8,1000
2025-05-20T14:01:21.767736,KXBTCD-25MAY2018-T106499.99,DELTA,83,2250,86,350,247,yes,83,1000
2025-05-20T14:01:21.768489,KXBTCD-25MAY2018-T106499.99,DELTA,83,4250,86,350,248,yes,83,2000
2025-05-20T14:01:21.769195,KXBTCD-25MAY2018-T106499.99,DELTA,83,4250,88,14,249,no,14,-350
2025-05-20T14:01:21.867115,KXBTCD-25MAY2018-T106499.99,DELTA,83,3000,88,14,250,yes,83,-1250
2025-05-20T14:01:21.945773,KXBTCD-25MAY2018-T106499.99,DELTA,83,3000,88,14,251,yes,82,100
2025-05-20T14:01:21.966345,KXBTCD-25MAY2018-T106499.99,DELTA,83,3000,88,14,252,no,10,100
2025-05-20T14:01:22.046514,KXBTCD-25MAY2018-T106499.99,DELTA,83,3000,88,14,253,yes,6,-5400
2025-05-20T14:01:22.047491,KXBTCD-25MAY2018-T106499.99,DELTA,83,3000,88,14,254,yes,8,4050
2025-05-20T14:01:22.069461,KXBTCD-25MAY2018-T106499.99,DELTA,83,3000,88,14,255,yes,79,-14
2025-05-20T14:01:22.070127,KXBTCD-25MAY2018-T106499.99,DELTA,83,3014,88,14,256,yes,83,14
2025-05-20T14:01:22.086559,KXBTCD-25MAY2018-T106499.99,DELTA,83,3014,90,100,257,no,12,-14
2025-05-20T14:01:22.087307,KXBTCD-25MAY2018-T106499.99,DELTA,83,3014,90,100,258,no,8,14
2025-05-20T14:01:22.087937,KXBTCD-25MAY2018-T106499.99,DELTA,83,1014,90,100,259,yes,83,-2000
2025-05-20T14:01:22.207435,KXBTCD-25MAY2018-T106499.99,DELTA,83,1014,90,100,260,yes,7,-20000
2025-05-20T14:01:22.208517,KXBTCD-25MAY2018-T106499.99,DELTA,83,1014,90,100,261,yes,51,2000
2025-05-20T14:01:22.247660,KXBTCD-25MAY2018-T106499.99,DELTA,83,1014,90,100,262,yes,9,20000
2025-05-20T14:01:24.346722,KXBTCD-25MAY2018-T106499.99,DELTA,83,1014,92,1014,263,no,10,-100
2025-05-20T14:01:24.486657,KXBTCD-25MAY2018-T106499.99,DELTA,83,1014,92,1014,264,no,4,-9
2025-05-20T14:01:24.766650,KXBTCD-25MAY2018-T106499.99,DELTA,83,1014,92,1014,265,yes,8,-4050
2025-05-20T14:01:24.767538,KXBTCD-25MAY2018-T106499.99,DELTA,83,1014,92,1014,266,yes,10,3240
2025-05-20T14:01:24.966938,KXBTCD-25MAY2018-T106499.99,DELTA,83,1014,92,1014,267,yes,9,-20000
2025-05-20T14:01:25.007044,KXBTCD-25MAY2018-T106499.99,DELTA,83,1014,92,1014,268,yes,11,20000
2025-05-20T14:01:25.968991,KXBTCD-25MAY2018-T106499.99,DELTA,83,1014,92,1014,269,yes,10,-3240
2025-05-20T14:01:25.969829,KXBTCD-25MAY2018-T106499.99,DELTA,83,1014,92,1014,270,yes,12,2700
2025-05-20T14:01:26.046837,KXBTCD-25MAY2018-T106499.99,DELTA,83,1014,92,1014,271,yes,11,-20000
2025-05-20T14:01:27.146774,KXBTCD-25MAY2018-T106499.99,DELTA,83,1014,92,1014,272,yes,12,-2700
2025-05-20T14:01:27.147706,KXBTCD-25MAY2018-T106499.99,DELTA,83,1014,92,1014,273,yes,4,8100
2025-05-20T14:01:27.209439,KXBTCD-25MAY2018-T106499.99,DELTA,83,1014,92,1014,274,yes,5,20000
2025-05-20T14:01:27.265915,KXBTCD-25MAY2018-T106499.99,DELTA,83,1014,90,100,275,no,10,100
2025-05-20T14:01:28.026588,KXBTCD-25MAY2018-T106499.99,DELTA,83,1014,92,1014,276,no,10,-100
2025-05-20T14:01:28.405662,KXBTCD-25MAY2018-T106499.99,DELTA,83,1014,92,1014,277,yes,4,-8100
2025-05-20T14:01:28.405907,KXBTCD-25MAY2018-T106499.99,DELTA,83,1014,92,1014,278,yes,6,5400
2025-05-20T14:01:28.507946,KXBTCD-25MAY2018-T106499.99,DELTA,83,1014,92,1014,279,yes,5,-20000
2025-05-20T14:01:28.586157,KXBTCD-25MAY2018-T106499.99,DELTA,83,1014,92,1014,280,yes,7,20000
2025-05-20T14:01:29.587406,KXBTCD-25MAY2018-T106499.99,DELTA,83,1014,89,100,281,no,11,100
2025-05-20T14:01:30.486876,KXBTCD-25MAY2018-T106499.99,DELTA,83,1014,89,100,282,yes,6,-5400
2025-05-20T14:01:30.487919,KXBTCD-25MAY2018-T106499.99,DELTA,83,1014,89,100,283,yes,8,4050
2025-05-20T14:01:30.986426,KXBTCD-25MAY2018-T106499.99,DELTA,83,1014,89,100,284,yes,7,-20000
2025-05-20T14:01:31.026645,KXBTCD-25MAY2018-T106499.99,DELTA,83,1014,89,100,285,yes,9,20000
2025-05-20T14:01:32.525391,KXBTCD-25MAY2018-T106499.99,DELTA,83,1014,89,100,286,yes,82,-100
2025-05-20T14:01:33.166240,KXBTCD-25MAY2018-T106499.99,DELTA,83,1014,92,1014,287,no,11,-100
2025-05-20T14:01:33.246067,KXBTCD-25MAY2018-T106499.99,DELTA,83,1014,92,1014,288,yes,80,100
2025-05-20T14:01:33.806958,KXBTCD-25MAY2018-T106499.99,DELTA,83,1014,92,1014,289,yes,82,-30
2025-05-20T14:01:33.808117,KXBTCD-25MAY2018-T106499.99,DELTA,83,1014,92,1014,290,yes,80,30
2025-05-20T14:01:33.808916,KXBTCD-25MAY2018-T106499.99,DELTA,83,1014,92,1014,291,yes,81,14
2025-05-20T14:01:33.809697,KXBTCD-25MAY2018-T106499.99,DELTA,83,1014,90,14,292,no,10,14
2025-05-20T14:01:33.810279,KXBTCD-25MAY2018-T106499.99,DELTA,83,1000,90,14,293,yes,83,-14
2025-05-20T14:01:33.810800,KXBTCD-25MAY2018-T106499.99,DELTA,83,1000,90,14,294,no,9,30
2025-05-20T14:01:33.811274,KXBTCD-25MAY2018-T106499.99,DELTA,83,1000,90,14,295,no,7,-30
2025-05-20T14:01:33.826150,KXBTCD-25MAY2018-T106499.99,DELTA,83,1000,90,14,296,no,8,-14
2025-05-20T14:01:33.886131,KXBTCD-25MAY2018-T106499.99,DELTA,81,14,90,14,297,yes,83,-1000
2025-05-20T14:01:33.886604,KXBTCD-25MAY2018-T106499.99,DELTA,81,14,90,14,298,no,8,-1000
2025-05-20T14:01:33.945714,KXBTCD-25MAY2018-T106499.99,DELTA,81,1014,90,14,299,yes,81,1000
2025-05-20T14:01:33.946102,KXBTCD-25MAY2018-T106499.99,DELTA,81,1014,90,1014,300,no,10,1000
2025-05-20T14:01:34.688443,KXBTCD-25MAY2018-T106499.99,DELTA,81,1014,90,1014,301,yes,77,14
2025-05-20T14:01:34.689024,KXBTCD-25MAY2018-T106499.99,DELTA,81,1000,90,1014,302,yes,81,-14
2025-05-20T14:01:34.689355,KXBTCD-25MAY2018-T106499.99,DELTA,81,1000,90,1000,303,no,10,-14
2025-05-20T14:01:34.689754,KXBTCD-25MAY2018-T106499.99,DELTA,81,1000,86,14,304,no,14,14
2025-05-20T14:01:34.810270,KXBTCD-25MAY2018-T106499.99,DELTA,81,1000,86,14,305,no,13,100
2025-05-20T14:01:34.828231,KXBTCD-25MAY2018-T106499.99,DELTA,81,1000,86,14,306,yes,76,30
2025-05-20T14:01:34.829103,KXBTCD-25MAY2018-T106499.99,DELTA,81,1000,86,14,307,yes,80,-30
2025-05-20T14:01:34.829889,KXBTCD-25MAY2018-T106499.99,DELTA,81,1000,86,14,308,no,9,-30
2025-05-20T14:01:34.830407,KXBTCD-25MAY2018-T106499.99,DELTA,81,1000,86,14,309,no,13,30
2025-05-20T14:01:34.886558,KXBTCD-25MAY2018-T106499.99,DELTA,81,1000,86,14,310,no,10,-1000
2025-05-20T14:01:35.605405,KXBTCD-25MAY2018-T106499.99,DELTA,81,1000,86,14,311,yes,76,-30
2025-05-20T14:01:35.625826,KXBTCD-25MAY2018-T106499.99,DELTA,81,1000,86,14,312,yes,80,30
2025-05-20T14:01:35.626043,KXBTCD-25MAY2018-T106499.99,DELTA,81,1000,86,14,313,no,13,-30
2025-05-20T14:01:35.626159,KXBTCD-25MAY2018-T106499.99,DELTA,81,1000,86,14,314,no,9,30
2025-05-20T14:01:35.705696,KXBTCD-25MAY2018-T106499.99,DELTA,81,1000,86,14,315,no,10,1000
2025-05-20T14:01:36.246467,KXBTCD-25MAY2018-T106499.99,DELTA,81,1014,86,14,316,yes,81,14
2025-05-20T14:01:36.246604,KXBTCD-25MAY2018-T106499.99,DELTA,81,1014,86,14,317,yes,77,-14
2025-05-20T14:01:36.247409,KXBTCD-25MAY2018-T106499.99,DELTA,81,1014,87,100,318,no,14,-14
2025-05-20T14:01:36.247497,KXBTCD-25MAY2018-T106499.99,DELTA,81,1014,87,100,319,no,10,14
2025-05-20T14:01:36.947700,KXBTCD-25MAY2018-T106499.99,DELTA,81,1014,87,100,320,yes,8,-4050
2025-05-20T14:01:36.947923,KXBTCD-25MAY2018-T106499.99,DELTA,81,1014,87,100,321,yes,10,3240
2025-05-20T14:01:37.025223,KXBTCD-25MAY2018-T106499.99,DELTA,81,1014,87,100,322,yes,77,14
2025-05-20T14:01:37.025517,KXBTCD-25MAY2018-T106499.99,DELTA,81,1000,87,100,323,yes,81,-14
2025-05-20T14:01:37.045678,KXBTCD-25MAY2018-T106499.99,DELTA,81,1000,87,100,324,no,10,-14
2025-05-20T14:01:37.045901,KXBTCD-25MAY2018-T106499.99,DELTA,81,1000,86,14,325,no,14,14
2025-05-20T14:01:37.046231,KXBTCD-25MAY2018-T106499.99,DELTA,81,1000,86,14,326,yes,9,-20000
2025-05-20T14:01:37.087041,KXBTCD-25MAY2018-T106499.99,DELTA,81,1000,86,14,327,yes,11,20000
2025-05-20T14:01:37.205148,KXBTCD-25MAY2018-T106499.99,DELTA,81,1000,86,14,328,yes,80,-30
2025-05-20T14:01:37.205336,KXBTCD-25MAY2018-T106499.99,DELTA,81,1000,86,14,329,yes,76,30
2025-05-20T14:01:37.205899,KXBTCD-25MAY2018-T106499.99,DELTA,81,1000,86,14,330,no,13,30
2025-05-20T14:01:37.205980,KXBTCD-25MAY2018-T106499.99,DELTA,81,1000,86,14,331,no,9,-30
2025-05-20T14:01:37.306432,KXBTCD-25MAY2018-T106499.99,DELTA,81,1000,86,14,332,no,10,-1000
2025-05-20T14:01:38.588428,KXBTCD-25MAY2018-T106499.99,DELTA,81,1000,86,14,333,yes,77,-14
2025-05-20T14:01:38.588859,KXBTCD-25MAY2018-T106499.99,DELTA,81,1014,86,14,334,yes,81,14
2025-05-20T14:01:38.589352,KXBTCD-25MAY2018-T106499.99,DELTA,81,1014,86,14,335,no,10,14
2025-05-20T14:01:38.589692,KXBTCD-25MAY2018-T106499.99,DELTA,81,1014,87,130,336,no,14,-14
2025-05-20T14:01:38.746726,KXBTCD-25MAY2018-T106499.99,DELTA,81,1014,87,130,337,yes,76,-30
2025-05-20T14:01:38.747075,KXBTCD-25MAY2018-T106499.99,DELTA,81,1014,87,130,338,yes,80,30
2025-05-20T14:01:38.747265,KXBTCD-25MAY2018-T106499.99,DELTA,81,1014,87,100,339,no,13,-30
2025-05-20T14:01:38.765920,KXBTCD-25MAY2018-T106499.99,DELTA,81,1014,87,100,340,no,9,30
2025-05-20T14:01:38.847036,KXBTCD-25MAY2018-T106499.99,DELTA,81,1014,87,100,341,no,9,1000
2025-05-20T14:01:39.545868,KXBTCD-25MAY2018-T106499.99,DELTA,81,1014,90,14,342,no,13,-100
2025-05-20T14:01:39.565793,KXBTCD-25MAY2018-T106499.99,DELTA,81,1014,90,14,343,yes,80,-100
2025-05-20T14:01:40.046341,KXBTCD-25MAY2018-T106499.99,DELTA,81,1014,90,14,344,yes,10,-3240
2025-05-20T14:01:40.047166,KXBTCD-25MAY2018-T106499.99,DELTA,81,1014,90,14,345,yes,12,2700
2025-05-20T14:01:40.146179,KXBTCD-25MAY2018-T106499.99,DELTA,81,1014,90,14,346,yes,11,-20000
2025-05-20T14:01:40.272063,KXBTCD-25MAY2018-T106499.99,DELTA,81,1014,90,14,347,yes,80,100
2025-05-20T14:01:40.285582,KXBTCD-25MAY2018-T106499.99,DELTA,81,1014,88,100,348,no,12,100
2025-05-20T14:01:40.407854,KXBTCD-25MAY2018-T106499.99,DELTA,81,1014,88,100,349,no,9,-1000
2025-05-20T14:01:40.758059,KXBTCD-25MAY2018-T106499.99,DELTA,81,1014,88,100,350,yes,80,-100
2025-05-20T14:01:41.341041,KXBTCD-25MAY2018-T106499.99,DELTA,81,1014,88,100,351,yes,12,-2700
2025-05-20T14:01:41.342125,KXBTCD-25MAY2018-T106499.99,DELTA,81,1014,88,100,352,yes,4,8100
2025-05-20T14:01:41.385686,KXBTCD-25MAY2018-T106499.99,DELTA,81,1014,88,100,353,yes,5,20000
2025-05-20T14:01:41.927050,KXBTCD-25MAY2018-T106499.99,DELTA,81,1114,88,100,354,yes,81,100
2025-05-20T14:01:41.986366,KXBTCD-25MAY2018-T106499.99,DELTA,81,114,88,100,355,yes,81,-1000
2025-05-20T14:01:42.026465,KXBTCD-25MAY2018-T106499.99,DELTA,81,114,88,100,356,no,4,9
2025-05-20T14:01:42.027307,KXBTCD-25MAY2018-T106499.99,DELTA,82,1000,88,100,357,yes,82,1000
2025-05-20T14:01:42.427122,KXBTCD-25MAY2018-T106499.99,DELTA,82,1000,88,100,358,yes,4,-8100
2025-05-20T14:01:42.427801,KXBTCD-25MAY2018-T106499.99,DELTA,82,1000,88,100,359,yes,6,5400
2025-05-20T14:01:42.509382,KXBTCD-25MAY2018-T106499.99,DELTA,82,1000,88,100,360,yes,5,-20000
2025-05-20T14:01:42.545420,KXBTCD-25MAY2018-T106499.99,DELTA,82,1000,88,100,361,yes,7,20000
2025-05-20T14:01:43.696624,KXBTCD-25MAY2018-T106499.99,DELTA,82,1000,88,100,362,yes,6,-5400
2025-05-20T14:01:43.698093,KXBTCD-25MAY2018-T106499.99,DELTA,82,1000,88,100,363,yes,8,4050
2025-05-20T14:01:43.699643,KXBTCD-25MAY2018-T106499.99,DELTA,82,1000,88,100,364,yes,7,-20000
2025-05-20T14:01:43.706131,KXBTCD-25MAY2018-T106499.99,DELTA,82,1000,88,100,365,yes,9,20000
2025-05-20T14:01:43.826544,KXBTCD-25MAY2018-T106499.99,DELTA,82,1000,88,100,366,no,9,1000
2025-05-20T14:01:44.526673,KXBTCD-25MAY2018-T106499.99,DELTA,82,1000,88,100,367,no,9,-1000
2025-05-20T14:01:44.767346,KXBTCD-25MAY2018-T106499.99,DELTA,82,1000,88,100,368,yes,8,-4050
2025-05-20T14:01:44.767781,KXBTCD-25MAY2018-T106499.99,DELTA,82,1000,88,100,369,yes,10,3240
2025-05-20T14:01:44.825748,KXBTCD-25MAY2018-T106499.99,DELTA,82,1000,88,100,370,yes,9,-20000
2025-05-20T14:01:44.866871,KXBTCD-25MAY2018-T106499.99,DELTA,82,1000,88,100,371,yes,11,20000
2025-05-20T14:01:45.029736,KXBTCD-25MAY2018-T106499.99,DELTA,82,1000,88,100,372,no,9,1000
2025-05-20T14:01:49.705620,KXBTCD-25MAY2018-T106499.99,DELTA,82,1000,88,100,373,yes,10,-3240
2025-05-20T14:01:49.706322,KXBTCD-25MAY2018-T106499.99,DELTA,82,1000,88,100,374,yes,12,2700
2025-05-20T14:01:49.764853,KXBTCD-25MAY2018-T106499.99,DELTA,82,1000,88,100,375,yes,11,-20000
2025-05-20T14:01:49.806502,KXBTCD-25MAY2018-T106499.99,DELTA,82,1000,88,100,376,no,4,-9
2025-05-20T14:01:52.105659,KXBTCD-25MAY2018-T106499.99,DELTA,82,1000,88,100,377,yes,12,-2700
2025-05-20T14:01:52.105916,KXBTCD-25MAY2018-T106499.99,DELTA,82,1000,88,100,378,yes,4,8100
2025-05-20T14:01:52.166375,KXBTCD-25MAY2018-T106499.99,DELTA,82,1000,88,100,379,yes,5,20000
2025-05-20T14:01:53.245364,KXBTCD-25MAY2018-T106499.99,DELTA,82,1000,88,100,380,yes,4,-8100
2025-05-20T14:01:53.245807,KXBTCD-25MAY2018-T106499.99,DELTA,82,1000,88,100,381,yes,6,5400
2025-05-20T14:01:53.307166,KXBTCD-25MAY2018-T106499.99,DELTA,82,1000,88,100,382,yes,5,-20000
2025-05-20T14:01:53.346428,KXBTCD-25MAY2018-T106499.99,DELTA,82,1000,88,100,383,yes,7,20000
2025-05-20T14:01:53.386326,KXBTCD-25MAY2018-T106499.99,DELTA,82,1050,88,100,384,yes,82,50
2025-05-20T14:01:53.406759,KXBTCD-25MAY2018-T106499.99,DELTA,82,1050,87,500,385,no,13,500
2025-05-20T14:01:53.446639,KXBTCD-25MAY2018-T106499.99,DELTA,82,50,87,500,386,yes,82,-1000
2025-05-20T14:01:53.505450,KXBTCD-25MAY2018-T106499.99,DELTA,83,1000,87,500,387,yes,83,1000
2025-05-20T14:01:53.687252,KXBTCD-25MAY2018-T106499.99,DELTA,83,1000,87,500,388,yes,82,-50
2025-05-20T14:01:53.745703,KXBTCD-25MAY2018-T106499.99,DELTA,81,114,87,500,389,yes,83,-1000
2025-05-20T14:01:53.785937,KXBTCD-25MAY2018-T106499.99,DELTA,81,464,87,500,390,yes,81,350
2025-05-20T14:01:53.786307,KXBTCD-25MAY2018-T106499.99,DELTA,82,1000,87,500,391,yes,82,1000
2025-05-20T14:01:53.845850,KXBTCD-25MAY2018-T106499.99,DELTA,82,1000,87,500,392,yes,51,-2000
2025-05-20T14:01:53.846262,KXBTCD-25MAY2018-T106499.99,DELTA,82,2250,87,500,393,yes,82,1250
2025-05-20T14:01:53.885692,KXBTCD-25MAY2018-T106499.99,DELTA,82,4250,87,500,394,yes,82,2000
2025-05-20T14:01:54.366681,KXBTCD-25MAY2018-T106499.99,DELTA,82,4250,87,500,395,yes,6,-5400
2025-05-20T14:01:54.367908,KXBTCD-25MAY2018-T106499.99,DELTA,82,4250,87,500,396,yes,8,4050
2025-05-20T14:01:54.406063,KXBTCD-25MAY2018-T106499.99,DELTA,82,4250,87,500,397,yes,7,-20000
2025-05-20T14:01:54.446499,KXBTCD-25MAY2018-T106499.99,DELTA,82,4250,87,500,398,yes,9,20000
2025-05-20T14:01:55.527022,KXBTCD-25MAY2018-T106499.99,DELTA,82,4250,87,500,399,yes,8,-4050
2025-05-20T14:01:55.527542,KXBTCD-25MAY2018-T106499.99,DELTA,82,4250,87,500,400,yes,10,3240
2025-05-20T14:01:55.587289,KXBTCD-25MAY2018-T106499.99,DELTA,82,4250,87,500,401,yes,9,-20000
2025-05-20T14:01:55.627766,KXBTCD-25MAY2018-T106499.99,DELTA,82,4250,87,500,402,yes,11,20000
2025-05-20T14:01:56.811426,KXBTCD-25MAY2018-T106499.99,DELTA,82,4250,87,500,403,yes,10,-3240
2025-05-20T14:01:56.812127,KXBTCD-25MAY2018-T106499.99,DELTA,82,4250,87,500,404,yes,12,2700
2025-05-20T14:01:56.812512,KXBTCD-25MAY2018-T106499.99,DELTA,82,4250,87,500,405,yes,11,-20000
2025-05-20T14:02:01.245647,KXBTCD-25MAY2018-T106499.99,DELTA,82,4264,87,500,406,yes,82,14
2025-05-20T14:02:01.246092,KXBTCD-25MAY2018-T106499.99,DELTA,82,4264,87,500,407,yes,81,-14
2025-05-20T14:02:01.246266,KXBTCD-25MAY2018-T106499.99,DELTA,82,4264,87,500,408,no,9,14
2025-05-20T14:02:01.266354,KXBTCD-25MAY2018-T106499.99,DELTA,82,4264,87,500,409,no,10,-14
2025-05-20T14:02:01.405488,KXBTCD-25MAY2018-T106499.99,DELTA,82,4264,87,500,410,yes,12,-2700
2025-05-20T14:02:01.405719,KXBTCD-25MAY2018-T106499.99,DELTA,82,4264,87,500,411,yes,4,8100
2025-05-20T14:02:01.466092,KXBTCD-25MAY2018-T106499.99,DELTA,82,4264,87,500,412,yes,5,20000
2025-05-20T14:02:03.767330,KXBTCD-25MAY2018-T106499.99,DELTA,82,4264,87,500,413,yes,4,-8100
2025-05-20T14:02:03.768578,KXBTCD-25MAY2018-T106499.99,DELTA,82,4264,87,500,414,yes,6,5400
2025-05-20T14:02:03.858945,KXBTCD-25MAY2018-T106499.99,DELTA,82,4264,87,500,415,yes,5,-20000
2025-05-20T14:02:03.860187,KXBTCD-25MAY2018-T106499.99,DELTA,82,4264,87,500,416,yes,7,20000
2025-05-20T14:02:04.907368,KXBTCD-25MAY2018-T106499.99,DELTA,82,4264,87,500,417,yes,6,-5400
2025-05-20T14:02:04.908033,KXBTCD-25MAY2018-T106499.99,DELTA,82,4264,87,500,418,yes,8,4050
2025-05-20T14:02:04.966584,KXBTCD-25MAY2018-T106499.99,DELTA,82,4264,87,500,419,yes,7,-20000
2025-05-20T14:02:05.006788,KXBTCD-25MAY2018-T106499.99,DELTA,82,4264,87,500,420,yes,9,20000
2025-05-20T14:02:06.027640,KXBTCD-25MAY2018-T106499.99,DELTA,82,4264,87,500,421,yes,8,-4050
2025-05-20T14:02:06.027998,KXBTCD-25MAY2018-T106499.99,DELTA,82,4264,87,500,422,yes,10,3240
2025-05-20T14:02:06.086953,KXBTCD-25MAY2018-T106499.99,DELTA,82,4264,87,500,423,yes,9,-20000
2025-05-20T14:02:06.187420,KXBTCD-25MAY2018-T106499.99,DELTA,82,4264,87,500,424,yes,11,20000
2025-05-20T14:02:07.146525,KXBTCD-25MAY2018-T106499.99,DELTA,82,4264,87,500,425,yes,10,-3240
2025-05-20T14:02:07.147582,KXBTCD-25MAY2018-T106499.99,DELTA,82,4264,87,500,426,yes,12,2700
2025-05-20T14:02:07.207262,KXBTCD-25MAY2018-T106499.99,DELTA,82,4264,87,500,427,yes,11,-20000
2025-05-20T14:02:08.306660,KXBTCD-25MAY2018-T106499.99,DELTA,82,4264,87,500,428,yes,12,-2700
2025-05-20T14:02:08.307023,KXBTCD-25MAY2018-T106499.99,DELTA,82,4264,87,500,429,yes,4,8100
2025-05-20T14:02:08.366368,KXBTCD-25MAY2018-T106499.99,DELTA,82,4264,87,500,430,yes,5,20000
2025-05-20T14:02:11.666783,KXBTCD-25MAY2018-T106499.99,DELTA,82,4264,87,500,431,yes,81,-100
2025-05-20T14:02:11.667163,KXBTCD-25MAY2018-T106499.99,DELTA,82,4264,87,500,432,no,12,-100
2025-05-20T14:02:12.905612,KXBTCD-25MAY2018-T106499.99,DELTA,82,4264,87,500,433,yes,4,-8100
2025-05-20T14:02:12.905884,KXBTCD-25MAY2018-T106499.99,DELTA,82,4264,87,500,434,yes,6,5400
2025-05-20T14:02:12.966838,KXBTCD-25MAY2018-T106499.99,DELTA,82,4264,87,500,435,yes,5,-20000
2025-05-20T14:02:13.006724,KXBTCD-25MAY2018-T106499.99,DELTA,82,4264,87,500,436,yes,7,20000
2025-05-20T14:02:13.007023,KXBTCD-25MAY2018-T106499.99,DELTA,82,4264,87,500,437,yes,81,100
2025-05-20T14:02:13.026303,KXBTCD-25MAY2018-T106499.99,DELTA,82,4264,87,500,438,no,11,100
2025-05-20T14:02:14.406832,KXBTCD-25MAY2018-T106499.99,DELTA,82,4264,89,100,439,no,13,-500
2025-05-20T14:02:14.447335,KXBTCD-25MAY2018-T106499.99,DELTA,82,4264,88,500,440,no,12,500
2025-05-20T14:02:15.465284,KXBTCD-25MAY2018-T106499.99,DELTA,82,4264,88,500,441,yes,6,-5400
2025-05-20T14:02:15.465655,KXBTCD-25MAY2018-T106499.99,DELTA,82,4264,88,500,442,yes,8,4050
2025-05-20T14:02:15.547571,KXBTCD-25MAY2018-T106499.99,DELTA,82,4264,88,500,443,yes,7,-20000
2025-05-20T14:02:15.586555,KXBTCD-25MAY2018-T106499.99,DELTA,82,4264,88,500,444,yes,9,20000
2025-05-20T14:02:16.066516,KXBTCD-25MAY2018-T106499.99,DELTA,82,4264,88,500,445,yes,81,-350
2025-05-20T14:02:16.085625,KXBTCD-25MAY2018-T106499.99,DELTA,83,50,88,500,446,yes,83,50
2025-05-20T14:02:16.127516,KXBTCD-25MAY2018-T106499.99,DELTA,83,50,88,500,447,yes,82,-2000
2025-05-20T14:02:16.146212,KXBTCD-25MAY2018-T106499.99,DELTA,83,50,88,500,448,yes,82,-1250
2025-05-20T14:02:16.186141,KXBTCD-25MAY2018-T106499.99,DELTA,83,50,88,500,449,yes,82,-1000
2025-05-20T14:02:16.186338,KXBTCD-25MAY2018-T106499.99,DELTA,83,50,88,500,450,yes,51,2000
2025-05-20T14:02:16.226517,KXBTCD-25MAY2018-T106499.99,DELTA,84,1000,88,500,451,yes,84,1000
2025-05-20T14:02:16.606164,KXBTCD-25MAY2018-T106499.99,DELTA,84,1000,88,500,452,yes,8,-4050
2025-05-20T14:02:16.606878,KXBTCD-25MAY2018-T106499.99,DELTA,84,1000,88,500,453,yes,10,3240
2025-05-20T14:02:16.666489,KXBTCD-25MAY2018-T106499.99,DELTA,84,1000,88,500,454,yes,9,-20000
2025-05-20T14:02:16.725006,KXBTCD-25MAY2018-T106499.99,DELTA,84,1000,88,500,455,yes,11,20000
2025-05-20T14:02:17.725453,KXBTCD-25MAY2018-T106499.99,DELTA,84,1000,88,500,456,yes,10,-3240
2025-05-20T14:02:17.725749,KXBTCD-25MAY2018-T106499.99,DELTA,84,1000,88,500,457,yes,12,2700
2025-05-20T14:02:17.786865,KXBTCD-25MAY2018-T106499.99,DELTA,84,1000,88,500,458,yes,11,-20000
2025-05-20T14:02:18.907606,KXBTCD-25MAY2018-T106499.99,DELTA,84,1000,88,500,459,yes,12,-2700
2025-05-20T14:02:18.908721,KXBTCD-25MAY2018-T106499.99,DELTA,84,1000,88,500,460,yes,4,8100
2025-05-20T14:02:18.967053,KXBTCD-25MAY2018-T106499.99,DELTA,84,1000,88,500,461,yes,5,20000
2025-05-20T14:02:19.707391,KXBTCD-25MAY2018-T106499.99,DELTA,84,1000,88,500,462,yes,83,-50
2025-05-20T14:02:19.767321,KXBTCD-25MAY2018-T106499.99,DELTA,84,1000,88,500,463,yes,83,150
2025-05-20T14:02:19.768404,KXBTCD-25MAY2018-T106499.99,DELTA,83,150,88,500,464,yes,84,-1000
2025-05-20T14:02:19.828056,KXBTCD-25MAY2018-T106499.99,DELTA,83,150,88,500,465,yes,82,1000
2025-05-20T14:02:19.866399,KXBTCD-25MAY2018-T106499.99,DELTA,83,150,88,500,466,yes,51,-2000
2025-05-20T14:02:19.867325,KXBTCD-25MAY2018-T106499.99,DELTA,83,150,88,500,467,yes,82,-1000
2025-05-20T14:02:19.926863,KXBTCD-25MAY2018-T106499.99,DELTA,84,1000,88,500,468,yes,84,1000
2025-05-20T14:02:19.928052,KXBTCD-25MAY2018-T106499.99,DELTA,84,1000,88,500,469,yes,83,2000
2025-05-20T14:02:20.068442,KXBTCD-25MAY2018-T106499.99,DELTA,84,1000,88,500,470,yes,4,-8100
2025-05-20T14:02:20.068881,KXBTCD-25MAY2018-T106499.99,DELTA,84,1000,88,500,471,yes,6,5400
2025-05-20T14:02:20.126047,KXBTCD-25MAY2018-T106499.99,DELTA,84,1000,88,500,472,yes,5,-20000
2025-05-20T14:02:20.168075,KXBTCD-25MAY2018-T106499.99,DELTA,84,1000,88,500,473,yes,7,20000
2025-05-20T14:02:21.792628,KXBTCD-25MAY2018-T106499.99,DELTA,84,1000,88,500,474,yes,83,-2000
2025-05-20T14:02:21.793242,KXBTCD-25MAY2018-T106499.99,DELTA,84,1000,88,500,475,no,9,-1000
2025-05-20T14:02:21.805717,KXBTCD-25MAY2018-T106499.99,DELTA,84,3000,88,500,476,yes,84,2000
2025-05-20T14:02:26.498070,KXBTCD-25MAY2018-T106499.99,DELTA,84,3000,88,500,477,yes,6,-5400
2025-05-20T14:02:26.498879,KXBTCD-25MAY2018-T106499.99,DELTA,84,3000,88,500,478,yes,8,4050
2025-05-20T14:02:26.499464,KXBTCD-25MAY2018-T106499.99,DELTA,84,3000,88,500,479,yes,83,-150
2025-05-20T14:02:26.500050,KXBTCD-25MAY2018-T106499.99,DELTA,84,3000,88,500,480,yes,83,350
2025-05-20T14:02:26.500594,KXBTCD-25MAY2018-T106499.99,DELTA,84,3000,88,500,481,yes,7,-20000
2025-05-20T14:02:26.526970,KXBTCD-25MAY2018-T106499.99,DELTA,84,1000,88,500,482,yes,84,-2000
2025-05-20T14:02:26.547136,KXBTCD-25MAY2018-T106499.99,DELTA,83,350,88,500,483,yes,84,-1000
2025-05-20T14:02:26.548019,KXBTCD-25MAY2018-T106499.99,DELTA,83,350,88,500,484,yes,9,20000
2025-05-20T14:02:26.566375,KXBTCD-25MAY2018-T106499.99,DELTA,84,1250,88,500,485,yes,84,1250
2025-05-20T14:02:26.588338,KXBTCD-25MAY2018-T106499.99,DELTA,84,3250,88,500,486,yes,84,2000
2025-05-20T14:02:26.589020,KXBTCD-25MAY2018-T106499.99,DELTA,84,4250,88,500,487,yes,84,1000
2025-05-20T14:02:26.667474,KXBTCD-25MAY2018-T106499.99,DELTA,84,2250,88,500,488,yes,84,-2000
2025-05-20T14:02:26.668234,KXBTCD-25MAY2018-T106499.99,DELTA,84,2250,88,500,489,no,9,1000
2025-05-20T14:02:26.726114,KXBTCD-25MAY2018-T106499.99,DELTA,84,4250,88,500,490,yes,84,2000
2025-05-20T14:02:26.727136,KXBTCD-25MAY2018-T106499.99,DELTA,84,4250,88,500,491,no,9,-1000
2025-05-20T14:02:28.140096,KXBTCD-25MAY2018-T106499.99,DELTA,84,2250,88,500,492,yes,84,-2000
2025-05-20T14:02:28.141430,KXBTCD-25MAY2018-T106499.99,DELTA,84,2250,88,500,493,no,9,1000
2025-05-20T14:02:28.166076,KXBTCD-25MAY2018-T106499.99,DELTA,84,2250,88,500,494,yes,83,2000
2025-05-20T14:02:28.326798,KXBTCD-25MAY2018-T106499.99,DELTA,84,2250,88,500,495,yes,83,-350
2025-05-20T14:02:28.406274,KXBTCD-25MAY2018-T106499.99,DELTA,84,2250,88,500,496,yes,83,-2000
2025-05-20T14:02:28.407329,KXBTCD-25MAY2018-T106499.99,DELTA,84,2250,88,500,497,yes,83,50
2025-05-20T14:02:28.408097,KXBTCD-25MAY2018-T106499.99,DELTA,84,1250,88,500,498,yes,84,-1000
2025-05-20T14:02:28.425002,KXBTCD-25MAY2018-T106499.99,DELTA,83,50,88,500,499,yes,84,-1250
2025-05-20T14:02:28.465512,KXBTCD-25MAY2018-T106499.99,DELTA,83,50,88,500,500,yes,51,2000
2025-05-20T14:02:28.465760,KXBTCD-25MAY2018-T106499.99,DELTA,84,1000,88,500,501,yes,84,1000
2025-05-20T14:02:28.465870,KXBTCD-25MAY2018-T106499.99,DELTA,84,1000,88,500,502,yes,83,-50
2025-05-20T14:02:28.526626,KXBTCD-25MAY2018-T106499.99,DELTA,84,1000,88,500,503,yes,82,400
2025-05-20T14:02:28.526774,KXBTCD-25MAY2018-T106499.99,DELTA,82,414,88,500,504,yes,84,-1000
2025-05-20T14:02:28.526873,KXBTCD-25MAY2018-T106499.99,DELTA,82,414,88,500,505,yes,72,9
2025-05-20T14:02:28.565447,KXBTCD-25MAY2018-T106499.99,DELTA,82,1414,88,500,506,yes,82,1000
2025-05-20T14:02:28.586728,KXBTCD-25MAY2018-T106499.99,DELTA,83,1250,88,500,507,yes,83,1250
2025-05-20T14:02:28.625568,KXBTCD-25MAY2018-T106499.99,DELTA,83,1250,88,500,508,yes,51,-2000
2025-05-20T14:02:28.645489,KXBTCD-25MAY2018-T106499.99,DELTA,83,1250,88,500,509,yes,82,-1000
2025-05-20T14:02:28.685894,KXBTCD-25MAY2018-T106499.99,DELTA,83,2250,88,500,510,yes,83,1000
2025-05-20T14:02:28.686935,KXBTCD-25MAY2018-T106499.99,DELTA,83,4250,88,500,511,yes,83,2000
2025-05-20T14:02:29.586593,KXBTCD-25MAY2018-T106499.99,DELTA,83,4250,88,500,512,yes,8,-4050
2025-05-20T14:02:29.586952,KXBTCD-25MAY2018-T106499.99,DELTA,83,4250,88,500,513,yes,10,3240
2025-05-20T14:02:29.645942,KXBTCD-25MAY2018-T106499.99,DELTA,83,4250,88,500,514,yes,9,-20000
2025-05-20T14:02:29.706898,KXBTCD-25MAY2018-T106499.99,DELTA,83,4250,88,500,515,yes,11,20000
2025-05-20T14:02:29.888337,KXBTCD-25MAY2018-T106499.99,DELTA,83,4250,88,500,516,yes,82,30
2025-05-20T14:02:29.889284,KXBTCD-25MAY2018-T106499.99,DELTA,83,4250,88,500,517,yes,80,-30
2025-05-20T14:02:29.908138,KXBTCD-25MAY2018-T106499.99,DELTA,83,4250,88,500,518,no,9,-30
2025-05-20T14:02:29.909112,KXBTCD-25MAY2018-T106499.99,DELTA,83,4250,88,500,519,no,7,30
2025-05-20T14:02:29.910510,KXBTCD-25MAY2018-T106499.99,DELTA,83,2250,88,500,520,yes,83,-2000
2025-05-20T14:02:29.911316,KXBTCD-25MAY2018-T106499.99,DELTA,83,2250,88,500,521,yes,11,-20000
2025-05-20T14:02:29.911888,KXBTCD-25MAY2018-T106499.99,DELTA,83,1000,88,500,522,yes,83,-1250
2025-05-20T14:02:29.912349,KXBTCD-25MAY2018-T106499.99,DELTA,83,1000,88,500,523,no,9,-1000
2025-05-20T14:02:29.912839,KXBTCD-25MAY2018-T106499.99,DELTA,82,444,88,500,524,yes,83,-1000
2025-05-20T14:02:30.068222,KXBTCD-25MAY2018-T106499.99,DELTA,82,44,88,500,525,yes,82,-400
2025-05-20T14:02:30.105967,KXBTCD-25MAY2018-T106499.99,DELTA,82,44,89,100,526,no,12,-500
2025-05-20T14:02:30.288834,KXBTCD-25MAY2018-T106499.99,DELTA,82,44,89,100,527,yes,81,-100
2025-05-20T14:02:30.406496,KXBTCD-25MAY2018-T106499.99,DELTA,82,44,89,100,528,yes,51,2000
2025-05-20T14:02:30.607214,KXBTCD-25MAY2018-T106499.99,DELTA,82,44,89,100,529,no,8,1000
2025-05-20T14:02:30.687415,KXBTCD-25MAY2018-T106499.99,DELTA,84,250,89,100,530,yes,84,250
2025-05-20T14:02:30.707078,KXBTCD-25MAY2018-T106499.99,DELTA,84,250,89,600,531,no,11,500
2025-05-20T14:02:30.788168,KXBTCD-25MAY2018-T106499.99,DELTA,84,250,89,600,532,yes,51,-2000
2025-05-20T14:02:30.805983,KXBTCD-25MAY2018-T106499.99,DELTA,84,250,89,500,533,no,11,-100
2025-05-20T14:02:30.887767,KXBTCD-25MAY2018-T106499.99,DELTA,84,250,89,500,534,yes,10,-3240
2025-05-20T14:02:30.888722,KXBTCD-25MAY2018-T106499.99,DELTA,84,250,89,500,535,yes,4,8100
2025-05-20T14:02:31.106301,KXBTCD-25MAY2018-T106499.99,DELTA,85,1250,89,500,536,yes,85,1250
2025-05-20T14:02:31.107284,KXBTCD-25MAY2018-T106499.99,DELTA,85,1250,89,500,537,yes,84,2000
2025-05-20T14:02:31.186730,KXBTCD-25MAY2018-T106499.99,DELTA,85,1250,89,500,538,yes,84,-250
2025-05-20T14:02:31.307588,KXBTCD-25MAY2018-T106499.99,DELTA,85,1250,89,500,539,yes,84,-2000
2025-05-20T14:02:31.386418,KXBTCD-25MAY2018-T106499.99,DELTA,85,1250,89,500,540,yes,82,100
2025-05-20T14:02:31.387307,KXBTCD-25MAY2018-T106499.99,DELTA,82,144,89,500,541,yes,85,-1250
2025-05-20T14:02:31.388500,KXBTCD-25MAY2018-T106499.99,DELTA,82,144,89,500,542,yes,5,20000
2025-05-20T14:02:31.389031,KXBTCD-25MAY2018-T106499.99,DELTA,83,1000,89,500,543,yes,83,1000
2025-05-20T14:02:31.607392,KXBTCD-25MAY2018-T106499.99,DELTA,83,1000,89,500,544,yes,51,2000
2025-05-20T14:02:32.286362,KXBTCD-25MAY2018-T106499.99,DELTA,83,1250,89,500,545,yes,83,250
2025-05-20T14:02:32.507413,KXBTCD-25MAY2018-T106499.99,DELTA,83,1250,89,500,546,yes,4,-8100
2025-05-20T14:02:32.508347,KXBTCD-25MAY2018-T106499.99,DELTA,83,1250,89,500,547,yes,6,5400
2025-05-20T14:02:32.508929,KXBTCD-25MAY2018-T106499.99,DELTA,83,1250,89,500,548,yes,51,-2000
2025-05-20T14:02:32.509433,KXBTCD-25MAY2018-T106499.99,DELTA,84,1250,89,500,549,yes,84,1250
2025-05-20T14:02:32.706288,KXBTCD-25MAY2018-T106499.99,DELTA,84,1250,89,500,550,yes,83,-1000
2025-05-20T14:02:32.707009,KXBTCD-25MAY2018-T106499.99,DELTA,84,1250,89,500,551,no,10,100
2025-05-20T14:02:32.886306,KXBTCD-25MAY2018-T106499.99,DELTA,84,3250,89,500,552,yes,84,2000
2025-05-20T14:02:32.886806,KXBTCD-25MAY2018-T106499.99,DELTA,84,3250,89,500,553,yes,5,-20000
2025-05-20T14:02:32.887148,KXBTCD-25MAY2018-T106499.99,DELTA,84,4250,89,500,554,yes,84,1000
2025-05-20T14:02:33.087551,KXBTCD-25MAY2018-T106499.99,DELTA,84,4250,89,500,555,yes,72,-9
2025-05-20T14:02:33.089249,KXBTCD-25MAY2018-T106499.99,DELTA,84,4250,89,500,556,yes,7,20000
2025-05-20T14:02:34.006113,KXBTCD-25MAY2018-T106499.99,DELTA,84,4250,89,500,557,yes,6,-5400
2025-05-20T14:02:34.006405,KXBTCD-25MAY2018-T106499.99,DELTA,84,4250,89,500,558,yes,8,4050
2025-05-20T14:02:34.066903,KXBTCD-25MAY2018-T106499.99,DELTA,84,4250,89,500,559,yes,7,-20000
2025-05-20T14:02:34.207357,KXBTCD-25MAY2018-T106499.99,DELTA,84,4250,89,500,560,yes,9,20000
2025-05-20T14:02:35.146678,KXBTCD-25MAY2018-T106499.99,DELTA,84,4250,89,500,561,yes,8,-4050
2025-05-20T14:02:35.147009,KXBTCD-25MAY2018-T106499.99,DELTA,84,4250,89,500,562,yes,10,3240
2025-05-20T14:02:35.205426,KXBTCD-25MAY2018-T106499.99,DELTA,84,4250,89,500,563,yes,9,-20000
2025-05-20T14:02:35.265839,KXBTCD-25MAY2018-T106499.99,DELTA,84,4250,89,500,564,yes,11,20000
2025-05-20T14:02:37.985973,KXBTCD-25MAY2018-T106499.99,DELTA,84,4250,89,500,565,no,8,-1000
2025-05-20T14:02:38.025754,KXBTCD-25MAY2018-T106499.99,DELTA,84,4250,89,500,566,no,7,1000
2025-05-20T14:02:40.326286,KXBTCD-25MAY2018-T106499.99,DELTA,84,4264,89,500,567,yes,84,14
2025-05-20T14:02:40.326559,KXBTCD-25MAY2018-T106499.99,DELTA,84,4264,89,500,568,yes,82,-14
2025-05-20T14:02:40.345262,KXBTCD-25MAY2018-T106499.99,DELTA,84,4264,89,500,569,no,7,14
2025-05-20T14:02:40.345508,KXBTCD-25MAY2018-T106499.99,DELTA,84,4264,89,500,570,no,9,-14
2025-05-20T14:02:40.365685,KXBTCD-25MAY2018-T106499.99,DELTA,84,4264,90,100,571,no,11,-500
2025-05-20T14:02:40.405418,KXBTCD-25MAY2018-T106499.99,DELTA,84,4264,90,100,572,yes,83,-250
2025-05-20T14:02:40.466359,KXBTCD-25MAY2018-T106499.99,DELTA,84,2264,90,100,573,yes,84,-2000
2025-05-20T14:02:40.466515,KXBTCD-25MAY2018-T106499.99,DELTA,85,50,90,100,574,yes,85,50
2025-05-20T14:02:40.486610,KXBTCD-25MAY2018-T106499.99,DELTA,85,50,90,600,575,no,10,500
2025-05-20T14:02:40.486725,KXBTCD-25MAY2018-T106499.99,DELTA,85,50,90,600,576,yes,84,-1000
2025-05-20T14:02:40.486832,KXBTCD-25MAY2018-T106499.99,DELTA,85,50,90,600,577,yes,84,-1250
2025-05-20T14:02:40.565810,KXBTCD-25MAY2018-T106499.99,DELTA,85,50,90,600,578,yes,51,2000
2025-05-20T14:02:40.566610,KXBTCD-25MAY2018-T106499.99,DELTA,86,1000,90,600,579,yes,86,1000
2025-05-20T14:02:40.985876,KXBTCD-25MAY2018-T106499.99,DELTA,86,1000,90,600,580,yes,82,-100
2025-05-20T14:02:41.486649,KXBTCD-25MAY2018-T106499.99,DELTA,86,1000,90,600,581,yes,10,-3240
2025-05-20T14:02:41.487852,KXBTCD-25MAY2018-T106499.99,DELTA,86,1000,90,600,582,yes,12,2700
2025-05-20T14:02:41.566809,KXBTCD-25MAY2018-T106499.99,DELTA,86,1000,90,600,583,yes,11,-20000
2025-05-20T14:02:41.806190,KXBTCD-25MAY2018-T106499.99,DELTA,86,1000,90,600,584,yes,83,100
2025-05-20T14:02:42.344595,KXBTCD-25MAY2018-T106499.99,DELTA,86,1000,90,600,585,yes,85,-50
2025-05-20T14:02:42.385790,KXBTCD-25MAY2018-T106499.99,DELTA,86,1000,90,600,586,yes,85,200
2025-05-20T14:02:42.425289,KXBTCD-25MAY2018-T106499.99,DELTA,85,200,90,600,587,yes,86,-1000
2025-05-20T14:02:42.486966,KXBTCD-25MAY2018-T106499.99,DELTA,85,200,90,600,588,yes,51,-2000
2025-05-20T14:02:42.487535,KXBTCD-25MAY2018-T106499.99,DELTA,86,1000,90,600,589,yes,86,1000
2025-05-20T14:02:42.546388,KXBTCD-25MAY2018-T106499.99,DELTA,86,1000,90,600,590,yes,85,2000
2025-05-20T14:02:44.666412,KXBTCD-25MAY2018-T106499.99,DELTA,86,1000,90,600,591,yes,12,-2700
2025-05-20T14:02:44.667086,KXBTCD-25MAY2018-T106499.99,DELTA,86,1000,90,600,592,yes,4,8100
2025-05-20T14:02:44.727172,KXBTCD-25MAY2018-T106499.99,DELTA,86,1000,90,600,593,yes,5,20000
2025-05-20T14:02:45.886618,KXBTCD-25MAY2018-T106499.99,DELTA,86,1000,90,600,594,yes,4,-8100
2025-05-20T14:02:45.887957,KXBTCD-25MAY2018-T106499.99,DELTA,86,1000,90,600,595,yes,6,5400
2025-05-20T14:02:45.947109,KXBTCD-25MAY2018-T106499.99,DELTA,86,1000,90,600,596,yes,5,-20000
2025-05-20T14:02:46.006341,KXBTCD-25MAY2018-T106499.99,DELTA,86,1000,90,600,597,yes,7,20000
2025-05-20T14:02:47.052541,KXBTCD-25MAY2018-T106499.99,DELTA,86,1000,90,600,598,yes,6,-5400
2025-05-20T14:02:47.053679,KXBTCD-25MAY2018-T106499.99,DELTA,86,1000,90,600,599,yes,8,4050
2025-05-20T14:02:47.107088,KXBTCD-25MAY2018-T106499.99,DELTA,86,1000,90,600,600,yes,7,-20000
2025-05-20T14:02:47.166896,KXBTCD-25MAY2018-T106499.99,DELTA,86,1000,90,600,601,yes,9,20000
2025-05-20T14:02:47.469816,KXBTCD-25MAY2018-T106499.99,DELTA,86,1000,90,600,602,yes,85,-200
2025-05-20T14:02:47.591144,KXBTCD-25MAY2018-T106499.99,DELTA,86,1000,90,600,603,yes,85,-2000
2025-05-20T14:02:47.591891,KXBTCD-25MAY2018-T106499.99,DELTA,86,1000,90,600,604,yes,85,450
2025-05-20T14:02:47.592447,KXBTCD-25MAY2018-T106499.99,DELTA,85,450,90,600,605,yes,86,-1000
2025-05-20T14:02:47.625663,KXBTCD-25MAY2018-T106499.99,DELTA,86,1250,90,600,606,yes,86,1250
2025-05-20T14:02:47.626326,KXBTCD-25MAY2018-T106499.99,DELTA,86,2250,90,600,607,yes,86,1000
2025-05-20T14:02:47.627056,KXBTCD-25MAY2018-T106499.99,DELTA,86,2250,90,600,608,yes,85,2000
2025-05-20T14:02:47.645684,KXBTCD-25MAY2018-T106499.99,DELTA,86,2250,90,600,609,no,7,-1000
2025-05-20T14:02:47.666695,KXBTCD-25MAY2018-T106499.99,DELTA,86,2250,90,600,610,yes,85,-2000
2025-05-20T14:02:47.685551,KXBTCD-25MAY2018-T106499.99,DELTA,86,2250,90,100,611,no,10,-500
2025-05-20T14:02:47.726346,KXBTCD-25MAY2018-T106499.99,DELTA,86,4250,90,100,612,yes,86,2000
2025-05-20T14:02:47.766513,KXBTCD-25MAY2018-T106499.99,DELTA,86,4250,90,450,613,no,10,350
2025-05-20T14:02:47.787054,KXBTCD-25MAY2018-T106499.99,DELTA,86,4250,90,100,614,no,10,-350
2025-05-20T14:02:47.825981,KXBTCD-25MAY2018-T106499.99,DELTA,86,4250,90,100,615,no,9,500
2025-05-20T14:02:48.167900,KXBTCD-25MAY2018-T106499.99,DELTA,86,4250,90,100,616,yes,8,-4050
2025-05-20T14:02:48.168778,KXBTCD-25MAY2018-T106499.99,DELTA,86,4250,90,100,617,yes,10,3240
2025-05-20T14:02:48.226657,KXBTCD-25MAY2018-T106499.99,DELTA,86,4250,90,100,618,yes,9,-20000
2025-05-20T14:02:48.266608,KXBTCD-25MAY2018-T106499.99,DELTA,86,4250,90,100,619,yes,11,20000
2025-05-20T14:02:48.407279,KXBTCD-25MAY2018-T106499.99,DELTA,86,4250,90,100,620,yes,83,30
2025-05-20T14:02:48.407858,KXBTCD-25MAY2018-T106499.99,DELTA,86,4250,90,100,621,yes,82,-30
2025-05-20T14:02:48.408291,KXBTCD-25MAY2018-T106499.99,DELTA,86,4250,90,100,622,no,7,-30
2025-05-20T14:02:48.408657,KXBTCD-25MAY2018-T106499.99,DELTA,86,4250,90,100,623,no,6,30
2025-05-20T14:02:48.465560,KXBTCD-25MAY2018-T106499.99,DELTA,86,4250,90,100,624,no,6,1000
2025-05-20T14:02:49.405143,KXBTCD-25MAY2018-T106499.99,DELTA,86,4250,90,100,625,yes,10,-3240
2025-05-20T14:02:49.405467,KXBTCD-25MAY2018-T106499.99,DELTA,86,4250,90,100,626,yes,12,2700
2025-05-20T14:02:49.468187,KXBTCD-25MAY2018-T106499.99,DELTA,86,4250,90,100,627,yes,11,-20000
2025-05-20T14:02:52.866236,KXBTCD-25MAY2018-T106499.99,DELTA,86,4250,91,500,628,no,10,-100
2025-05-20T14:02:53.187503,KXBTCD-25MAY2018-T106499.99,DELTA,86,4250,91,500,629,yes,83,-100
2025-05-20T14:02:54.367599,KXBTCD-25MAY2018-T106499.99,DELTA,86,4250,91,500,630,yes,84,100
2025-05-20T14:02:54.386589,KXBTCD-25MAY2018-T106499.99,DELTA,86,4250,91,500,631,no,8,100
2025-05-20T14:02:55.506917,KXBTCD-25MAY2018-T106499.99,DELTA,86,4250,91,500,632,no,8,-100
2025-05-20T14:02:55.686699,KXBTCD-25MAY2018-T106499.99,DELTA,86,4250,91,500,633,yes,12,-2700
2025-05-20T14:02:55.687653,KXBTCD-25MAY2018-T106499.99,DELTA,86,4250,91,500,634,yes,4,8100
2025-05-20T14:02:55.785941,KXBTCD-25MAY2018-T106499.99,DELTA,86,4250,91,500,635,yes,5,20000
2025-05-20T14:02:56.608904,KXBTCD-25MAY2018-T106499.99,DELTA,86,4250,91,500,636,no,8,100
2025-05-20T14:02:58.859340,KXBTCD-25MAY2018-T106499.99,DELTA,86,4250,91,500,637,yes,4,-8100
2025-05-20T14:02:58.859711,KXBTCD-25MAY2018-T106499.99,DELTA,86,4250,91,500,638,yes,6,5400
2025-05-20T14:02:58.860050,KXBTCD-25MAY2018-T106499.99,DELTA,86,4250,91,500,639,yes,5,-20000
2025-05-20T14:02:58.866501,KXBTCD-25MAY2018-T106499.99,DELTA,86,4250,91,500,640,yes,7,20000
2025-05-20T14:02:59.886587,KXBTCD-25MAY2018-T106499.99,DELTA,86,4250,91,500,641,yes,6,-5400
2025-05-20T14:02:59.887761,KXBTCD-25MAY2018-T106499.99,DELTA,86,4250,91,500,642,yes,8,4050
2025-05-20T14:02:59.946739,KXBTCD-25MAY2018-T106499.99,DELTA,86,4250,91,500,643,yes,7,-20000
2025-05-20T14:02:59.986781,KXBTCD-25MAY2018-T106499.99,DELTA,86,4250,91,500,644,yes,9,20000
2025-05-20T14:03:00.166470,KXBTCD-25MAY2018-T106499.99,DELTA,86,4250,92,100,645,no,9,-500
2025-05-20T14:03:00.188207,KXBTCD-25MAY2018-T106499.99,DELTA,86,4250,92,600,646,no,8,500
2025-05-20T14:03:01.057974,KXBTCD-25MAY2018-T106499.99,DELTA,86,4250,92,600,647,yes,8,-4050
2025-05-20T14:03:01.058336,KXBTCD-25MAY2018-T106499.99,DELTA,86,4250,92,600,648,yes,10,3240
2025-05-20T14:03:01.086007,KXBTCD-25MAY2018-T106499.99,DELTA,86,4250,92,600,649,yes,9,-20000
2025-05-20T14:03:01.147696,KXBTCD-25MAY2018-T106499.99,DELTA,86,4250,92,600,650,yes,11,20000
2025-05-20T14:03:01.829564,KXBTCD-25MAY2018-T106499.99,DELTA,86,4250,92,600,651,yes,85,-450
2025-05-20T14:03:01.846934,KXBTCD-25MAY2018-T106499.99,DELTA,87,50,92,600,652,yes,87,50
2025-05-20T14:03:01.887723,KXBTCD-25MAY2018-T106499.99,DELTA,87,50,92,600,653,yes,86,-2000
2025-05-20T14:03:01.906255,KXBTCD-25MAY2018-T106499.99,DELTA,87,50,92,600,654,yes,86,-1000
2025-05-20T14:03:01.907144,KXBTCD-25MAY2018-T106499.99,DELTA,87,50,92,600,655,yes,86,-1250
2025-05-20T14:03:01.967196,KXBTCD-25MAY2018-T106499.99,DELTA,88,1000,92,600,656,yes,88,1000
2025-05-20T14:03:01.968240,KXBTCD-25MAY2018-T106499.99,DELTA,88,1000,92,600,657,yes,51,2000
2025-05-20T14:03:02.128549,KXBTCD-25MAY2018-T106499.99,DELTA,88,1000,92,600,658,yes,10,-3240
2025-05-20T14:03:02.129931,KXBTCD-25MAY2018-T106499.99,DELTA,88,1000,92,600,659,yes,12,2700
2025-05-20T14:03:02.187682,KXBTCD-25MAY2018-T106499.99,DELTA,88,1000,92,600,660,yes,11,-20000
2025-05-20T14:03:03.228838,KXBTCD-25MAY2018-T106499.99,DELTA,88,1000,92,600,661,yes,12,-2700
2025-05-20T14:03:03.229819,KXBTCD-25MAY2018-T106499.99,DELTA,88,1000,92,600,662,yes,4,8100
2025-05-20T14:03:03.307090,KXBTCD-25MAY2018-T106499.99,DELTA,88,1000,92,600,663,yes,5,20000
2025-05-20T14:03:05.466731,KXBTCD-25MAY2018-T106499.99,DELTA,88,1000,92,600,664,yes,87,-50
2025-05-20T14:03:05.505858,KXBTCD-25MAY2018-T106499.99,DELTA,88,1000,92,600,665,yes,87,150
2025-05-20T14:03:05.526617,KXBTCD-25MAY2018-T106499.99,DELTA,87,150,92,600,666,yes,88,-1000
2025-05-20T14:03:05.566442,KXBTCD-25MAY2018-T106499.99,DELTA,88,1000,92,600,667,yes,88,1000
2025-05-20T14:03:09.485967,KXBTCD-25MAY2018-T106499.99,DELTA,88,1000,92,600,668,yes,4,-8100
2025-05-20T14:03:09.487201,KXBTCD-25MAY2018-T106499.99,DELTA,88,1000,92,600,669,yes,6,5400
2025-05-20T14:03:09.545911,KXBTCD-25MAY2018-T106499.99,DELTA,88,1000,92,600,670,yes,5,-20000
2025-05-20T14:03:09.585492,KXBTCD-25MAY2018-T106499.99,DELTA,88,1000,92,600,671,yes,7,20000
2025-05-20T14:03:10.068830,KXBTCD-25MAY2018-T106499.99,DELTA,88,1000,92,600,672,yes,6,-5400
2025-05-20T14:03:10.147752,KXBTCD-25MAY2018-T106499.99,DELTA,88,1000,92,600,673,yes,7,-20000
2025-05-20T14:03:12.566493,KXBTCD-25MAY2018-T106499.99,DELTA,88,1000,92,600,674,yes,4,8100
2025-05-20T14:03:12.625490,KXBTCD-25MAY2018-T106499.99,DELTA,88,1000,92,600,675,yes,5,20000
2025-05-20T14:03:12.686881,KXBTCD-25MAY2018-T106499.99,DELTA,88,1000,92,600,676,yes,84,-14
2025-05-20T14:03:12.687919,KXBTCD-25MAY2018-T106499.99,DELTA,88,1000,92,600,677,yes,85,14
2025-05-20T14:03:12.707061,KXBTCD-25MAY2018-T106499.99,DELTA,88,1000,92,600,678,no,6,14
2025-05-20T14:03:12.708001,KXBTCD-25MAY2018-T106499.99,DELTA,88,1000,92,600,679,no,7,-14
2025-05-20T14:03:13.825484,KXBTCD-25MAY2018-T106499.99,DELTA,88,1000,92,600,680,yes,87,-150
2025-05-20T14:03:13.845861,KXBTCD-25MAY2018-T106499.99,DELTA,88,1000,92,600,681,yes,4,-8100
2025-05-20T14:03:13.846029,KXBTCD-25MAY2018-T106499.99,DELTA,88,1000,92,600,682,yes,6,5400
2025-05-20T14:03:13.905320,KXBTCD-25MAY2018-T106499.99,DELTA,85,14,92,600,683,yes,88,-1000
2025-05-20T14:03:13.905976,KXBTCD-25MAY2018-T106499.99,DELTA,86,450,92,600,684,yes,86,450
2025-05-20T14:03:13.986355,KXBTCD-25MAY2018-T106499.99,DELTA,86,450,92,600,685,yes,5,-20000
2025-05-20T14:03:13.987132,KXBTCD-25MAY2018-T106499.99,DELTA,86,450,92,600,686,yes,85,1000
2025-05-20T14:03:13.987652,KXBTCD-25MAY2018-T106499.99,DELTA,87,1250,92,600,687,yes,87,1250
2025-05-20T14:03:14.046816,KXBTCD-25MAY2018-T106499.99,DELTA,87,1250,92,600,688,yes,7,20000
2025-05-20T14:03:14.106827,KXBTCD-25MAY2018-T106499.99,DELTA,87,1250,92,600,689,yes,51,-2000
2025-05-20T14:03:14.107914,KXBTCD-25MAY2018-T106499.99,DELTA,87,1250,92,600,690,yes,85,-1000
2025-05-20T14:03:14.186079,KXBTCD-25MAY2018-T106499.99,DELTA,87,1250,92,600,691,yes,86,2000
2025-05-20T14:03:14.186869,KXBTCD-25MAY2018-T106499.99,DELTA,87,2250,92,600,692,yes,87,1000
2025-05-20T14:03:14.926916,KXBTCD-25MAY2018-T106499.99,DELTA,87,2250,92,600,693,yes,6,-5400
2025-05-20T14:03:14.928092,KXBTCD-25MAY2018-T106499.99,DELTA,87,2250,92,600,694,yes,8,4050
2025-05-20T14:03:14.991425,KXBTCD-25MAY2018-T106499.99,DELTA,87,2250,92,600,695,yes,7,-20000
2025-05-20T14:03:15.029105,KXBTCD-25MAY2018-T106499.99,DELTA,87,2250,92,600,696,yes,9,20000
2025-05-20T14:03:16.062473,KXBTCD-25MAY2018-T106499.99,DELTA,87,2250,92,600,697,yes,8,-4050
2025-05-20T14:03:16.062800,KXBTCD-25MAY2018-T106499.99,DELTA,87,2250,92,600,698,yes,10,3240
2025-05-20T14:03:16.087131,KXBTCD-25MAY2018-T106499.99,DELTA,87,2250,92,600,699,yes,9,-20000
2025-05-20T14:03:16.207733,KXBTCD-25MAY2018-T106499.99,DELTA,87,2250,92,600,700,yes,11,20000
2025-05-20T14:03:17.127146,KXBTCD-25MAY2018-T106499.99,DELTA,87,2250,92,600,701,yes,10,-3240
2025-05-20T14:03:17.127459,KXBTCD-25MAY2018-T106499.99,DELTA,87,2250,92,600,702,yes,12,2700
2025-05-20T14:03:17.227288,KXBTCD-25MAY2018-T106499.99,DELTA,87,2250,92,600,703,yes,11,-20000
2025-05-20T14:03:17.246540,KXBTCD-25MAY2018-T106499.99,DELTA,87,2250,92,600,704,yes,85,30
2025-05-20T14:03:17.246726,KXBTCD-25MAY2018-T106499.99,DELTA,87,2250,92,600,705,yes,83,-30
2025-05-20T14:03:17.246809,KXBTCD-25MAY2018-T106499.99,DELTA,87,2250,92,600,706,no,6,-30
2025-05-20T14:03:17.246879,KXBTCD-25MAY2018-T106499.99,DELTA,87,2250,92,600,707,no,4,30
2025-05-20T14:03:17.265851,KXBTCD-25MAY2018-T106499.99,DELTA,87,2250,92,600,708,yes,86,-450
2025-05-20T14:03:17.266086,KXBTCD-25MAY2018-T106499.99,DELTA,87,2250,92,100,709,no,8,-500
2025-05-20T14:03:17.345373,KXBTCD-25MAY2018-T106499.99,DELTA,88,50,92,100,710,yes,88,50
2025-05-20T14:03:17.345749,KXBTCD-25MAY2018-T106499.99,DELTA,88,50,92,100,711,no,6,-1000
2025-05-20T14:03:17.345850,KXBTCD-25MAY2018-T106499.99,DELTA,88,50,92,100,712,no,7,500
2025-05-20T14:03:17.365735,KXBTCD-25MAY2018-T106499.99,DELTA,88,50,92,100,713,yes,86,-2000
2025-05-20T14:03:17.385421,KXBTCD-25MAY2018-T106499.99,DELTA,88,50,92,100,714,yes,87,-1000
2025-05-20T14:03:17.385538,KXBTCD-25MAY2018-T106499.99,DELTA,88,50,92,100,715,no,5,1000
2025-05-20T14:03:17.385601,KXBTCD-25MAY2018-T106499.99,DELTA,88,50,92,100,716,yes,87,-1250
2025-05-20T14:03:17.406373,KXBTCD-25MAY2018-T106499.99,DELTA,88,50,92,100,717,yes,84,-100
2025-05-20T14:03:17.444987,KXBTCD-25MAY2018-T106499.99,DELTA,88,50,92,100,718,yes,51,2000
2025-05-20T14:03:17.445159,KXBTCD-25MAY2018-T106499.99,DELTA,89,1000,92,100,719,yes,89,1000
2025-05-20T14:03:18.525300,KXBTCD-25MAY2018-T106499.99,DELTA,89,1000,92,100,720,yes,84,100
2025-05-20T14:03:18.745599,KXBTCD-25MAY2018-T106499.99,DELTA,89,1000,92,100,721,yes,84,-100
2025-05-20T14:03:19.625753,KXBTCD-25MAY2018-T106499.99,DELTA,89,1000,92,100,722,yes,88,-50
2025-05-20T14:03:19.645639,KXBTCD-25MAY2018-T106499.99,DELTA,89,1000,92,100,723,yes,88,150
2025-05-20T14:03:19.685465,KXBTCD-25MAY2018-T106499.99,DELTA,88,150,92,100,724,yes,89,-1000
2025-05-20T14:03:19.725527,KXBTCD-25MAY2018-T106499.99,DELTA,89,1000,92,100,725,yes,89,1000
2025-05-20T14:03:19.986925,KXBTCD-25MAY2018-T106499.99,DELTA,89,1000,92,100,726,yes,85,100
2025-05-20T14:03:23.505351,KXBTCD-25MAY2018-T106499.99,DELTA,89,1000,93,500,727,no,8,-100
2025-05-20T14:03:23.790758,KXBTCD-25MAY2018-T106499.99,DELTA,89,1000,93,500,728,yes,88,-150
2025-05-20T14:03:23.918852,KXBTCD-25MAY2018-T106499.99,DELTA,85,144,93,500,729,yes,89,-1000
2025-05-20T14:03:23.988103,KXBTCD-25MAY2018-T106499.99,DELTA,86,1000,93,500,730,yes,86,1000
2025-05-20T14:03:24.190916,KXBTCD-25MAY2018-T106499.99,DELTA,88,400,93,500,731,yes,88,400
2025-05-20T14:03:24.311382,KXBTCD-25MAY2018-T106499.99,DELTA,88,400,93,500,732,yes,86,-1000
2025-05-20T14:03:24.518607,KXBTCD-25MAY2018-T106499.99,DELTA,89,1000,93,500,733,yes,89,1000
2025-05-20T14:03:24.587365,KXBTCD-25MAY2018-T106499.99,DELTA,89,1000,93,600,734,no,7,100
2025-05-20T14:03:24.587881,KXBTCD-25MAY2018-T106499.99,DELTA,89,1000,93,600,735,yes,85,-100
2025-05-20T14:03:25.806651,KXBTCD-25MAY2018-T106499.99,DELTA,89,1000,93,600,736,yes,85,100
2025-05-20T14:03:27.285623,KXBTCD-25MAY2018-T106499.99,DELTA,89,1000,93,600,737,yes,85,-100
2025-05-20T14:03:27.866043,KXBTCD-25MAY2018-T106499.99,DELTA,89,1000,93,600,738,yes,12,-2700
2025-05-20T14:03:27.866769,KXBTCD-25MAY2018-T106499.99,DELTA,89,1000,93,600,739,yes,4,8100
2025-05-20T14:03:27.927156,KXBTCD-25MAY2018-T106499.99,DELTA,89,1000,93,600,740,yes,5,20000
2025-05-20T14:03:28.420351,KXBTCD-25MAY2018-T106499.99,DELTA,89,1000,93,600,741,yes,86,100
2025-05-20T14:03:29.197788,KXBTCD-25MAY2018-T106499.99,DELTA,89,1000,93,600,742,yes,4,-8100
2025-05-20T14:03:29.198523,KXBTCD-25MAY2018-T106499.99,DELTA,89,1000,93,600,743,yes,6,5400
2025-05-20T14:03:29.205782,KXBTCD-25MAY2018-T106499.99,DELTA,89,1000,93,600,744,yes,5,-20000
2025-05-20T14:03:29.244469,KXBTCD-25MAY2018-T106499.99,DELTA,89,1000,93,600,745,yes,7,20000
2025-05-20T14:03:30.446923,KXBTCD-25MAY2018-T106499.99,DELTA,89,1000,93,600,746,yes,6,-5400
2025-05-20T14:03:30.447824,KXBTCD-25MAY2018-T106499.99,DELTA,89,1000,93,600,747,yes,8,4050
2025-05-20T14:03:30.448379,KXBTCD-25MAY2018-T106499.99,DELTA,89,1000,93,600,748,yes,7,-20000
2025-05-20T14:03:30.448918,KXBTCD-25MAY2018-T106499.99,DELTA,89,1000,93,100,749,no,7,-500
2025-05-20T14:03:30.449419,KXBTCD-25MAY2018-T106499.99,DELTA,89,1000,93,100,750,no,6,500
2025-05-20T14:03:30.466354,KXBTCD-25MAY2018-T106499.99,DELTA,89,1000,93,100,751,no,5,-1000
2025-05-20T14:03:30.526759,KXBTCD-25MAY2018-T106499.99,DELTA,89,1000,93,100,752,no,6,1000
2025-05-20T14:03:30.968131,KXBTCD-25MAY2018-T106499.99,DELTA,89,1000,93,100,753,yes,9,20000
2025-05-20T14:03:31.446639,KXBTCD-25MAY2018-T106499.99,DELTA,89,1000,93,100,754,yes,8,-4050
2025-05-20T14:03:31.447834,KXBTCD-25MAY2018-T106499.99,DELTA,89,1000,93,100,755,yes,10,3240
2025-05-20T14:03:31.506775,KXBTCD-25MAY2018-T106499.99,DELTA,89,1000,93,100,756,yes,9,-20000
2025-05-20T14:03:31.574078,KXBTCD-25MAY2018-T106499.99,DELTA,89,1000,93,100,757,yes,11,20000
2025-05-20T14:03:32.365628,KXBTCD-25MAY2018-T106499.99,DELTA,89,1000,93,100,758,no,6,-1000
2025-05-20T14:03:32.365827,KXBTCD-25MAY2018-T106499.99,DELTA,89,1000,93,100,759,yes,88,1250
2025-05-20T14:03:32.405410,KXBTCD-25MAY2018-T106499.99,DELTA,89,1000,93,100,760,no,5,1000
2025-05-20T14:03:32.587300,KXBTCD-25MAY2018-T106499.99,DELTA,89,1000,93,100,761,yes,10,-3240
2025-05-20T14:03:32.589010,KXBTCD-25MAY2018-T106499.99,DELTA,89,1000,93,100,762,yes,12,2700
2025-05-20T14:03:32.646691,KXBTCD-25MAY2018-T106499.99,DELTA,89,1000,93,100,763,yes,11,-20000
2025-05-20T14:03:32.908658,KXBTCD-25MAY2018-T106499.99,DELTA,89,1000,93,100,764,yes,87,14
2025-05-20T14:03:32.908933,KXBTCD-25MAY2018-T106499.99,DELTA,89,1000,93,100,765,yes,85,-14
2025-05-20T14:03:32.926641,KXBTCD-25MAY2018-T106499.99,DELTA,89,1000,93,100,766,no,4,14
2025-05-20T14:03:32.926843,KXBTCD-25MAY2018-T106499.99,DELTA,89,1000,93,100,767,no,6,-14
2025-05-20T14:03:33.146479,KXBTCD-25MAY2018-T106499.99,DELTA,89,1000,93,100,768,yes,86,30
2025-05-20T14:03:33.146900,KXBTCD-25MAY2018-T106499.99,DELTA,89,1000,93,100,769,yes,85,-30
2025-05-20T14:03:33.147170,KXBTCD-25MAY2018-T106499.99,DELTA,89,1000,93,100,770,no,3,30
2025-05-20T14:03:33.148766,KXBTCD-25MAY2018-T106499.99,DELTA,89,1000,93,100,771,no,4,-30
2025-05-20T14:03:33.246709,KXBTCD-25MAY2018-T106499.99,DELTA,89,1000,93,100,772,no,5,-1000
2025-05-20T14:03:33.307675,KXBTCD-25MAY2018-T106499.99,DELTA,89,1000,93,100,773,no,4,1000
2025-05-20T14:03:33.387218,KXBTCD-25MAY2018-T106499.99,DELTA,89,1000,93,100,774,yes,88,-400
2025-05-20T14:03:33.407343,KXBTCD-25MAY2018-T106499.99,DELTA,89,1000,93,100,775,no,6,-500
2025-05-20T14:03:33.447770,KXBTCD-25MAY2018-T106499.99,DELTA,88,1250,93,100,776,yes,89,-1000
2025-05-20T14:03:33.447946,KXBTCD-25MAY2018-T106499.99,DELTA,87,14,93,100,777,yes,88,-1250
2025-05-20T14:03:33.466223,KXBTCD-25MAY2018-T106499.99,DELTA,90,50,93,100,778,yes,90,50
2025-05-20T14:03:33.466403,KXBTCD-25MAY2018-T106499.99,DELTA,90,50,93,100,779,no,5,500
2025-05-20T14:03:33.466512,KXBTCD-25MAY2018-T106499.99,DELTA,90,50,93,100,780,yes,86,-100
2025-05-20T14:03:33.486182,KXBTCD-25MAY2018-T106499.99,DELTA,90,50,95,500,781,no,7,-100
2025-05-20T14:03:33.486310,KXBTCD-25MAY2018-T106499.99,DELTA,90,50,95,500,782,yes,87,1000
2025-05-20T14:03:33.526008,KXBTCD-25MAY2018-T106499.99,DELTA,90,50,95,500,783,no,4,-1000
2025-05-20T14:03:33.526171,KXBTCD-25MAY2018-T106499.99,DELTA,90,50,95,500,784,yes,87,-1000
2025-05-20T14:03:33.565813,KXBTCD-25MAY2018-T106499.99,DELTA,90,50,95,1500,785,no,5,1000
2025-05-20T14:03:33.605699,KXBTCD-25MAY2018-T106499.99,DELTA,91,1000,95,1500,786,yes,91,1000
2025-05-20T14:03:33.666584,KXBTCD-25MAY2018-T106499.99,DELTA,91,1000,95,1500,787,yes,90,-50
2025-05-20T14:03:33.707339,KXBTCD-25MAY2018-T106499.99,DELTA,91,1000,95,500,788,no,5,-1000
2025-05-20T14:03:33.708031,KXBTCD-25MAY2018-T106499.99,DELTA,91,1000,95,500,789,no,3,-80000
2025-05-20T14:03:33.729313,KXBTCD-25MAY2018-T106499.99,DELTA,91,1000,95,500,790,yes,90,200
2025-05-20T14:03:33.767039,KXBTCD-25MAY2018-T106499.99,DELTA,90,200,95,500,791,yes,91,-1000
2025-05-20T14:03:33.806096,KXBTCD-25MAY2018-T106499.99,DELTA,90,200,95,500,792,no,2,80000
2025-05-20T14:03:33.806304,KXBTCD-25MAY2018-T106499.99,DELTA,90,200,95,500,793,no,4,1000
2025-05-20T14:03:33.826699,KXBTCD-25MAY2018-T106499.99,DELTA,87,14,95,500,794,yes,90,-200
2025-05-20T14:03:33.926361,KXBTCD-25MAY2018-T106499.99,DELTA,90,450,95,500,795,yes,90,450
2025-05-20T14:03:33.926928,KXBTCD-25MAY2018-T106499.99,DELTA,91,1000,95,500,796,yes,91,1000
2025-05-20T14:03:34.026672,KXBTCD-25MAY2018-T106499.99,DELTA,90,450,95,500,797,yes,91,-1000
2025-05-20T14:03:34.066670,KXBTCD-25MAY2018-T106499.99,DELTA,91,1000,95,500,798,yes,91,1000
2025-05-20T14:03:34.705533,KXBTCD-25MAY2018-T106499.99,DELTA,91,1000,95,500,799,yes,87,100
2025-05-20T14:03:34.725607,KXBTCD-25MAY2018-T106499.99,DELTA,91,1000,95,600,800,no,5,100
2025-05-20T14:03:35.126886,KXBTCD-25MAY2018-T106499.99,DELTA,91,1000,95,600,801,yes,87,-100
2025-05-20T14:03:35.605201,KXBTCD-25MAY2018-T106499.99,DELTA,91,1000,95,500,802,no,5,-100
2025-05-20T14:03:35.926232,KXBTCD-25MAY2018-T106499.99,DELTA,91,1000,95,500,803,yes,87,100
2025-05-20T14:03:36.966747,KXBTCD-25MAY2018-T106499.99,DELTA,91,1000,95,600,804,no,5,100
2025-05-20T14:03:37.464044,KXBTCD-25MAY2018-T106499.99,DELTA,91,1000,95,500,805,no,5,-100
2025-05-20T14:03:38.466985,KXBTCD-25MAY2018-T106499.99,DELTA,91,1000,94,100,806,no,6,100
2025-05-20T14:03:38.545433,KXBTCD-25MAY2018-T106499.99,DELTA,91,1000,94,100,807,yes,12,-2700
2025-05-20T14:03:38.545683,KXBTCD-25MAY2018-T106499.99,DELTA,91,1000,94,100,808,yes,4,8100
2025-05-20T14:03:38.606671,KXBTCD-25MAY2018-T106499.99,DELTA,91,1000,94,100,809,yes,5,20000
2025-05-20T14:03:41.046370,KXBTCD-25MAY2018-T106499.99,DELTA,91,1000,94,100,810,yes,4,-8100
2025-05-20T14:03:41.047171,KXBTCD-25MAY2018-T106499.99,DELTA,91,1000,94,100,811,yes,6,5400
2025-05-20T14:03:41.107479,KXBTCD-25MAY2018-T106499.99,DELTA,91,1000,94,100,812,yes,5,-20000
2025-05-20T14:03:41.147584,KXBTCD-25MAY2018-T106499.99,DELTA,91,1000,94,100,813,yes,7,20000
2025-05-20T14:03:42.344702,KXBTCD-25MAY2018-T106499.99,DELTA,91,1000,94,100,814,yes,6,-5400
2025-05-20T14:03:42.344897,KXBTCD-25MAY2018-T106499.99,DELTA,91,1000,94,100,815,yes,8,4050
2025-05-20T14:03:42.406420,KXBTCD-25MAY2018-T106499.99,DELTA,91,1000,94,100,816,yes,7,-20000
2025-05-20T14:03:42.485247,KXBTCD-25MAY2018-T106499.99,DELTA,91,1000,94,100,817,yes,9,20000
2025-05-20T14:03:43.586106,KXBTCD-25MAY2018-T106499.99,DELTA,91,1000,94,100,818,yes,8,-4050
2025-05-20T14:03:43.586402,KXBTCD-25MAY2018-T106499.99,DELTA,91,1000,94,100,819,yes,10,3240
2025-05-20T14:03:43.646035,KXBTCD-25MAY2018-T106499.99,DELTA,91,1000,94,100,820,yes,9,-20000
2025-05-20T14:03:43.686144,KXBTCD-25MAY2018-T106499.99,DELTA,91,1000,94,100,821,yes,11,20000
2025-05-20T14:03:44.787033,KXBTCD-25MAY2018-T106499.99,DELTA,91,1000,94,100,822,yes,10,-3240
2025-05-20T14:03:44.787748,KXBTCD-25MAY2018-T106499.99,DELTA,91,1000,94,100,823,yes,12,2700
2025-05-20T14:03:44.865934,KXBTCD-25MAY2018-T106499.99,DELTA,91,1000,94,100,824,yes,11,-20000
2025-05-20T14:03:46.064216,KXBTCD-25MAY2018-T106499.99,DELTA,91,1000,94,100,825,yes,12,-2700
2025-05-20T14:03:46.064848,KXBTCD-25MAY2018-T106499.99,DELTA,91,1000,94,100,826,yes,4,8100
2025-05-20T14:03:46.106409,KXBTCD-25MAY2018-T106499.99,DELTA,91,1000,94,100,827,yes,5,20000
2025-05-20T14:03:47.867349,KXBTCD-25MAY2018-T106499.99,DELTA,91,1000,94,100,828,no,5,-500
2025-05-20T14:03:47.886706,KXBTCD-25MAY2018-T106499.99,DELTA,91,1000,94,100,829,no,4,500
2025-05-20T14:03:49.245965,KXBTCD-25MAY2018-T106499.99,DELTA,91,1000,94,100,830,yes,87,-100
2025-05-20T14:03:49.265694,KXBTCD-25MAY2018-T106499.99,DELTA,91,1000,96,1514,831,no,6,-100
2025-05-20T14:03:50.346015,KXBTCD-25MAY2018-T106499.99,DELTA,91,1000,96,1614,832,no,4,100
2025-05-20T14:03:50.346409,KXBTCD-25MAY2018-T106499.99,DELTA,91,1000,96,1614,833,yes,88,100
2025-05-20T14:03:50.587173,KXBTCD-25MAY2018-T106499.99,DELTA,91,1000,96,1514,834,no,4,-100
2025-05-20T14:03:50.646778,KXBTCD-25MAY2018-T106499.99,DELTA,91,1000,96,1514,835,yes,90,1250
2025-05-20T14:03:50.647485,KXBTCD-25MAY2018-T106499.99,DELTA,91,1000,96,514,836,no,4,-1000
2025-05-20T14:03:50.666116,KXBTCD-25MAY2018-T106499.99,DELTA,91,1000,96,514,837,no,2,-80000
2025-05-20T14:03:50.725734,KXBTCD-25MAY2018-T106499.99,DELTA,91,1000,96,514,838,no,1,80000
2025-05-20T14:03:50.726054,KXBTCD-25MAY2018-T106499.99,DELTA,91,1000,96,514,839,no,3,1000
2025-05-20T14:03:51.245610,KXBTCD-25MAY2018-T106499.99,DELTA,91,1000,96,514,840,yes,4,-8100
2025-05-20T14:03:51.245885,KXBTCD-25MAY2018-T106499.99,DELTA,91,1000,96,514,841,yes,6,5400
2025-05-20T14:03:51.345484,KXBTCD-25MAY2018-T106499.99,DELTA,91,1000,96,514,842,yes,5,-20000
2025-05-20T14:03:51.407102,KXBTCD-25MAY2018-T106499.99,DELTA,91,1000,96,514,843,yes,7,20000
2025-05-20T14:03:51.566557,KXBTCD-25MAY2018-T106499.99,DELTA,91,1000,96,614,844,no,4,100
2025-05-20T14:03:52.967601,KXBTCD-25MAY2018-T106499.99,DELTA,91,969,96,614,845,yes,91,-31
2025-05-20T14:03:54.548862,KXBTCD-25MAY2018-T106499.99,DELTA,91,969,96,614,846,yes,6,-5400
2025-05-20T14:03:54.549553,KXBTCD-25MAY2018-T106499.99,DELTA,91,969,96,614,847,yes,8,4050
2025-05-20T14:03:54.605832,KXBTCD-25MAY2018-T106499.99,DELTA,91,969,96,614,848,yes,7,-20000
2025-05-20T14:03:54.845340,KXBTCD-25MAY2018-T106499.99,DELTA,91,969,96,614,849,yes,9,20000
2025-05-20T14:03:55.186453,KXBTCD-25MAY2018-T106499.99,DELTA,91,969,96,614,850,yes,90,-450
2025-05-20T14:03:55.187309,KXBTCD-25MAY2018-T106499.99,DELTA,91,969,96,114,851,no,4,-500
2025-05-20T14:03:55.227254,KXBTCD-25MAY2018-T106499.99,DELTA,92,50,96,114,852,yes,92,50
2025-05-20T14:03:55.228055,KXBTCD-25MAY2018-T106499.99,DELTA,92,50,96,114,853,no,3,500
2025-05-20T14:03:55.245934,KXBTCD-25MAY2018-T106499.99,DELTA,92,50,96,114,854,yes,91,-969
2025-05-20T14:03:55.265705,KXBTCD-25MAY2018-T106499.99,DELTA,92,50,96,114,855,yes,90,-1250
2025-05-20T14:03:55.326540,KXBTCD-25MAY2018-T106499.99,DELTA,88,100,96,114,856,yes,92,-50
2025-05-20T14:03:55.426753,KXBTCD-25MAY2018-T106499.99,DELTA,92,1000,96,114,857,yes,92,1000
2025-05-20T14:03:55.469302,KXBTCD-25MAY2018-T106499.99,DELTA,92,1200,96,114,858,yes,92,200
2025-05-20T14:03:55.484990,KXBTCD-25MAY2018-T106499.99,DELTA,92,200,96,114,859,yes,92,-1000
2025-05-20T14:03:55.545129,KXBTCD-25MAY2018-T106499.99,DELTA,92,1200,96,114,860,yes,92,1000
2025-05-20T14:03:55.806626,KXBTCD-25MAY2018-T106499.99,DELTA,92,1200,96,114,861,yes,8,-4050
2025-05-20T14:03:55.807673,KXBTCD-25MAY2018-T106499.99,DELTA,92,1200,96,114,862,yes,10,3240
2025-05-20T14:03:55.865397,KXBTCD-25MAY2018-T106499.99,DELTA,92,1200,96,114,863,yes,9,-20000
2025-05-20T14:03:55.925731,KXBTCD-25MAY2018-T106499.99,DELTA,92,1200,96,114,864,yes,11,20000
2025-05-20T14:03:57.167341,KXBTCD-25MAY2018-T106499.99,DELTA,92,1200,96,114,865,yes,10,-3240
2025-05-20T14:03:57.168537,KXBTCD-25MAY2018-T106499.99,DELTA,92,1200,96,114,866,yes,12,2700
2025-05-20T14:03:57.245987,KXBTCD-25MAY2018-T106499.99,DELTA,92,1200,96,114,867,yes,11,-20000
2025-05-20T14:03:58.407342,KXBTCD-25MAY2018-T106499.99,DELTA,92,1200,96,114,868,yes,12,-2700
2025-05-20T14:03:58.407670,KXBTCD-25MAY2018-T106499.99,DELTA,92,1200,96,114,869,yes,4,8100
2025-05-20T14:03:58.466491,KXBTCD-25MAY2018-T106499.99,DELTA,92,1200,96,114,870,yes,5,20000
2025-05-20T14:03:59.185813,KXBTCD-25MAY2018-T106499.99,DELTA,92,1200,96,114,871,yes,88,-100
2025-05-20T14:03:59.227122,KXBTCD-25MAY2018-T106499.99,DELTA,92,1200,96,114,872,yes,89,14
2025-05-20T14:03:59.227414,KXBTCD-25MAY2018-T106499.99,DELTA,92,1200,96,114,873,yes,87,-14
2025-05-20T14:03:59.227568,KXBTCD-25MAY2018-T106499.99,DELTA,92,1200,96,114,874,no,3,14
2025-05-20T14:03:59.227705,KXBTCD-25MAY2018-T106499.99,DELTA,92,1200,96,100,875,no,4,-14
2025-05-20T14:03:59.427257,KXBTCD-25MAY2018-T106499.99,DELTA,92,200,96,100,876,yes,92,-1000
2025-05-20T14:03:59.445651,KXBTCD-25MAY2018-T106499.99,DELTA,92,200,96,100,877,no,3,-1000
2025-05-20T14:03:59.446270,KXBTCD-25MAY2018-T106499.99,DELTA,92,200,96,100,878,no,1,-80000
2025-05-20T14:03:59.526413,KXBTCD-25MAY2018-T106499.99,DELTA,93,1000,96,100,879,yes,93,1000
2025-05-20T14:03:59.626496,KXBTCD-25MAY2018-T106499.99,DELTA,93,1000,96,100,880,yes,92,-200
2025-05-20T14:03:59.645968,KXBTCD-25MAY2018-T106499.99,DELTA,93,1000,96,100,881,yes,4,-8100
2025-05-20T14:03:59.646240,KXBTCD-25MAY2018-T106499.99,DELTA,93,1000,96,100,882,yes,6,5400
2025-05-20T14:03:59.686312,KXBTCD-25MAY2018-T106499.99,DELTA,93,1000,96,100,883,yes,50,-200
2025-05-20T14:03:59.686589,KXBTCD-25MAY2018-T106499.99,DELTA,93,1000,96,100,884,yes,60,200
2025-05-20T14:03:59.686863,KXBTCD-25MAY2018-T106499.99,DELTA,89,14,96,100,885,yes,93,-1000
2025-05-20T14:03:59.745531,KXBTCD-25MAY2018-T106499.99,DELTA,89,14,96,100,886,yes,5,-20000
2025-05-20T14:03:59.745836,KXBTCD-25MAY2018-T106499.99,DELTA,89,14,96,100,887,yes,87,1000
2025-05-20T14:03:59.746114,KXBTCD-25MAY2018-T106499.99,DELTA,92,500,96,100,888,yes,92,500
2025-05-20T14:03:59.805453,KXBTCD-25MAY2018-T106499.99,DELTA,92,500,96,100,889,yes,7,20000
2025-05-20T14:03:59.805739,KXBTCD-25MAY2018-T106499.99,DELTA,92,500,96,100,890,yes,51,-2000
2025-05-20T14:03:59.867047,KXBTCD-25MAY2018-T106499.99,DELTA,92,500,96,100,891,yes,87,-1000
2025-05-20T14:03:59.867379,KXBTCD-25MAY2018-T106499.99,DELTA,92,500,96,100,892,yes,61,2000
2025-05-20T14:03:59.867529,KXBTCD-25MAY2018-T106499.99,DELTA,92,500,96,100,893,yes,86,-30
2025-05-20T14:03:59.867669,KXBTCD-25MAY2018-T106499.99,DELTA,92,500,96,100,894,yes,88,30
2025-05-20T14:03:59.886057,KXBTCD-25MAY2018-T106499.99,DELTA,92,500,96,100,895,no,1,30
2025-05-20T14:03:59.886307,KXBTCD-25MAY2018-T106499.99,DELTA,92,500,96,100,896,no,3,-30
2025-05-20T14:03:59.945663,KXBTCD-25MAY2018-T106499.99,DELTA,93,1000,96,100,897,yes,93,1000
2025-05-20T14:03:59.966612,KXBTCD-25MAY2018-T106499.99,DELTA,93,1000,96,100,898,no,2,1000
2025-05-20T14:04:00.031955,KXBTCD-25MAY2018-T106499.99,DELTA,93,1000,96,100,899,no,3,-500
2025-05-20T14:04:00.167702,KXBTCD-25MAY2018-T106499.99,DELTA,93,1000,96,100,900,no,2,500
2025-05-20T14:04:00.385963,KXBTCD-25MAY2018-T106499.99,DELTA,93,1000,96,100,901,yes,89,100
2025-05-20T14:04:01.186109,KXBTCD-25MAY2018-T106499.99,DELTA,93,1000,97,14,902,no,4,-100
2025-05-20T14:04:01.186268,KXBTCD-25MAY2018-T106499.99,DELTA,93,1000,97,14,903,yes,89,-100
2025-05-20T14:04:01.793546,KXBTCD-25MAY2018-T106499.99,DELTA,93,1000,97,14,904,no,1,80000
2025-05-20T14:04:01.809141,KXBTCD-25MAY2018-T106499.99,DELTA,92,500,97,14,905,yes,93,-1000
2025-05-20T14:04:01.809607,KXBTCD-25MAY2018-T106499.99,DELTA,92,500,97,14,906,no,2,-1000
2025-05-20T14:04:01.887757,KXBTCD-25MAY2018-T106499.99,DELTA,93,1000,97,14,907,yes,93,1000
2025-05-20T14:04:01.907511,KXBTCD-25MAY2018-T106499.99,DELTA,93,1000,97,14,908,no,1,-80000
2025-05-20T14:04:01.908408,KXBTCD-25MAY2018-T106499.99,DELTA,93,1000,97,14,909,no,2,1000
2025-05-20T14:04:02.048162,KXBTCD-25MAY2018-T106499.99,DELTA,93,1000,97,14,910,no,1,80000
2025-05-20T14:04:02.050174,KXBTCD-25MAY2018-T106499.99,DELTA,92,500,97,14,911,yes,93,-1000
2025-05-20T14:04:02.050335,KXBTCD-25MAY2018-T106499.99,DELTA,92,500,97,14,912,no,2,-1000
2025-05-20T14:04:02.127538,KXBTCD-25MAY2018-T106499.99,DELTA,92,500,97,1014,913,no,3,1000
2025-05-20T14:04:02.248547,KXBTCD-25MAY2018-T106499.99,DELTA,92,1500,97,1014,914,yes,92,1000
2025-05-20T14:04:02.390167,KXBTCD-25MAY2018-T106499.99,DELTA,92,1500,97,1014,915,yes,7,-20000
2025-05-20T14:04:02.391974,KXBTCD-25MAY2018-T106499.99,DELTA,92,1500,97,14,916,no,3,-1000
2025-05-20T14:04:02.392455,KXBTCD-25MAY2018-T106499.99,DELTA,92,500,97,14,917,yes,92,-1000
2025-05-20T14:04:02.392824,KXBTCD-25MAY2018-T106499.99,DELTA,92,500,97,14,918,yes,61,-2000
2025-05-20T14:04:02.408718,KXBTCD-25MAY2018-T106499.99,DELTA,92,500,97,14,919,no,1,-80000
2025-05-20T14:04:02.487116,KXBTCD-25MAY2018-T106499.99,DELTA,92,500,97,114,920,no,3,100
2025-05-20T14:04:02.487526,KXBTCD-25MAY2018-T106499.99,DELTA,92,500,97,114,921,yes,89,100
2025-05-20T14:04:02.529033,KXBTCD-25MAY2018-T106499.99,DELTA,93,1000,97,114,922,yes,93,1000
2025-05-20T14:04:02.549217,KXBTCD-25MAY2018-T106499.99,DELTA,93,1000,97,114,923,yes,92,-500
2025-05-20T14:04:02.644736,KXBTCD-25MAY2018-T106499.99,DELTA,93,1000,97,114,924,yes,91,500
2025-05-20T14:04:02.706842,KXBTCD-25MAY2018-T106499.99,DELTA,93,1000,97,114,925,no,2,1000
2025-05-20T14:04:02.725999,KXBTCD-25MAY2018-T106499.99,DELTA,93,1000,97,114,926,yes,89,-100
2025-05-20T14:04:03.247754,KXBTCD-25MAY2018-T106499.99,DELTA,93,1000,97,114,927,yes,91,1250
2025-05-20T14:04:03.488534,KXBTCD-25MAY2018-T106499.99,DELTA,91,1750,97,114,928,yes,93,-1000
2025-05-20T14:04:03.569644,KXBTCD-25MAY2018-T106499.99,DELTA,92,1000,97,114,929,yes,92,1000
2025-05-20T14:04:04.048198,KXBTCD-25MAY2018-T106499.99,DELTA,92,1000,97,114,930,yes,90,100
2025-05-20T14:04:05.569193,KXBTCD-25MAY2018-T106499.99,DELTA,92,1000,97,114,931,yes,6,-5400
2025-05-20T14:04:05.570307,KXBTCD-25MAY2018-T106499.99,DELTA,92,1000,97,114,932,yes,4,8100
2025-05-20T14:04:05.869545,KXBTCD-25MAY2018-T106499.99,DELTA,92,1000,97,114,933,yes,5,20000
2025-05-20T14:04:07.011928,KXBTCD-25MAY2018-T106499.99,DELTA,92,1000,97,114,934,no,1,80000
2025-05-20T14:04:07.012740,KXBTCD-25MAY2018-T106499.99,DELTA,92,1000,97,114,935,yes,91,-1250
2025-05-20T14:04:07.013505,KXBTCD-25MAY2018-T106499.99,DELTA,92,1000,97,114,936,no,2,-1000
2025-05-20T14:04:07.285727,KXBTCD-25MAY2018-T106499.99,DELTA,92,1000,97,1114,937,no,3,1000
2025-05-20T14:04:07.906211,KXBTCD-25MAY2018-T106499.99,DELTA,92,1000,97,1114,938,yes,4,-8100
2025-05-20T14:04:07.906570,KXBTCD-25MAY2018-T106499.99,DELTA,92,1000,97,1114,939,yes,6,5400
2025-05-20T14:04:07.967099,KXBTCD-25MAY2018-T106499.99,DELTA,92,1000,97,1114,940,yes,5,-20000
2025-05-20T14:04:08.007203,KXBTCD-25MAY2018-T106499.99,DELTA,92,1000,97,1114,941,yes,7,20000
2025-05-20T14:04:09.925504,KXBTCD-25MAY2018-T106499.99,DELTA,92,1000,97,1114,942,yes,6,-5400
2025-05-20T14:04:09.926324,KXBTCD-25MAY2018-T106499.99,DELTA,92,1000,97,1114,943,yes,8,4050
2025-05-20T14:04:10.006921,KXBTCD-25MAY2018-T106499.99,DELTA,92,1000,97,1114,944,yes,7,-20000
2025-05-20T14:04:10.086339,KXBTCD-25MAY2018-T106499.99,DELTA,92,1000,97,1114,945,yes,9,20000
2025-05-20T14:04:10.386646,KXBTCD-25MAY2018-T106499.99,DELTA,91,500,97,1114,946,yes,92,-1000
2025-05-20T14:04:10.405523,KXBTCD-25MAY2018-T106499.99,DELTA,91,500,97,114,947,no,3,-1000
2025-05-20T14:04:10.406100,KXBTCD-25MAY2018-T106499.99,DELTA,91,500,97,114,948,no,1,-80000
2025-05-20T14:04:10.505178,KXBTCD-25MAY2018-T106499.99,DELTA,91,500,97,114,949,no,2,80000
2025-05-20T14:04:10.507866,KXBTCD-25MAY2018-T106499.99,DELTA,91,500,97,114,950,no,2,-500
2025-05-20T14:04:10.586519,KXBTCD-25MAY2018-T106499.99,DELTA,91,500,97,114,951,no,2,1250
2025-05-20T14:04:10.624834,KXBTCD-25MAY2018-T106499.99,DELTA,91,500,96,500,952,no,4,500
2025-05-20T14:04:10.665636,KXBTCD-25MAY2018-T106499.99,DELTA,91,500,96,500,953,no,2,-1250
2025-05-20T14:04:10.706445,KXBTCD-25MAY2018-T106499.99,DELTA,90,100,96,500,954,yes,91,-500
2025-05-20T14:04:10.766766,KXBTCD-25MAY2018-T106499.99,DELTA,90,600,96,500,955,yes,90,500
2025-05-20T14:04:10.806381,KXBTCD-25MAY2018-T106499.99,DELTA,90,600,96,1500,956,no,4,1000
2025-05-20T14:04:10.827262,KXBTCD-25MAY2018-T106499.99,DELTA,91,1000,96,1500,957,yes,91,1000
2025-05-20T14:04:10.987561,KXBTCD-25MAY2018-T106499.99,DELTA,91,1000,96,1500,958,yes,8,-4050
2025-05-20T14:04:10.988351,KXBTCD-25MAY2018-T106499.99,DELTA,91,1000,96,1500,959,yes,10,3240
2025-05-20T14:04:11.126581,KXBTCD-25MAY2018-T106499.99,DELTA,91,1000,96,1500,960,yes,9,-20000
2025-05-20T14:04:11.185119,KXBTCD-25MAY2018-T106499.99,DELTA,91,1000,96,1500,961,yes,11,20000
2025-05-20T14:04:11.585527,KXBTCD-25MAY2018-T106499.99,DELTA,91,1000,96,1500,962,yes,90,-100
2025-05-20T14:04:11.586659,KXBTCD-25MAY2018-T106499.99,DELTA,91,1000,96,1500,963,no,3,-100
2025-05-20T14:04:12.026551,KXBTCD-25MAY2018-T106499.99,DELTA,91,1000,96,1500,964,yes,88,-30
2025-05-20T14:04:12.027364,KXBTCD-25MAY2018-T106499.99,DELTA,91,1000,96,1500,965,yes,86,30
2025-05-20T14:04:12.027943,KXBTCD-25MAY2018-T106499.99,DELTA,91,1000,96,1500,966,no,3,30
2025-05-20T14:04:12.028482,KXBTCD-25MAY2018-T106499.99,DELTA,91,1000,96,1500,967,no,1,-30
2025-05-20T14:04:12.066846,KXBTCD-25MAY2018-T106499.99,DELTA,91,1000,96,1500,968,yes,10,-3240
2025-05-20T14:04:12.067749,KXBTCD-25MAY2018-T106499.99,DELTA,91,1000,96,1500,969,yes,12,2700
2025-05-20T14:04:12.165901,KXBTCD-25MAY2018-T106499.99,DELTA,91,1000,96,1500,970,yes,11,-20000
2025-05-20T14:04:13.006505,KXBTCD-25MAY2018-T106499.99,DELTA,91,1000,96,500,971,no,4,-1000
2025-05-20T14:04:13.007147,KXBTCD-25MAY2018-T106499.99,DELTA,91,1000,96,500,972,yes,90,1250
2025-05-20T14:04:13.107381,KXBTCD-25MAY2018-T106499.99,DELTA,91,1000,96,500,973,no,2,-80000
2025-05-20T14:04:13.388145,KXBTCD-25MAY2018-T106499.99,DELTA,91,1000,96,500,974,no,1,80000
2025-05-20T14:04:13.388871,KXBTCD-25MAY2018-T106499.99,DELTA,91,1000,96,500,975,no,3,1000
2025-05-20T14:04:13.766007,KXBTCD-25MAY2018-T106499.99,DELTA,91,1000,96,500,976,yes,89,100
2025-05-20T14:04:13.786017,KXBTCD-25MAY2018-T106499.99,DELTA,91,1000,96,500,977,no,3,100
2025-05-20T14:04:15.022648,KXBTCD-25MAY2018-T106499.99,DELTA,91,1000,96,500,978,yes,90,-1250
2025-05-20T14:04:15.022875,KXBTCD-25MAY2018-T106499.99,DELTA,91,1000,96,500,979,no,3,-1000
2025-05-20T14:04:15.029599,KXBTCD-25MAY2018-T106499.99,DELTA,91,1000,96,500,980,no,1,-80000
2025-05-20T14:04:15.087241,KXBTCD-25MAY2018-T106499.99,DELTA,91,1000,96,500,981,no,2,80000
2025-05-20T14:04:15.087452,KXBTCD-25MAY2018-T106499.99,DELTA,91,1000,96,1500,982,no,4,1000
2025-05-20T14:04:17.146508,KXBTCD-25MAY2018-T106499.99,DELTA,91,1000,96,1500,983,yes,12,-2700
2025-05-20T14:04:17.147518,KXBTCD-25MAY2018-T106499.99,DELTA,91,1000,96,1500,984,yes,4,8100
2025-05-20T14:04:17.245947,KXBTCD-25MAY2018-T106499.99,DELTA,91,1000,96,1500,985,yes,5,20000
2025-05-20T14:04:19.366466,KXBTCD-25MAY2018-T106499.99,DELTA,91,1000,96,1500,986,yes,4,-8100
2025-05-20T14:04:19.367175,KXBTCD-25MAY2018-T106499.99,DELTA,91,1000,96,1500,987,yes,6,5400
2025-05-20T14:04:19.426077,KXBTCD-25MAY2018-T106499.99,DELTA,91,1000,96,1500,988,yes,5,-20000
2025-05-20T14:04:19.486821,KXBTCD-25MAY2018-T106499.99,DELTA,90,500,96,1500,989,yes,91,-1000
2025-05-20T14:04:19.487766,KXBTCD-25MAY2018-T106499.99,DELTA,90,500,96,1500,990,yes,7,20000
2025-05-20T14:04:19.488575,KXBTCD-25MAY2018-T106499.99,DELTA,90,500,96,500,991,no,4,-1000
2025-05-20T14:04:19.506511,KXBTCD-25MAY2018-T106499.99,DELTA,90,500,96,500,992,no,2,-80000
2025-05-20T14:04:19.565886,KXBTCD-25MAY2018-T106499.99,DELTA,90,500,96,500,993,no,3,80000
2025-05-20T14:04:19.566746,KXBTCD-25MAY2018-T106499.99,DELTA,90,500,95,1000,994,no,5,1000
2025-05-20T14:04:19.567298,KXBTCD-25MAY2018-T106499.99,DELTA,90,1500,95,1000,995,yes,90,1000
2025-05-20T14:04:20.465930,KXBTCD-25MAY2018-T106499.99,DELTA,90,1500,95,1000,996,yes,6,-5400
2025-05-20T14:04:20.466884,KXBTCD-25MAY2018-T106499.99,DELTA,90,1500,95,1000,997,yes,8,4050
2025-05-20T14:04:20.546154,KXBTCD-25MAY2018-T106499.99,DELTA,90,1500,95,1000,998,yes,7,-20000
2025-05-20T14:04:20.586295,KXBTCD-25MAY2018-T106499.99,DELTA,90,1500,95,1000,999,yes,9,20000
2025-05-20T14:04:21.206007,KXBTCD-25MAY2018-T106499.99,DELTA,90,1500,95,1000,1000,yes,60,-200
2025-05-20T14:04:21.206242,KXBTCD-25MAY2018-T106499.99,DELTA,90,1500,95,1000,1001,yes,50,200
2025-05-20T14:04:21.506466,KXBTCD-25MAY2018-T106499.99,DELTA,90,1500,95,1000,1002,yes,51,2000
2025-05-20T14:04:21.587306,KXBTCD-25MAY2018-T106499.99,DELTA,90,1500,95,1000,1003,yes,8,-4050
2025-05-20T14:04:21.588238,KXBTCD-25MAY2018-T106499.99,DELTA,90,1500,95,1000,1004,yes,45,720
2025-05-20T14:04:21.646694,KXBTCD-25MAY2018-T106499.99,DELTA,90,1500,95,1000,1005,yes,9,-20000
2025-05-20T14:04:21.946807,KXBTCD-25MAY2018-T106499.99,DELTA,90,1500,95,1000,1006,no,3,-100
2025-05-20T14:04:22.206854,KXBTCD-25MAY2018-T106499.99,DELTA,90,1500,95,1000,1007,yes,87,14
2025-05-20T14:04:22.207812,KXBTCD-25MAY2018-T106499.99,DELTA,90,1500,95,1000,1008,yes,89,-14
2025-05-20T14:04:22.208508,KXBTCD-25MAY2018-T106499.99,DELTA,90,1500,95,1014,1009,no,5,14
2025-05-20T14:04:22.226874,KXBTCD-25MAY2018-T106499.99,DELTA,90,1500,95,1014,1010,no,3,-14
2025-05-20T14:04:22.606373,KXBTCD-25MAY2018-T106499.99,DELTA,90,1500,94,800,1011,no,6,800
2025-05-20T14:04:23.406656,KXBTCD-25MAY2018-T106499.99,DELTA,90,1500,94,800,1012,no,3,100
2025-05-20T14:04:24.247103,KXBTCD-25MAY2018-T106499.99,DELTA,90,1500,94,800,1013,no,3,-100
2025-05-20T14:04:24.890135,KXBTCD-25MAY2018-T106499.99,DELTA,90,1500,94,800,1014,no,4,100
2025-05-20T14:04:25.805636,KXBTCD-25MAY2018-T106499.99,DELTA,90,1000,94,800,1015,yes,90,-500
2025-05-20T14:04:25.825243,KXBTCD-25MAY2018-T106499.99,DELTA,90,1000,94,800,1016,no,4,-500
2025-05-20T14:04:25.950130,KXBTCD-25MAY2018-T106499.99,DELTA,90,1000,94,800,1017,yes,89,500
2025-05-20T14:04:25.967405,KXBTCD-25MAY2018-T106499.99,DELTA,90,1000,94,1300,1018,no,6,500
2025-05-20T14:04:26.426771,KXBTCD-25MAY2018-T106499.99,DELTA,90,1000,94,1300,1019,no,4,-100
2025-05-20T14:04:26.427488,KXBTCD-25MAY2018-T106499.99,DELTA,90,1000,94,1300,1020,yes,89,-100
2025-05-20T14:04:26.587180,KXBTCD-25MAY2018-T106499.99,DELTA,90,1000,94,1300,1021,no,5,-1000
2025-05-20T14:04:26.718510,KXBTCD-25MAY2018-T106499.99,DELTA,90,1000,94,1300,1022,no,4,1000
2025-05-20T14:04:27.146993,KXBTCD-25MAY2018-T106499.99,DELTA,90,1000,94,800,1023,no,6,-500
2025-05-20T14:04:27.250993,KXBTCD-25MAY2018-T106499.99,DELTA,90,1000,94,800,1024,no,5,500
2025-05-20T14:04:27.405724,KXBTCD-25MAY2018-T106499.99,DELTA,90,1000,94,800,1025,no,4,-1000
2025-05-20T14:04:27.487035,KXBTCD-25MAY2018-T106499.99,DELTA,90,1000,94,800,1026,yes,87,100
2025-05-20T14:04:27.506062,KXBTCD-25MAY2018-T106499.99,DELTA,90,1000,94,800,1027,no,5,100
2025-05-20T14:04:27.525723,KXBTCD-25MAY2018-T106499.99,DELTA,90,1000,94,800,1028,no,5,1000
2025-05-20T14:04:27.687269,KXBTCD-25MAY2018-T106499.99,DELTA,90,1000,94,800,1029,yes,87,-100
2025-05-20T14:04:28.524764,KXBTCD-25MAY2018-T106499.99,DELTA,90,1000,94,800,1030,yes,88,100
2025-05-20T14:04:31.766663,KXBTCD-25MAY2018-T106499.99,DELTA,90,1000,94,800,1031,yes,89,1250
2025-05-20T14:04:31.767551,KXBTCD-25MAY2018-T106499.99,DELTA,90,1000,94,800,1032,no,5,-1000
2025-05-20T14:04:31.789128,KXBTCD-25MAY2018-T106499.99,DELTA,90,1000,94,800,1033,no,3,-80000
2025-05-20T14:04:31.907206,KXBTCD-25MAY2018-T106499.99,DELTA,90,1000,94,800,1034,no,2,80000
2025-05-20T14:04:31.925942,KXBTCD-25MAY2018-T106499.99,DELTA,90,1000,94,800,1035,no,4,1000
2025-05-20T14:04:32.208584,KXBTCD-25MAY2018-T106499.99,DELTA,90,1000,94,800,1036,yes,50,-200
2025-05-20T14:04:32.208904,KXBTCD-25MAY2018-T106499.99,DELTA,90,1000,94,800,1037,yes,60,200
2025-05-20T14:04:32.226977,KXBTCD-25MAY2018-T106499.99,DELTA,90,1000,94,800,1038,no,5,-100
2025-05-20T14:04:32.227295,KXBTCD-25MAY2018-T106499.99,DELTA,90,1000,94,800,1039,yes,88,-100
2025-05-20T14:04:32.326006,KXBTCD-25MAY2018-T106499.99,DELTA,90,1000,94,800,1040,yes,51,-2000
2025-05-20T14:04:32.446349,KXBTCD-25MAY2018-T106499.99,DELTA,90,1000,94,800,1041,yes,61,2000
2025-05-20T14:04:32.585731,KXBTCD-25MAY2018-T106499.99,DELTA,90,1000,94,800,1042,yes,45,-720
2025-05-20T14:04:32.586327,KXBTCD-25MAY2018-T106499.99,DELTA,90,1000,94,800,1043,yes,46,704
2025-05-20T14:04:32.748052,KXBTCD-25MAY2018-T106499.99,DELTA,90,1000,94,800,1044,yes,89,-500
2025-05-20T14:04:32.765636,KXBTCD-25MAY2018-T106499.99,DELTA,90,1000,94,800,1045,no,5,-500
2025-05-20T14:04:32.846929,KXBTCD-25MAY2018-T106499.99,DELTA,89,1250,94,800,1046,yes,90,-1000
2025-05-20T14:04:32.867109,KXBTCD-25MAY2018-T106499.99,DELTA,87,14,94,800,1047,yes,89,-1250
2025-05-20T14:04:32.867850,KXBTCD-25MAY2018-T106499.99,DELTA,91,100,94,800,1048,yes,91,100
2025-05-20T14:04:32.885961,KXBTCD-25MAY2018-T106499.99,DELTA,91,100,94,800,1049,no,4,500
2025-05-20T14:04:32.928236,KXBTCD-25MAY2018-T106499.99,DELTA,87,14,94,800,1050,yes,91,-100
2025-05-20T14:04:32.966991,KXBTCD-25MAY2018-T106499.99,DELTA,91,1000,94,800,1051,yes,91,1000
2025-05-20T14:04:32.967856,KXBTCD-25MAY2018-T106499.99,DELTA,91,1050,94,800,1052,yes,91,50
2025-05-20T14:04:33.527264,KXBTCD-25MAY2018-T106499.99,DELTA,91,1050,94,800,1053,no,3,100
2025-05-20T14:04:33.546490,KXBTCD-25MAY2018-T106499.99,DELTA,91,1050,94,800,1054,yes,89,100
2025-05-20T14:04:35.205645,KXBTCD-25MAY2018-T106499.99,DELTA,91,1000,94,800,1055,yes,91,-50
2025-05-20T14:04:35.226018,KXBTCD-25MAY2018-T106499.99,DELTA,91,1150,94,800,1056,yes,91,150
2025-05-20T14:04:35.326185,KXBTCD-25MAY2018-T106499.99,DELTA,91,150,94,800,1057,yes,91,-1000
2025-05-20T14:04:35.425930,KXBTCD-25MAY2018-T106499.99,DELTA,91,1150,94,800,1058,yes,91,1000
2025-05-20T14:04:36.826629,KXBTCD-25MAY2018-T106499.99,DELTA,91,1000,94,800,1059,yes,91,-150
2025-05-20T14:04:36.907409,KXBTCD-25MAY2018-T106499.99,DELTA,91,1350,94,800,1060,yes,91,350
2025-05-20T14:04:36.945674,KXBTCD-25MAY2018-T106499.99,DELTA,91,350,94,800,1061,yes,91,-1000
2025-05-20T14:04:37.065443,KXBTCD-25MAY2018-T106499.99,DELTA,91,1350,94,800,1062,yes,91,1000
2025-05-20T14:04:38.405681,KXBTCD-25MAY2018-T106499.99,DELTA,91,1000,94,800,1063,yes,91,-350
2025-05-20T14:04:38.406196,KXBTCD-25MAY2018-T106499.99,DELTA,91,994,94,800,1064,yes,91,-6
2025-05-20T14:04:38.445419,KXBTCD-25MAY2018-T106499.99,DELTA,91,1394,94,800,1065,yes,91,400
2025-05-20T14:04:38.525547,KXBTCD-25MAY2018-T106499.99,DELTA,91,400,94,800,1066,yes,91,-994
2025-05-20T14:04:38.626045,KXBTCD-25MAY2018-T106499.99,DELTA,91,1400,94,800,1067,yes,91,1000
2025-05-20T14:04:39.384771,KXBTCD-25MAY2018-T106499.99,DELTA,91,1400,94,800,1068,yes,86,1
2025-05-20T14:04:46.907552,KXBTCD-25MAY2018-T106499.99,DELTA,91,1000,94,800,1069,yes,91,-400
2025-05-20T14:04:47.026833,KXBTCD-25MAY2018-T106499.99,DELTA,91,1100,94,800,1070,yes,91,100
2025-05-20T14:04:47.027404,KXBTCD-25MAY2018-T106499.99,DELTA,91,100,94,800,1071,yes,91,-1000
2025-05-20T14:04:47.126638,KXBTCD-25MAY2018-T106499.99,DELTA,91,100,94,800,1072,yes,90,1000
2025-05-20T14:04:47.245995,KXBTCD-25MAY2018-T106499.99,DELTA,91,100,94,800,1073,yes,90,-1000
2025-05-20T14:04:47.345719,KXBTCD-25MAY2018-T106499.99,DELTA,91,1100,94,800,1074,yes,91,1000
2025-05-20T14:04:48.310714,KXBTCD-25MAY2018-T106499.99,DELTA,91,1000,94,800,1075,yes,91,-100
2025-05-20T14:04:48.346181,KXBTCD-25MAY2018-T106499.99,DELTA,91,1300,94,800,1076,yes,91,300
2025-05-20T14:04:48.425332,KXBTCD-25MAY2018-T106499.99,DELTA,91,300,94,800,1077,yes,91,-1000
2025-05-20T14:04:48.445031,KXBTCD-25MAY2018-T106499.99,DELTA,91,300,95,14,1078,no,6,-800
2025-05-20T14:04:48.525489,KXBTCD-25MAY2018-T106499.99,DELTA,91,1300,95,14,1079,yes,91,1000
2025-05-20T14:04:49.485810,KXBTCD-25MAY2018-T106499.99,DELTA,91,300,95,14,1080,yes,91,-1000
2025-05-20T14:04:49.505469,KXBTCD-25MAY2018-T106499.99,DELTA,91,300,95,14,1081,no,4,-1000
2025-05-20T14:04:49.505881,KXBTCD-25MAY2018-T106499.99,DELTA,91,300,95,14,1082,no,2,-80000
2025-05-20T14:04:49.625885,KXBTCD-25MAY2018-T106499.99,DELTA,91,300,95,14,1083,yes,72,9
2025-05-20T14:04:49.645463,KXBTCD-25MAY2018-T106499.99,DELTA,91,300,95,14,1084,no,3,1000
2025-05-20T14:04:49.645949,KXBTCD-25MAY2018-T106499.99,DELTA,92,1000,95,14,1085,yes,92,1000
