timestamp,market_ticker,type,yes_bid_price_cents,yes_bid_qty,yes_ask_price_cents,yes_ask_qty_on_no_side,sequence_num,delta_side,delta_price_cents,delta_quantity
2025-05-22T18:03:43.081176,KXBTCD-25MAY2222-T111499.99,SNAPSHOT,68,14,72,1100,1,,,
2025-05-22T18:03:43.242575,KXBTCD-25MAY2222-T111499.99,DELTA,68,14,72,1100,2,yes,66,30
2025-05-22T18:03:43.242718,KXBTCD-25MAY2222-T111499.99,DELTA,68,14,72,1100,3,yes,67,-30
2025-05-22T18:03:43.262306,KXBTCD-25MAY2222-T111499.99,DELTA,68,14,72,1100,4,yes,67,14
2025-05-22T18:03:43.262408,KXBTCD-25MAY2222-T111499.99,DELTA,67,1014,72,1100,5,yes,68,-14
2025-05-22T18:03:43.262464,KXBTCD-25MAY2222-T111499.99,DELTA,67,1014,72,1100,6,no,22,-30
2025-05-22T18:03:43.262517,KXBTCD-25MAY2222-T111499.99,DELTA,67,1014,72,1100,7,no,23,30
2025-05-22T18:03:43.262571,KXBTCD-25MAY2222-T111499.99,DELTA,67,1014,72,1100,8,no,24,14
2025-05-22T18:03:43.262619,KXBTCD-25MAY2222-T111499.99,DELTA,67,1014,72,1100,9,no,23,-14
2025-05-22T18:03:43.364070,KXBTCD-25MAY2222-T111499.99,DELTA,67,1014,72,1100,10,no,24,-9
2025-05-22T18:03:43.364192,KXBTCD-25MAY2222-T111499.99,DELTA,67,1014,72,1100,11,yes,64,-9
2025-05-22T18:03:43.464961,KXBTCD-25MAY2222-T111499.99,DELTA,67,14,72,1100,12,yes,67,-1000
2025-05-22T18:03:43.465159,KXBTCD-25MAY2222-T111499.99,DELTA,67,14,72,1100,13,no,11,-1250
2025-05-22T18:03:43.501820,KXBTCD-25MAY2222-T111499.99,DELTA,67,14,72,1100,14,yes,66,1000
2025-05-22T18:03:43.683519,KXBTCD-25MAY2222-T111499.99,DELTA,67,14,72,1100,15,yes,10,-3240
2025-05-22T18:03:43.683680,KXBTCD-25MAY2222-T111499.99,DELTA,67,14,72,1100,16,yes,14,2314
2025-05-22T18:03:43.741119,KXBTCD-25MAY2222-T111499.99,DELTA,67,14,72,1100,17,yes,11,-20000
2025-05-22T18:03:45.701677,KXBTCD-25MAY2222-T111499.99,DELTA,67,14,72,1100,18,no,11,1250
2025-05-22T18:03:46.265014,KXBTCD-25MAY2222-T111499.99,DELTA,67,14,72,1100,19,no,10,-3240
2025-05-22T18:03:46.265177,KXBTCD-25MAY2222-T111499.99,DELTA,67,14,72,1100,20,no,4,8100
2025-05-22T18:03:46.322597,KXBTCD-25MAY2222-T111499.99,DELTA,67,14,72,1100,21,no,11,-20000
2025-05-22T18:03:46.341796,KXBTCD-25MAY2222-T111499.99,DELTA,67,14,72,1100,22,no,11,-2000
2025-05-22T18:03:46.341987,KXBTCD-25MAY2222-T111499.99,DELTA,67,14,72,1100,23,no,11,-1250
2025-05-22T18:03:46.382325,KXBTCD-25MAY2222-T111499.99,DELTA,67,14,72,1100,24,no,5,20000
2025-05-22T18:03:46.382493,KXBTCD-25MAY2222-T111499.99,DELTA,67,14,72,1100,25,no,5,2000
2025-05-22T18:03:46.442879,KXBTCD-25MAY2222-T111499.99,DELTA,67,14,72,1000,26,no,28,-100
2025-05-22T18:03:46.505411,KXBTCD-25MAY2222-T111499.99,DELTA,67,14,76,14,27,no,28,-1000
2025-05-22T18:03:46.562014,KXBTCD-25MAY2222-T111499.99,DELTA,67,14,76,1014,28,no,24,1000
2025-05-22T18:03:46.623220,KXBTCD-25MAY2222-T111499.99,DELTA,67,14,76,1014,29,no,10,9
2025-05-22T18:03:47.523005,KXBTCD-25MAY2222-T111499.99,DELTA,67,14,76,1014,30,no,4,-8100
2025-05-22T18:03:47.523150,KXBTCD-25MAY2222-T111499.99,DELTA,67,14,76,1014,31,no,6,5400
2025-05-22T18:03:47.582987,KXBTCD-25MAY2222-T111499.99,DELTA,67,14,76,1014,32,no,5,-20000
2025-05-22T18:03:47.583123,KXBTCD-25MAY2222-T111499.99,DELTA,67,14,76,1014,33,no,5,-2000
2025-05-22T18:03:47.622445,KXBTCD-25MAY2222-T111499.99,DELTA,67,14,76,1014,34,no,7,20000
2025-05-22T18:03:47.622543,KXBTCD-25MAY2222-T111499.99,DELTA,67,14,76,1014,35,no,10,-9
2025-05-22T18:03:47.622601,KXBTCD-25MAY2222-T111499.99,DELTA,67,14,76,1014,36,no,7,2000
2025-05-22T18:03:47.822079,KXBTCD-25MAY2222-T111499.99,DELTA,67,14,76,1014,37,yes,66,-1000
2025-05-22T18:03:47.882344,KXBTCD-25MAY2222-T111499.99,DELTA,67,14,76,1014,38,yes,65,1000
2025-05-22T18:03:48.104059,KXBTCD-25MAY2222-T111499.99,DELTA,67,14,76,1014,39,yes,65,-1000
2025-05-22T18:03:48.162751,KXBTCD-25MAY2222-T111499.99,DELTA,67,14,76,1014,40,yes,64,1000
2025-05-22T18:03:48.761897,KXBTCD-25MAY2222-T111499.99,DELTA,67,14,76,1014,41,no,6,-5400
2025-05-22T18:03:48.762063,KXBTCD-25MAY2222-T111499.99,DELTA,67,14,76,1014,42,no,8,4050
2025-05-22T18:03:48.823090,KXBTCD-25MAY2222-T111499.99,DELTA,67,14,76,1014,43,no,7,-20000
2025-05-22T18:03:48.844580,KXBTCD-25MAY2222-T111499.99,DELTA,67,14,76,1014,44,no,7,-2000
2025-05-22T18:03:48.882952,KXBTCD-25MAY2222-T111499.99,DELTA,67,14,76,1014,45,no,9,20000
2025-05-22T18:03:48.924799,KXBTCD-25MAY2222-T111499.99,DELTA,67,14,76,1014,46,no,9,2000
2025-05-22T18:03:48.924912,KXBTCD-25MAY2222-T111499.99,DELTA,67,14,76,1014,47,yes,64,-100
2025-05-22T18:03:49.016344,KXBTCD-25MAY2222-T111499.99,DELTA,67,14,76,1014,48,yes,64,-1000
2025-05-22T18:03:49.022564,KXBTCD-25MAY2222-T111499.99,DELTA,67,14,76,1014,49,yes,41,1000
2025-05-22T18:03:49.162347,KXBTCD-25MAY2222-T111499.99,DELTA,67,14,71,100,50,no,29,100
2025-05-22T18:03:49.223172,KXBTCD-25MAY2222-T111499.99,DELTA,67,14,71,100,51,no,24,-1000
2025-05-22T18:03:49.280572,KXBTCD-25MAY2222-T111499.99,DELTA,67,14,70,1000,52,no,30,1000
2025-05-22T18:03:49.768496,KXBTCD-25MAY2222-T111499.99,DELTA,67,14,70,1000,53,no,29,-100
2025-05-22T18:03:49.841836,KXBTCD-25MAY2222-T111499.99,DELTA,67,14,76,14,54,no,30,-1000
2025-05-22T18:03:49.883691,KXBTCD-25MAY2222-T111499.99,DELTA,67,14,76,14,55,yes,43,9
2025-05-22T18:03:49.883844,KXBTCD-25MAY2222-T111499.99,DELTA,67,14,76,1014,56,no,24,1000
2025-05-22T18:03:49.982424,KXBTCD-25MAY2222-T111499.99,DELTA,67,14,76,1014,57,no,8,-4050
2025-05-22T18:03:49.982586,KXBTCD-25MAY2222-T111499.99,DELTA,67,14,76,1014,58,no,4,8100
2025-05-22T18:03:50.082269,KXBTCD-25MAY2222-T111499.99,DELTA,67,14,76,1014,59,no,9,-20000
2025-05-22T18:03:50.103119,KXBTCD-25MAY2222-T111499.99,DELTA,67,14,76,1014,60,no,9,-2000
2025-05-22T18:03:50.141690,KXBTCD-25MAY2222-T111499.99,DELTA,67,14,76,1014,61,no,5,2000
2025-05-22T18:03:50.141817,KXBTCD-25MAY2222-T111499.99,DELTA,67,14,76,1014,62,no,5,20000
2025-05-22T18:03:50.422833,KXBTCD-25MAY2222-T111499.99,DELTA,67,14,76,1014,63,yes,64,30
2025-05-22T18:03:50.422976,KXBTCD-25MAY2222-T111499.99,DELTA,67,14,76,1014,64,yes,66,-30
2025-05-22T18:03:50.444759,KXBTCD-25MAY2222-T111499.99,DELTA,67,14,76,1014,65,no,23,-30
2025-05-22T18:03:50.444858,KXBTCD-25MAY2222-T111499.99,DELTA,67,14,75,30,66,no,25,30
2025-05-22T18:03:50.482597,KXBTCD-25MAY2222-T111499.99,DELTA,67,14,75,30,67,yes,41,-1000
2025-05-22T18:03:50.501655,KXBTCD-25MAY2222-T111499.99,DELTA,67,14,75,30,68,no,24,-1000
2025-05-22T18:03:50.525602,KXBTCD-25MAY2222-T111499.99,DELTA,67,14,75,30,69,yes,65,1000
2025-05-22T18:03:50.542044,KXBTCD-25MAY2222-T111499.99,DELTA,67,14,74,1000,70,no,26,1000
2025-05-22T18:03:50.542151,KXBTCD-25MAY2222-T111499.99,DELTA,65,1000,74,1000,71,yes,67,-14
2025-05-22T18:03:50.542212,KXBTCD-25MAY2222-T111499.99,DELTA,65,1014,74,1000,72,yes,65,14
2025-05-22T18:03:50.542272,KXBTCD-25MAY2222-T111499.99,DELTA,65,1014,74,1000,73,no,24,-14
2025-05-22T18:03:50.542330,KXBTCD-25MAY2222-T111499.99,DELTA,65,1014,74,1014,74,no,26,14
2025-05-22T18:03:50.643159,KXBTCD-25MAY2222-T111499.99,DELTA,65,1014,74,1014,75,yes,43,-9
2025-05-22T18:03:50.643258,KXBTCD-25MAY2222-T111499.99,DELTA,65,1014,74,1014,76,no,10,9
2025-05-22T18:03:50.982875,KXBTCD-25MAY2222-T111499.99,DELTA,65,14,74,1014,77,yes,65,-1000
2025-05-22T18:03:51.023301,KXBTCD-25MAY2222-T111499.99,DELTA,65,14,74,1014,78,yes,41,1000
2025-05-22T18:03:51.222854,KXBTCD-25MAY2222-T111499.99,DELTA,65,14,74,1014,79,no,4,-8100
2025-05-22T18:03:51.223010,KXBTCD-25MAY2222-T111499.99,DELTA,65,14,74,1014,80,no,6,5400
2025-05-22T18:03:51.282684,KXBTCD-25MAY2222-T111499.99,DELTA,65,14,74,1014,81,no,5,-20000
2025-05-22T18:03:51.282842,KXBTCD-25MAY2222-T111499.99,DELTA,65,14,74,1014,82,no,5,-2000
2025-05-22T18:03:51.322161,KXBTCD-25MAY2222-T111499.99,DELTA,65,14,74,1014,83,no,7,2000
2025-05-22T18:03:51.322274,KXBTCD-25MAY2222-T111499.99,DELTA,65,14,74,1014,84,no,7,20000
2025-05-22T18:03:51.401278,KXBTCD-25MAY2222-T111499.99,DELTA,65,14,74,1014,85,yes,43,9
2025-05-22T18:03:51.401416,KXBTCD-25MAY2222-T111499.99,DELTA,65,14,74,1014,86,no,10,-9
2025-05-22T18:03:52.602088,KXBTCD-25MAY2222-T111499.99,DELTA,65,14,74,1014,87,yes,61,100
2025-05-22T18:03:52.602203,KXBTCD-25MAY2222-T111499.99,DELTA,65,14,70,100,88,no,30,100
2025-05-22T18:03:52.661448,KXBTCD-25MAY2222-T111499.99,DELTA,65,14,70,100,89,yes,41,-1000
2025-05-22T18:03:52.661549,KXBTCD-25MAY2222-T111499.99,DELTA,65,14,70,100,90,no,26,-1000
2025-05-22T18:03:52.721367,KXBTCD-25MAY2222-T111499.99,DELTA,65,14,69,1000,91,no,31,1000
2025-05-22T18:03:52.721507,KXBTCD-25MAY2222-T111499.99,DELTA,65,14,69,1000,92,yes,62,1000
2025-05-22T18:03:53.349878,KXBTCD-25MAY2222-T111499.99,DELTA,65,14,69,1000,93,yes,61,-100
2025-05-22T18:03:53.402267,KXBTCD-25MAY2222-T111499.99,DELTA,65,14,69,1000,94,yes,62,-1000
2025-05-22T18:03:53.442944,KXBTCD-25MAY2222-T111499.99,DELTA,65,14,69,1000,95,yes,41,1000
2025-05-22T18:03:53.582808,KXBTCD-25MAY2222-T111499.99,DELTA,65,14,69,1000,96,no,30,-100
2025-05-22T18:03:53.642019,KXBTCD-25MAY2222-T111499.99,DELTA,65,14,74,14,97,no,31,-1000
2025-05-22T18:03:53.681958,KXBTCD-25MAY2222-T111499.99,DELTA,65,14,74,1014,98,no,26,1000
2025-05-22T18:03:55.804062,KXBTCD-25MAY2222-T111499.99,DELTA,65,14,74,1014,99,yes,61,100
2025-05-22T18:03:55.804232,KXBTCD-25MAY2222-T111499.99,DELTA,65,14,69,100,100,no,31,100
2025-05-22T18:03:55.844178,KXBTCD-25MAY2222-T111499.99,DELTA,65,14,69,100,101,no,6,-5400
2025-05-22T18:03:55.844326,KXBTCD-25MAY2222-T111499.99,DELTA,65,14,69,100,102,no,8,4050
2025-05-22T18:03:55.862301,KXBTCD-25MAY2222-T111499.99,DELTA,65,14,69,100,103,yes,41,-1000
2025-05-22T18:03:55.882565,KXBTCD-25MAY2222-T111499.99,DELTA,65,14,69,100,104,no,26,-1000
2025-05-22T18:03:55.922087,KXBTCD-25MAY2222-T111499.99,DELTA,65,14,69,100,105,no,7,-20000
2025-05-22T18:03:55.922173,KXBTCD-25MAY2222-T111499.99,DELTA,65,14,69,100,106,no,27,9
2025-05-22T18:03:55.922246,KXBTCD-25MAY2222-T111499.99,DELTA,65,14,69,100,107,yes,62,1000
2025-05-22T18:03:55.922310,KXBTCD-25MAY2222-T111499.99,DELTA,65,14,69,100,108,no,7,-2000
2025-05-22T18:03:55.942515,KXBTCD-25MAY2222-T111499.99,DELTA,65,14,69,1100,109,no,31,1000
2025-05-22T18:03:55.962835,KXBTCD-25MAY2222-T111499.99,DELTA,65,14,69,1100,110,no,9,2000
2025-05-22T18:03:55.962944,KXBTCD-25MAY2222-T111499.99,DELTA,65,14,69,1100,111,no,9,20000
2025-05-22T18:03:56.701899,KXBTCD-25MAY2222-T111499.99,DELTA,65,14,69,100,112,no,31,-1000
2025-05-22T18:03:56.764045,KXBTCD-25MAY2222-T111499.99,DELTA,65,14,68,1000,113,no,32,1000
2025-05-22T18:03:56.823938,KXBTCD-25MAY2222-T111499.99,DELTA,65,14,68,1000,114,yes,43,-9
2025-05-22T18:03:57.140883,KXBTCD-25MAY2222-T111499.99,DELTA,65,14,68,1000,115,yes,64,-30
2025-05-22T18:03:57.141001,KXBTCD-25MAY2222-T111499.99,DELTA,65,14,68,1000,116,yes,63,14
2025-05-22T18:03:57.141315,KXBTCD-25MAY2222-T111499.99,DELTA,65,14,68,1000,117,yes,62,30
2025-05-22T18:03:57.141408,KXBTCD-25MAY2222-T111499.99,DELTA,65,14,68,1000,118,no,27,30
2025-05-22T18:03:57.141484,KXBTCD-25MAY2222-T111499.99,DELTA,65,14,68,1000,119,no,25,-30
2025-05-22T18:03:57.141563,KXBTCD-25MAY2222-T111499.99,DELTA,65,14,68,1000,120,no,28,14
2025-05-22T18:03:57.141630,KXBTCD-25MAY2222-T111499.99,DELTA,63,34,68,1000,121,yes,65,-14
2025-05-22T18:03:57.141694,KXBTCD-25MAY2222-T111499.99,DELTA,63,34,68,1000,122,no,26,-14
2025-05-22T18:03:57.141761,KXBTCD-25MAY2222-T111499.99,DELTA,63,34,68,1000,123,yes,62,-1000
2025-05-22T18:03:57.142532,KXBTCD-25MAY2222-T111499.99,DELTA,63,1034,68,1000,124,yes,63,1000
2025-05-22T18:03:58.483479,KXBTCD-25MAY2222-T111499.99,DELTA,63,1034,68,1000,125,no,8,-4050
2025-05-22T18:03:58.483706,KXBTCD-25MAY2222-T111499.99,DELTA,63,1034,68,1000,126,no,4,8100
2025-05-22T18:03:58.544219,KXBTCD-25MAY2222-T111499.99,DELTA,63,1034,68,1000,127,no,9,-20000
2025-05-22T18:03:58.563973,KXBTCD-25MAY2222-T111499.99,DELTA,63,1034,68,1000,128,no,9,-2000
2025-05-22T18:03:58.582858,KXBTCD-25MAY2222-T111499.99,DELTA,63,1034,68,1000,129,no,27,-9
2025-05-22T18:03:58.601071,KXBTCD-25MAY2222-T111499.99,DELTA,63,1034,68,1000,130,no,5,2000
2025-05-22T18:03:58.601197,KXBTCD-25MAY2222-T111499.99,DELTA,63,34,68,1000,131,yes,63,-1000
2025-05-22T18:03:58.601293,KXBTCD-25MAY2222-T111499.99,DELTA,63,34,68,1000,132,no,5,20000
2025-05-22T18:03:58.643046,KXBTCD-25MAY2222-T111499.99,DELTA,63,34,68,1000,133,yes,61,1000
2025-05-22T18:03:59.805125,KXBTCD-25MAY2222-T111499.99,DELTA,63,34,68,1000,134,yes,61,-1000
2025-05-22T18:03:59.805614,KXBTCD-25MAY2222-T111499.99,DELTA,63,34,68,1000,135,no,4,-8100
2025-05-22T18:03:59.806061,KXBTCD-25MAY2222-T111499.99,DELTA,63,34,68,1000,136,no,6,5400
2025-05-22T18:03:59.806177,KXBTCD-25MAY2222-T111499.99,DELTA,63,34,68,1000,137,yes,62,1000
2025-05-22T18:03:59.806262,KXBTCD-25MAY2222-T111499.99,DELTA,63,34,68,1000,138,no,5,-20000
2025-05-22T18:03:59.822606,KXBTCD-25MAY2222-T111499.99,DELTA,63,34,68,1000,139,no,5,-2000
2025-05-22T18:03:59.822848,KXBTCD-25MAY2222-T111499.99,DELTA,63,34,68,1000,140,yes,43,9
2025-05-22T18:03:59.862741,KXBTCD-25MAY2222-T111499.99,DELTA,63,34,68,1000,141,no,7,2000
2025-05-22T18:03:59.862895,KXBTCD-25MAY2222-T111499.99,DELTA,63,34,68,1000,142,no,7,20000
2025-05-22T18:04:00.903388,KXBTCD-25MAY2222-T111499.99,DELTA,63,34,68,1000,143,no,6,-5400
2025-05-22T18:04:00.903709,KXBTCD-25MAY2222-T111499.99,DELTA,63,34,68,1000,144,no,8,4050
2025-05-22T18:04:00.962477,KXBTCD-25MAY2222-T111499.99,DELTA,63,34,68,1000,145,no,7,-20000
2025-05-22T18:04:00.983350,KXBTCD-25MAY2222-T111499.99,DELTA,63,34,68,1000,146,no,7,-2000
2025-05-22T18:04:01.023393,KXBTCD-25MAY2222-T111499.99,DELTA,63,34,68,1000,147,yes,43,-9
2025-05-22T18:04:01.024053,KXBTCD-25MAY2222-T111499.99,DELTA,63,34,68,1000,148,no,9,2000
2025-05-22T18:04:01.024486,KXBTCD-25MAY2222-T111499.99,DELTA,63,34,68,1000,149,no,9,20000
2025-05-22T18:04:01.162411,KXBTCD-25MAY2222-T111499.99,DELTA,63,34,68,1000,150,yes,62,-1000
2025-05-22T18:04:01.201969,KXBTCD-25MAY2222-T111499.99,DELTA,63,1034,68,1000,151,yes,63,1000
2025-05-22T18:04:01.543101,KXBTCD-25MAY2222-T111499.99,DELTA,63,1034,69,100,152,no,32,-1000
2025-05-22T18:04:01.581958,KXBTCD-25MAY2222-T111499.99,DELTA,63,1034,69,1100,153,no,31,1000
2025-05-22T18:04:02.003692,KXBTCD-25MAY2222-T111499.99,DELTA,63,1034,69,1100,154,no,8,-4050
2025-05-22T18:04:02.003992,KXBTCD-25MAY2222-T111499.99,DELTA,63,1034,69,1100,155,no,4,8100
2025-05-22T18:04:02.063627,KXBTCD-25MAY2222-T111499.99,DELTA,63,1034,69,1100,156,no,9,-20000
2025-05-22T18:04:02.081907,KXBTCD-25MAY2222-T111499.99,DELTA,63,1034,69,1100,157,no,9,-2000
2025-05-22T18:04:02.122712,KXBTCD-25MAY2222-T111499.99,DELTA,63,1034,69,1100,158,no,5,2000
2025-05-22T18:04:02.122921,KXBTCD-25MAY2222-T111499.99,DELTA,63,1034,69,1100,159,no,5,20000
2025-05-22T18:04:02.523162,KXBTCD-25MAY2222-T111499.99,DELTA,63,1034,69,1100,160,yes,61,-100
2025-05-22T18:04:03.183708,KXBTCD-25MAY2222-T111499.99,DELTA,63,1034,69,1100,161,no,4,-8100
2025-05-22T18:04:03.184090,KXBTCD-25MAY2222-T111499.99,DELTA,63,1034,69,1100,162,no,6,5400
2025-05-22T18:04:03.318194,KXBTCD-25MAY2222-T111499.99,DELTA,63,1034,69,1100,163,no,5,-20000
2025-05-22T18:04:03.498264,KXBTCD-25MAY2222-T111499.99,DELTA,63,1034,69,1100,164,no,5,-2000
2025-05-22T18:04:03.498432,KXBTCD-25MAY2222-T111499.99,DELTA,63,1034,69,1100,165,no,7,2000
2025-05-22T18:04:03.498526,KXBTCD-25MAY2222-T111499.99,DELTA,63,1034,69,1100,166,no,7,20000
2025-05-22T18:04:03.762653,KXBTCD-25MAY2222-T111499.99,DELTA,63,1034,69,1100,167,yes,62,100
2025-05-22T18:04:05.084678,KXBTCD-25MAY2222-T111499.99,DELTA,63,34,69,1100,168,yes,63,-1000
2025-05-22T18:04:05.085540,KXBTCD-25MAY2222-T111499.99,DELTA,63,34,69,100,169,no,31,-1000
2025-05-22T18:04:05.143473,KXBTCD-25MAY2222-T111499.99,DELTA,63,34,69,100,170,yes,41,1000
2025-05-22T18:04:05.144024,KXBTCD-25MAY2222-T111499.99,DELTA,63,34,68,1000,171,no,32,1000
2025-05-22T18:04:05.202090,KXBTCD-25MAY2222-T111499.99,DELTA,63,34,68,1000,172,yes,43,9
2025-05-22T18:04:05.202543,KXBTCD-25MAY2222-T111499.99,DELTA,63,34,68,1000,173,no,10,9
2025-05-22T18:04:05.461930,KXBTCD-25MAY2222-T111499.99,DELTA,63,34,68,1000,174,yes,61,30
2025-05-22T18:04:05.481526,KXBTCD-25MAY2222-T111499.99,DELTA,63,34,68,1000,175,yes,62,-30
2025-05-22T18:04:05.481673,KXBTCD-25MAY2222-T111499.99,DELTA,63,34,68,1000,176,no,28,30
2025-05-22T18:04:05.481784,KXBTCD-25MAY2222-T111499.99,DELTA,63,34,68,1000,177,yes,13,-8000
2025-05-22T18:04:05.481873,KXBTCD-25MAY2222-T111499.99,DELTA,63,34,68,1000,178,no,27,-30
2025-05-22T18:04:05.502364,KXBTCD-25MAY2222-T111499.99,DELTA,63,20,68,1000,179,yes,63,-14
2025-05-22T18:04:05.522859,KXBTCD-25MAY2222-T111499.99,DELTA,63,20,68,1000,180,no,28,-14
2025-05-22T18:04:05.523123,KXBTCD-25MAY2222-T111499.99,DELTA,63,20,68,1000,181,yes,62,14
2025-05-22T18:04:05.523234,KXBTCD-25MAY2222-T111499.99,DELTA,63,20,68,1000,182,yes,40,-200
2025-05-22T18:04:05.523344,KXBTCD-25MAY2222-T111499.99,DELTA,63,20,68,1000,183,yes,30,200
2025-05-22T18:04:05.523437,KXBTCD-25MAY2222-T111499.99,DELTA,63,20,68,1000,184,no,29,14
2025-05-22T18:04:05.542266,KXBTCD-25MAY2222-T111499.99,DELTA,63,20,68,1000,185,yes,1,8000
2025-05-22T18:04:05.561467,KXBTCD-25MAY2222-T111499.99,DELTA,63,20,68,1000,186,no,10,200
2025-05-22T18:04:05.601485,KXBTCD-25MAY2222-T111499.99,DELTA,63,20,68,1000,187,yes,41,-2000
2025-05-22T18:04:05.601998,KXBTCD-25MAY2222-T111499.99,DELTA,63,20,68,1000,188,yes,41,-1000
2025-05-22T18:04:05.622303,KXBTCD-25MAY2222-T111499.99,DELTA,63,20,68,1000,189,no,7,-2000
2025-05-22T18:04:05.642690,KXBTCD-25MAY2222-T111499.99,DELTA,63,20,68,1000,190,yes,31,1000
2025-05-22T18:04:05.661935,KXBTCD-25MAY2222-T111499.99,DELTA,63,20,68,1000,191,yes,31,2000
2025-05-22T18:04:05.682187,KXBTCD-25MAY2222-T111499.99,DELTA,63,20,68,1000,192,no,11,2000
2025-05-22T18:04:06.063217,KXBTCD-25MAY2222-T111499.99,DELTA,63,20,68,1000,193,no,31,-100
2025-05-22T18:04:06.082387,KXBTCD-25MAY2222-T111499.99,DELTA,63,20,68,1000,194,yes,62,-100
2025-05-22T18:04:06.121795,KXBTCD-25MAY2222-T111499.99,DELTA,63,20,71,14,195,no,32,-1000
2025-05-22T18:04:06.162862,KXBTCD-25MAY2222-T111499.99,DELTA,63,20,71,1014,196,no,29,1000
2025-05-22T18:04:06.181927,KXBTCD-25MAY2222-T111499.99,DELTA,63,20,71,1014,197,no,10,-9
2025-05-22T18:04:07.844821,KXBTCD-25MAY2222-T111499.99,DELTA,63,20,71,1014,198,yes,14,-2314
2025-05-22T18:04:07.845494,KXBTCD-25MAY2222-T111499.99,DELTA,63,20,71,1014,199,yes,4,8100
2025-05-22T18:04:07.846005,KXBTCD-25MAY2222-T111499.99,DELTA,63,20,66,100,200,no,34,100
2025-05-22T18:04:07.862619,KXBTCD-25MAY2222-T111499.99,DELTA,63,20,66,100,201,yes,58,100
2025-05-22T18:04:07.915250,KXBTCD-25MAY2222-T111499.99,DELTA,63,20,66,100,202,no,6,-5400
2025-05-22T18:04:07.915545,KXBTCD-25MAY2222-T111499.99,DELTA,63,20,66,100,203,no,8,4050
2025-05-22T18:04:07.922766,KXBTCD-25MAY2222-T111499.99,DELTA,63,20,66,100,204,no,29,-1000
2025-05-22T18:04:07.923029,KXBTCD-25MAY2222-T111499.99,DELTA,63,20,66,100,205,yes,5,20000
2025-05-22T18:04:07.982309,KXBTCD-25MAY2222-T111499.99,DELTA,63,20,66,100,206,no,7,-20000
2025-05-22T18:04:07.982467,KXBTCD-25MAY2222-T111499.99,DELTA,63,20,66,100,207,no,30,9
2025-05-22T18:04:07.982571,KXBTCD-25MAY2222-T111499.99,DELTA,63,20,65,1000,208,no,35,1000
2025-05-22T18:04:08.022729,KXBTCD-25MAY2222-T111499.99,DELTA,63,20,65,1000,209,no,9,20000
2025-05-22T18:04:08.324046,KXBTCD-25MAY2222-T111499.99,DELTA,63,20,65,1000,210,yes,60,14
2025-05-22T18:04:08.325106,KXBTCD-25MAY2222-T111499.99,DELTA,63,20,65,1000,211,yes,62,-14
2025-05-22T18:04:08.325985,KXBTCD-25MAY2222-T111499.99,DELTA,63,20,65,1000,212,yes,59,30
2025-05-22T18:04:08.357377,KXBTCD-25MAY2222-T111499.99,DELTA,63,20,65,1000,213,yes,61,-30
2025-05-22T18:04:08.357914,KXBTCD-25MAY2222-T111499.99,DELTA,63,20,65,1000,214,no,29,-14
2025-05-22T18:04:08.358366,KXBTCD-25MAY2222-T111499.99,DELTA,63,20,65,1000,215,no,31,14
2025-05-22T18:04:08.358808,KXBTCD-25MAY2222-T111499.99,DELTA,63,20,65,1000,216,no,30,30
2025-05-22T18:04:08.359283,KXBTCD-25MAY2222-T111499.99,DELTA,63,20,65,1000,217,yes,42,-3000
2025-05-22T18:04:08.359795,KXBTCD-25MAY2222-T111499.99,DELTA,63,20,65,1000,218,no,28,-30
2025-05-22T18:04:08.422731,KXBTCD-25MAY2222-T111499.99,DELTA,63,20,65,1000,219,no,9,-3000
2025-05-22T18:04:08.423551,KXBTCD-25MAY2222-T111499.99,DELTA,63,20,65,1000,220,yes,34,3000
2025-05-22T18:04:08.471450,KXBTCD-25MAY2222-T111499.99,DELTA,63,20,65,1000,221,no,16,3000
2025-05-22T18:04:10.472355,KXBTCD-25MAY2222-T111499.99,DELTA,63,20,65,1000,222,yes,4,-8100
2025-05-22T18:04:10.473395,KXBTCD-25MAY2222-T111499.99,DELTA,63,20,65,1000,223,yes,6,5400
2025-05-22T18:04:10.525946,KXBTCD-25MAY2222-T111499.99,DELTA,63,20,65,1000,224,no,8,-4050
2025-05-22T18:04:10.526775,KXBTCD-25MAY2222-T111499.99,DELTA,63,20,65,1000,225,no,4,8100
2025-05-22T18:04:10.583211,KXBTCD-25MAY2222-T111499.99,DELTA,63,20,65,1000,226,yes,5,-20000
2025-05-22T18:04:10.583857,KXBTCD-25MAY2222-T111499.99,DELTA,63,20,65,1000,227,no,34,-100
2025-05-22T18:04:10.605414,KXBTCD-25MAY2222-T111499.99,DELTA,63,20,65,1000,228,no,9,-20000
2025-05-22T18:04:10.623037,KXBTCD-25MAY2222-T111499.99,DELTA,63,20,65,1000,229,yes,7,20000
2025-05-22T18:04:10.643037,KXBTCD-25MAY2222-T111499.99,DELTA,63,20,69,14,230,no,35,-1000
2025-05-22T18:04:10.643296,KXBTCD-25MAY2222-T111499.99,DELTA,63,20,69,14,231,no,5,20000
2025-05-22T18:04:10.702298,KXBTCD-25MAY2222-T111499.99,DELTA,63,20,69,1014,232,no,31,1000
2025-05-22T18:04:10.824182,KXBTCD-25MAY2222-T111499.99,DELTA,63,20,69,1014,233,no,30,-9
2025-05-22T18:04:10.825014,KXBTCD-25MAY2222-T111499.99,DELTA,63,20,69,1014,234,yes,35,9
2025-05-22T18:04:10.825759,KXBTCD-25MAY2222-T111499.99,DELTA,63,20,69,1014,235,yes,43,-9
2025-05-22T18:04:11.362963,KXBTCD-25MAY2222-T111499.99,DELTA,63,20,69,1014,236,yes,58,14
2025-05-22T18:04:11.363447,KXBTCD-25MAY2222-T111499.99,DELTA,63,20,69,1014,237,yes,60,-14
2025-05-22T18:04:11.384344,KXBTCD-25MAY2222-T111499.99,DELTA,63,20,69,1014,238,yes,59,-30
2025-05-22T18:04:11.385063,KXBTCD-25MAY2222-T111499.99,DELTA,63,20,69,1000,239,no,31,-14
2025-05-22T18:04:11.385426,KXBTCD-25MAY2222-T111499.99,DELTA,63,20,67,14,240,no,33,14
2025-05-22T18:04:11.385730,KXBTCD-25MAY2222-T111499.99,DELTA,63,20,67,14,241,yes,57,30
2025-05-22T18:04:11.386009,KXBTCD-25MAY2222-T111499.99,DELTA,63,20,67,14,242,no,30,-30
2025-05-22T18:04:11.386251,KXBTCD-25MAY2222-T111499.99,DELTA,63,20,67,14,243,no,32,30
2025-05-22T18:04:11.463759,KXBTCD-25MAY2222-T111499.99,DELTA,63,20,67,13,244,no,33,-1
2025-05-22T18:04:11.522942,KXBTCD-25MAY2222-T111499.99,DELTA,63,20,67,13,245,no,31,-1000
2025-05-22T18:04:11.582519,KXBTCD-25MAY2222-T111499.99,DELTA,63,20,67,1013,246,no,33,1000
2025-05-22T18:04:11.762267,KXBTCD-25MAY2222-T111499.99,DELTA,63,20,67,1013,247,yes,6,-5400
2025-05-22T18:04:11.762548,KXBTCD-25MAY2222-T111499.99,DELTA,63,20,67,1013,248,yes,8,4050
2025-05-22T18:04:11.821869,KXBTCD-25MAY2222-T111499.99,DELTA,63,20,67,1013,249,no,4,-8100
2025-05-22T18:04:11.822209,KXBTCD-25MAY2222-T111499.99,DELTA,63,20,67,1013,250,no,6,5400
2025-05-22T18:04:11.822323,KXBTCD-25MAY2222-T111499.99,DELTA,63,20,67,1013,251,yes,7,-20000
2025-05-22T18:04:11.863507,KXBTCD-25MAY2222-T111499.99,DELTA,63,20,67,1013,252,yes,9,20000
2025-05-22T18:04:11.881730,KXBTCD-25MAY2222-T111499.99,DELTA,63,20,67,1013,253,no,5,-20000
2025-05-22T18:04:11.923657,KXBTCD-25MAY2222-T111499.99,DELTA,63,20,67,1013,254,no,7,20000
2025-05-22T18:04:12.190471,KXBTCD-25MAY2222-T111499.99,DELTA,63,20,67,1013,255,yes,58,-100
2025-05-22T18:04:12.322085,KXBTCD-25MAY2222-T111499.99,DELTA,63,20,67,1013,256,yes,59,8
2025-05-22T18:04:12.322383,KXBTCD-25MAY2222-T111499.99,DELTA,63,20,67,1013,257,yes,35,-9
2025-05-22T18:04:12.322497,KXBTCD-25MAY2222-T111499.99,DELTA,63,20,65,100,258,no,35,100
2025-05-22T18:04:12.341236,KXBTCD-25MAY2222-T111499.99,DELTA,63,20,65,100,259,yes,35,1
2025-05-22T18:04:12.385725,KXBTCD-25MAY2222-T111499.99,DELTA,63,20,65,100,260,no,33,-1000
2025-05-22T18:04:12.442532,KXBTCD-25MAY2222-T111499.99,DELTA,63,20,64,1000,261,no,36,1000
2025-05-22T18:04:12.982405,KXBTCD-25MAY2222-T111499.99,DELTA,63,20,64,1000,262,yes,8,-4050
2025-05-22T18:04:12.982695,KXBTCD-25MAY2222-T111499.99,DELTA,63,20,64,1000,263,yes,10,3240
2025-05-22T18:04:13.042488,KXBTCD-25MAY2222-T111499.99,DELTA,63,20,64,1000,264,yes,9,-20000
2025-05-22T18:04:13.042820,KXBTCD-25MAY2222-T111499.99,DELTA,63,20,64,1000,265,no,6,-5400
2025-05-22T18:04:13.043257,KXBTCD-25MAY2222-T111499.99,DELTA,63,20,64,1000,266,no,4,8100
2025-05-22T18:04:13.081712,KXBTCD-25MAY2222-T111499.99,DELTA,63,20,64,1000,267,no,35,-100
2025-05-22T18:04:13.082146,KXBTCD-25MAY2222-T111499.99,DELTA,63,20,64,1000,268,yes,11,20000
2025-05-22T18:04:13.102583,KXBTCD-25MAY2222-T111499.99,DELTA,63,20,64,1000,269,no,7,-20000
2025-05-22T18:04:13.144119,KXBTCD-25MAY2222-T111499.99,DELTA,63,20,64,1000,270,no,5,20000
2025-05-22T18:04:13.144614,KXBTCD-25MAY2222-T111499.99,DELTA,63,20,67,13,271,no,36,-1000
2025-05-22T18:04:13.183088,KXBTCD-25MAY2222-T111499.99,DELTA,63,20,67,1013,272,no,33,1000
2025-05-22T18:04:14.302185,KXBTCD-25MAY2222-T111499.99,DELTA,63,20,67,1013,273,yes,10,-3240
2025-05-22T18:04:14.303786,KXBTCD-25MAY2222-T111499.99,DELTA,63,20,67,1013,274,yes,12,2700
2025-05-22T18:04:14.343926,KXBTCD-25MAY2222-T111499.99,DELTA,63,20,67,1013,275,no,4,-8100
2025-05-22T18:04:14.344655,KXBTCD-25MAY2222-T111499.99,DELTA,63,20,67,1013,276,no,5,6480
2025-05-22T18:04:14.362163,KXBTCD-25MAY2222-T111499.99,DELTA,63,20,67,1013,277,yes,11,-20000
2025-05-22T18:04:14.402531,KXBTCD-25MAY2222-T111499.99,DELTA,63,20,67,1013,278,no,5,-20000
2025-05-22T18:04:14.444841,KXBTCD-25MAY2222-T111499.99,DELTA,63,20,67,1013,279,no,6,20000
2025-05-22T18:04:14.543399,KXBTCD-25MAY2222-T111499.99,DELTA,63,20,64,100,280,no,36,100
2025-05-22T18:04:14.544173,KXBTCD-25MAY2222-T111499.99,DELTA,63,20,64,100,281,yes,56,100
2025-05-22T18:04:14.624026,KXBTCD-25MAY2222-T111499.99,DELTA,63,20,64,100,282,no,33,-1000
2025-05-22T18:04:14.662875,KXBTCD-25MAY2222-T111499.99,DELTA,59,8,64,100,283,yes,63,-20
2025-05-22T18:04:14.663695,KXBTCD-25MAY2222-T111499.99,DELTA,59,8,63,980,284,no,37,980
2025-05-22T18:04:15.462399,KXBTCD-25MAY2222-T111499.99,DELTA,59,8,63,980,285,yes,12,-2700
2025-05-22T18:04:15.463121,KXBTCD-25MAY2222-T111499.99,DELTA,59,8,63,980,286,yes,4,8100
2025-05-22T18:04:15.501993,KXBTCD-25MAY2222-T111499.99,DELTA,59,8,63,980,287,no,5,-6480
2025-05-22T18:04:15.502800,KXBTCD-25MAY2222-T111499.99,DELTA,59,8,63,980,288,no,4,8100
2025-05-22T18:04:15.623088,KXBTCD-25MAY2222-T111499.99,DELTA,59,8,63,980,289,yes,5,20000
2025-05-22T18:04:15.624174,KXBTCD-25MAY2222-T111499.99,DELTA,59,8,63,980,290,no,6,-20000
2025-05-22T18:04:15.663499,KXBTCD-25MAY2222-T111499.99,DELTA,59,8,63,980,291,no,5,20000
2025-05-22T18:04:16.143287,KXBTCD-25MAY2222-T111499.99,DELTA,59,8,63,980,292,no,36,-100
2025-05-22T18:04:16.163972,KXBTCD-25MAY2222-T111499.99,DELTA,59,8,63,980,293,yes,35,9
2025-05-22T18:04:16.164124,KXBTCD-25MAY2222-T111499.99,DELTA,59,8,63,980,294,yes,35,-1
2025-05-22T18:04:16.202806,KXBTCD-25MAY2222-T111499.99,DELTA,59,8,67,13,295,no,37,-980
2025-05-22T18:04:16.242468,KXBTCD-25MAY2222-T111499.99,DELTA,59,8,67,1013,296,no,33,1000
2025-05-22T18:04:16.622701,KXBTCD-25MAY2222-T111499.99,DELTA,58,14,67,1013,297,yes,59,-8
2025-05-22T18:04:18.622542,KXBTCD-25MAY2222-T111499.99,DELTA,58,14,64,100,298,no,36,100
2025-05-22T18:04:18.683179,KXBTCD-25MAY2222-T111499.99,DELTA,58,14,64,100,299,no,33,-1000
2025-05-22T18:04:18.723151,KXBTCD-25MAY2222-T111499.99,DELTA,58,14,63,1000,300,no,37,1000
2025-05-22T18:04:19.062683,KXBTCD-25MAY2222-T111499.99,DELTA,58,14,63,1000,301,no,36,-100
2025-05-22T18:04:19.123502,KXBTCD-25MAY2222-T111499.99,DELTA,58,14,67,13,302,no,37,-1000
2025-05-22T18:04:19.162783,KXBTCD-25MAY2222-T111499.99,DELTA,58,14,67,1013,303,no,33,1000
2025-05-22T18:04:20.843531,KXBTCD-25MAY2222-T111499.99,DELTA,58,14,64,100,304,no,36,100
2025-05-22T18:04:20.903621,KXBTCD-25MAY2222-T111499.99,DELTA,58,14,64,100,305,no,33,-1000
2025-05-22T18:04:20.942808,KXBTCD-25MAY2222-T111499.99,DELTA,58,14,63,1000,306,no,37,1000
2025-05-22T18:04:21.309161,KXBTCD-25MAY2222-T111499.99,DELTA,58,14,63,1000,307,no,36,-100
2025-05-22T18:04:21.309449,KXBTCD-25MAY2222-T111499.99,DELTA,58,14,67,13,308,no,37,-1000
2025-05-22T18:04:21.342281,KXBTCD-25MAY2222-T111499.99,DELTA,58,14,67,1013,309,no,33,1000
2025-05-22T18:04:21.403319,KXBTCD-25MAY2222-T111499.99,DELTA,58,14,67,1013,310,yes,4,-8100
2025-05-22T18:04:21.403581,KXBTCD-25MAY2222-T111499.99,DELTA,58,14,67,1013,311,yes,6,5400
2025-05-22T18:04:21.463280,KXBTCD-25MAY2222-T111499.99,DELTA,58,14,67,1013,312,yes,5,-20000
2025-05-22T18:04:21.463938,KXBTCD-25MAY2222-T111499.99,DELTA,58,14,67,1013,313,no,4,-8100
2025-05-22T18:04:21.464337,KXBTCD-25MAY2222-T111499.99,DELTA,58,14,67,1013,314,no,5,6480
2025-05-22T18:04:21.502597,KXBTCD-25MAY2222-T111499.99,DELTA,58,14,67,1013,315,yes,7,20000
2025-05-22T18:04:21.542186,KXBTCD-25MAY2222-T111499.99,DELTA,58,14,67,1013,316,no,5,-20000
2025-05-22T18:04:21.622338,KXBTCD-25MAY2222-T111499.99,DELTA,58,14,67,1013,317,no,6,20000
2025-05-22T18:04:23.046974,KXBTCD-25MAY2222-T111499.99,DELTA,58,14,63,100,318,no,37,100
2025-05-22T18:04:23.048194,KXBTCD-25MAY2222-T111499.99,DELTA,58,14,63,100,319,no,33,-1000
2025-05-22T18:04:23.102305,KXBTCD-25MAY2222-T111499.99,DELTA,58,14,62,1000,320,no,38,1000
2025-05-22T18:04:23.969278,KXBTCD-25MAY2222-T111499.99,DELTA,58,14,62,1000,321,yes,6,-5400
2025-05-22T18:04:23.970344,KXBTCD-25MAY2222-T111499.99,DELTA,58,14,62,1000,322,yes,8,4050
2025-05-22T18:04:23.971032,KXBTCD-25MAY2222-T111499.99,DELTA,58,14,62,1000,323,no,5,-6480
2025-05-22T18:04:23.971440,KXBTCD-25MAY2222-T111499.99,DELTA,58,14,62,1000,324,no,4,8100
2025-05-22T18:04:23.984371,KXBTCD-25MAY2222-T111499.99,DELTA,58,14,62,1000,325,yes,7,-20000
2025-05-22T18:04:24.022547,KXBTCD-25MAY2222-T111499.99,DELTA,58,14,62,1000,326,no,6,-20000
2025-05-22T18:04:24.022824,KXBTCD-25MAY2222-T111499.99,DELTA,58,14,62,1000,327,yes,9,20000
2025-05-22T18:04:24.063018,KXBTCD-25MAY2222-T111499.99,DELTA,58,14,62,1000,328,no,5,20000
2025-05-22T18:04:25.304390,KXBTCD-25MAY2222-T111499.99,DELTA,58,14,62,1000,329,yes,56,14
2025-05-22T18:04:25.304774,KXBTCD-25MAY2222-T111499.99,DELTA,58,14,62,1000,330,yes,57,-30
2025-05-22T18:04:25.305498,KXBTCD-25MAY2222-T111499.99,DELTA,58,14,62,1000,331,yes,55,30
2025-05-22T18:04:25.306360,KXBTCD-25MAY2222-T111499.99,DELTA,56,114,62,1000,332,yes,58,-14
2025-05-22T18:04:25.306909,KXBTCD-25MAY2222-T111499.99,DELTA,56,114,62,1000,333,no,35,14
2025-05-22T18:04:25.309291,KXBTCD-25MAY2222-T111499.99,DELTA,56,114,62,1000,334,no,33,-13
2025-05-22T18:04:25.309591,KXBTCD-25MAY2222-T111499.99,DELTA,56,114,62,1000,335,no,34,30
2025-05-22T18:04:25.310147,KXBTCD-25MAY2222-T111499.99,DELTA,56,114,62,1000,336,no,32,-30
2025-05-22T18:04:25.310505,KXBTCD-25MAY2222-T111499.99,DELTA,56,114,62,1000,337,yes,8,-4050
2025-05-22T18:04:25.311057,KXBTCD-25MAY2222-T111499.99,DELTA,56,114,62,1000,338,yes,10,3240
2025-05-22T18:04:25.362361,KXBTCD-25MAY2222-T111499.99,DELTA,56,114,62,1000,339,no,4,-8100
2025-05-22T18:04:25.363057,KXBTCD-25MAY2222-T111499.99,DELTA,56,114,62,1000,340,no,5,6480
2025-05-22T18:04:25.363418,KXBTCD-25MAY2222-T111499.99,DELTA,56,114,62,1000,341,yes,9,-20000
2025-05-22T18:04:25.404212,KXBTCD-25MAY2222-T111499.99,DELTA,56,114,62,1000,342,yes,11,20000
2025-05-22T18:04:25.421809,KXBTCD-25MAY2222-T111499.99,DELTA,56,114,62,1000,343,no,5,-20000
2025-05-22T18:04:25.461324,KXBTCD-25MAY2222-T111499.99,DELTA,56,114,62,1000,344,no,6,20000
2025-05-22T18:04:25.761597,KXBTCD-25MAY2222-T111499.99,DELTA,56,114,62,1000,345,no,37,-100
2025-05-22T18:04:25.761874,KXBTCD-25MAY2222-T111499.99,DELTA,56,14,62,1000,346,yes,56,-100
2025-05-22T18:04:25.822637,KXBTCD-25MAY2222-T111499.99,DELTA,56,14,65,14,347,no,38,-1000
2025-05-22T18:04:25.862127,KXBTCD-25MAY2222-T111499.99,DELTA,56,14,65,1014,348,no,35,1000
2025-05-22T18:04:26.562340,KXBTCD-25MAY2222-T111499.99,DELTA,56,14,65,1014,349,yes,10,-3240
2025-05-22T18:04:26.562693,KXBTCD-25MAY2222-T111499.99,DELTA,56,14,65,1014,350,yes,12,2700
2025-05-22T18:04:26.623294,KXBTCD-25MAY2222-T111499.99,DELTA,56,14,65,1014,351,no,5,-6480
2025-05-22T18:04:26.623624,KXBTCD-25MAY2222-T111499.99,DELTA,56,14,65,1014,352,no,4,8100
2025-05-22T18:04:26.623752,KXBTCD-25MAY2222-T111499.99,DELTA,56,14,65,1014,353,yes,11,-20000
2025-05-22T18:04:26.682237,KXBTCD-25MAY2222-T111499.99,DELTA,56,14,65,1014,354,no,6,-20000
2025-05-22T18:04:26.722379,KXBTCD-25MAY2222-T111499.99,DELTA,56,14,65,1014,355,no,5,20000
2025-05-22T18:04:27.362862,KXBTCD-25MAY2222-T111499.99,DELTA,56,14,65,1014,356,yes,54,100
2025-05-22T18:04:27.364664,KXBTCD-25MAY2222-T111499.99,DELTA,56,14,62,100,357,no,38,100
2025-05-22T18:04:27.424023,KXBTCD-25MAY2222-T111499.99,DELTA,56,14,62,100,358,no,35,-1000
2025-05-22T18:04:27.462606,KXBTCD-25MAY2222-T111499.99,DELTA,56,14,61,1000,359,no,39,1000
2025-05-22T18:04:27.758532,KXBTCD-25MAY2222-T111499.99,DELTA,56,14,61,1000,360,yes,12,-2700
2025-05-22T18:04:27.760121,KXBTCD-25MAY2222-T111499.99,DELTA,56,14,61,1000,361,yes,4,8100
2025-05-22T18:04:27.803514,KXBTCD-25MAY2222-T111499.99,DELTA,56,14,61,1000,362,yes,5,20000
2025-05-22T18:04:28.104719,KXBTCD-25MAY2222-T111499.99,DELTA,56,14,61,1000,363,yes,53,30
2025-05-22T18:04:28.105757,KXBTCD-25MAY2222-T111499.99,DELTA,56,14,61,1000,364,yes,55,-30
2025-05-22T18:04:28.106535,KXBTCD-25MAY2222-T111499.99,DELTA,56,14,61,1000,365,no,34,-30
2025-05-22T18:04:28.106931,KXBTCD-25MAY2222-T111499.99,DELTA,56,14,61,1000,366,no,36,30
2025-05-22T18:04:28.583678,KXBTCD-25MAY2222-T111499.99,DELTA,56,14,61,1000,367,no,38,-100
2025-05-22T18:04:28.661454,KXBTCD-25MAY2222-T111499.99,DELTA,56,14,64,30,368,no,39,-1000
2025-05-22T18:04:28.723068,KXBTCD-25MAY2222-T111499.99,DELTA,56,14,63,1000,369,no,37,1000
2025-05-22T18:04:28.803456,KXBTCD-25MAY2222-T111499.99,DELTA,56,14,63,1000,370,yes,34,-3000
2025-05-22T18:04:28.841926,KXBTCD-25MAY2222-T111499.99,DELTA,56,14,63,1000,371,yes,26,3000
2025-05-22T18:04:28.943676,KXBTCD-25MAY2222-T111499.99,DELTA,56,14,63,1000,372,yes,4,-8100
2025-05-22T18:04:28.944579,KXBTCD-25MAY2222-T111499.99,DELTA,56,14,63,1000,373,yes,6,5400
2025-05-22T18:04:29.002375,KXBTCD-25MAY2222-T111499.99,DELTA,56,14,63,1000,374,yes,5,-20000
2025-05-22T18:04:29.063092,KXBTCD-25MAY2222-T111499.99,DELTA,56,14,63,1000,375,yes,7,20000
2025-05-22T18:04:29.263131,KXBTCD-25MAY2222-T111499.99,DELTA,54,100,63,1000,376,yes,56,-14
2025-05-22T18:04:29.263957,KXBTCD-25MAY2222-T111499.99,DELTA,54,114,63,1000,377,yes,54,14
2025-05-22T18:04:29.264612,KXBTCD-25MAY2222-T111499.99,DELTA,54,114,63,1000,378,yes,1,-8000
2025-05-22T18:04:29.284226,KXBTCD-25MAY2222-T111499.99,DELTA,54,114,63,1000,379,yes,53,-30
2025-05-22T18:04:29.284806,KXBTCD-25MAY2222-T111499.99,DELTA,54,114,63,1014,380,no,37,14
2025-05-22T18:04:29.285295,KXBTCD-25MAY2222-T111499.99,DELTA,54,114,63,1014,381,no,16,-3000
2025-05-22T18:04:29.285723,KXBTCD-25MAY2222-T111499.99,DELTA,54,114,63,1014,382,no,35,-14
2025-05-22T18:04:29.286119,KXBTCD-25MAY2222-T111499.99,DELTA,54,114,63,1014,383,yes,52,30
2025-05-22T18:04:29.286528,KXBTCD-25MAY2222-T111499.99,DELTA,54,114,63,1044,384,no,37,30
2025-05-22T18:04:29.286912,KXBTCD-25MAY2222-T111499.99,DELTA,54,114,63,1044,385,no,36,-30
2025-05-22T18:04:29.344032,KXBTCD-25MAY2222-T111499.99,DELTA,54,114,63,1044,386,no,23,3000
2025-05-22T18:04:29.344343,KXBTCD-25MAY2222-T111499.99,DELTA,54,100,63,1044,387,yes,54,-14
2025-05-22T18:04:29.344538,KXBTCD-25MAY2222-T111499.99,DELTA,54,100,63,1044,388,yes,53,14
2025-05-22T18:04:29.344682,KXBTCD-25MAY2222-T111499.99,DELTA,54,100,62,14,389,no,38,14
2025-05-22T18:04:29.344814,KXBTCD-25MAY2222-T111499.99,DELTA,54,100,62,14,390,no,37,-14
2025-05-22T18:04:29.366450,KXBTCD-25MAY2222-T111499.99,DELTA,54,100,62,14,391,no,10,-200
2025-05-22T18:04:29.366728,KXBTCD-25MAY2222-T111499.99,DELTA,54,100,62,14,392,no,20,200
2025-05-22T18:04:29.402812,KXBTCD-25MAY2222-T111499.99,DELTA,54,100,62,14,393,no,37,-1000
2025-05-22T18:04:29.423326,KXBTCD-25MAY2222-T111499.99,DELTA,53,14,62,14,394,yes,54,-100
2025-05-22T18:04:29.462690,KXBTCD-25MAY2222-T111499.99,DELTA,53,14,62,1014,395,no,38,1000
2025-05-22T18:04:29.462944,KXBTCD-25MAY2222-T111499.99,DELTA,53,14,62,1014,396,no,11,-2000
2025-05-22T18:04:29.463094,KXBTCD-25MAY2222-T111499.99,DELTA,53,14,62,1014,397,yes,35,-9
2025-05-22T18:04:29.463216,KXBTCD-25MAY2222-T111499.99,DELTA,53,14,62,1014,398,yes,32,9
2025-05-22T18:04:29.502843,KXBTCD-25MAY2222-T111499.99,DELTA,53,14,62,1014,399,no,21,2000
2025-05-22T18:04:29.662928,KXBTCD-25MAY2222-T111499.99,DELTA,53,14,62,1014,400,yes,50,30
2025-05-22T18:04:29.663699,KXBTCD-25MAY2222-T111499.99,DELTA,53,14,62,1014,401,yes,52,-30
2025-05-22T18:04:29.682875,KXBTCD-25MAY2222-T111499.99,DELTA,53,14,61,30,402,no,39,30
2025-05-22T18:04:29.683542,KXBTCD-25MAY2222-T111499.99,DELTA,53,14,61,30,403,no,37,-30
2025-05-22T18:04:29.743307,KXBTCD-25MAY2222-T111499.99,DELTA,53,14,61,30,404,no,38,-1000
2025-05-22T18:04:29.783377,KXBTCD-25MAY2222-T111499.99,DELTA,53,14,60,1000,405,no,40,1000
2025-05-22T18:04:30.462883,KXBTCD-25MAY2222-T111499.99,DELTA,53,14,59,100,406,no,41,100
2025-05-22T18:04:30.524412,KXBTCD-25MAY2222-T111499.99,DELTA,53,14,59,100,407,no,40,-1000
2025-05-22T18:04:30.562480,KXBTCD-25MAY2222-T111499.99,DELTA,53,14,58,1000,408,no,42,1000
2025-05-22T18:04:30.763141,KXBTCD-25MAY2222-T111499.99,DELTA,53,14,58,1000,409,yes,51,14
2025-05-22T18:04:30.784347,KXBTCD-25MAY2222-T111499.99,DELTA,51,14,58,1000,410,yes,53,-14
2025-05-22T18:04:30.784621,KXBTCD-25MAY2222-T111499.99,DELTA,51,14,58,1000,411,no,40,14
2025-05-22T18:04:30.784785,KXBTCD-25MAY2222-T111499.99,DELTA,51,14,58,1000,412,no,1,8000
2025-05-22T18:04:30.784911,KXBTCD-25MAY2222-T111499.99,DELTA,51,14,58,1000,413,no,38,-14
2025-05-22T18:04:31.024641,KXBTCD-25MAY2222-T111499.99,DELTA,51,14,58,1000,414,no,41,-100
2025-05-22T18:04:31.084644,KXBTCD-25MAY2222-T111499.99,DELTA,51,14,60,14,415,no,42,-1000
2025-05-22T18:04:31.122821,KXBTCD-25MAY2222-T111499.99,DELTA,51,14,60,1014,416,no,40,1000
2025-05-22T18:04:31.662102,KXBTCD-25MAY2222-T111499.99,DELTA,51,14,60,1014,417,yes,49,100
2025-05-22T18:04:32.224451,KXBTCD-25MAY2222-T111499.99,DELTA,51,14,60,1014,418,no,1,-8000
2025-05-22T18:04:32.883864,KXBTCD-25MAY2222-T111499.99,DELTA,51,14,57,100,419,no,43,100
2025-05-22T18:04:32.942621,KXBTCD-25MAY2222-T111499.99,DELTA,51,14,57,100,420,no,40,-1000
2025-05-22T18:04:33.001806,KXBTCD-25MAY2222-T111499.99,DELTA,51,14,56,1000,421,no,44,1000
2025-05-22T18:04:33.384108,KXBTCD-25MAY2222-T111499.99,DELTA,51,14,56,1000,422,yes,6,-5400
2025-05-22T18:04:33.385155,KXBTCD-25MAY2222-T111499.99,DELTA,51,14,56,1000,423,yes,8,4050
2025-05-22T18:04:33.463288,KXBTCD-25MAY2222-T111499.99,DELTA,51,14,56,1000,424,yes,7,-20000
2025-05-22T18:04:33.503487,KXBTCD-25MAY2222-T111499.99,DELTA,51,14,56,1000,425,yes,9,20000
2025-05-22T18:04:35.984405,KXBTCD-25MAY2222-T111499.99,DELTA,51,14,56,1000,426,yes,8,-4050
2025-05-22T18:04:35.985701,KXBTCD-25MAY2222-T111499.99,DELTA,51,14,56,1000,427,yes,10,3240
2025-05-22T18:04:36.042568,KXBTCD-25MAY2222-T111499.99,DELTA,51,14,56,1000,428,yes,9,-20000
2025-05-22T18:04:36.103292,KXBTCD-25MAY2222-T111499.99,DELTA,51,14,56,1000,429,yes,11,20000
2025-05-22T18:04:37.178280,KXBTCD-25MAY2222-T111499.99,DELTA,51,14,56,1000,430,yes,10,-3240
2025-05-22T18:04:37.178946,KXBTCD-25MAY2222-T111499.99,DELTA,51,14,56,1000,431,yes,12,2700
2025-05-22T18:04:37.202935,KXBTCD-25MAY2222-T111499.99,DELTA,51,14,56,1000,432,yes,11,-20000
2025-05-22T18:04:37.622486,KXBTCD-25MAY2222-T111499.99,DELTA,51,14,56,1000,433,yes,50,-30
2025-05-22T18:04:37.623219,KXBTCD-25MAY2222-T111499.99,DELTA,51,14,56,1000,434,yes,48,30
2025-05-22T18:04:37.645141,KXBTCD-25MAY2222-T111499.99,DELTA,51,14,56,1000,435,no,41,30
2025-05-22T18:04:37.646128,KXBTCD-25MAY2222-T111499.99,DELTA,51,14,56,1000,436,no,39,-30
2025-05-22T18:04:37.666520,KXBTCD-25MAY2222-T111499.99,DELTA,51,14,57,100,437,no,44,-1000
2025-05-22T18:04:37.666936,KXBTCD-25MAY2222-T111499.99,DELTA,51,14,57,100,438,yes,31,-2000
2025-05-22T18:04:37.667305,KXBTCD-25MAY2222-T111499.99,DELTA,51,14,57,100,439,no,5,-20000
2025-05-22T18:04:37.667739,KXBTCD-25MAY2222-T111499.99,DELTA,51,14,57,100,440,no,21,-2000
2025-05-22T18:04:37.668209,KXBTCD-25MAY2222-T111499.99,DELTA,51,14,57,100,441,yes,31,-1000
2025-05-22T18:04:37.668586,KXBTCD-25MAY2222-T111499.99,DELTA,51,14,57,100,442,no,1,8000
2025-05-22T18:04:37.912662,KXBTCD-25MAY2222-T111499.99,DELTA,49,100,57,100,443,yes,51,-14
2025-05-22T18:04:37.913484,KXBTCD-25MAY2222-T111499.99,DELTA,49,100,57,100,444,no,40,-14
2025-05-22T18:04:37.924766,KXBTCD-25MAY2222-T111499.99,DELTA,49,114,57,100,445,yes,49,14
2025-05-22T18:04:37.925248,KXBTCD-25MAY2222-T111499.99,DELTA,49,114,57,100,446,no,42,14
2025-05-22T18:04:38.027749,KXBTCD-25MAY2222-T111499.99,DELTA,49,114,57,100,447,yes,31,9
2025-05-22T18:04:38.043398,KXBTCD-25MAY2222-T111499.99,DELTA,49,114,57,100,448,yes,32,-9
2025-05-22T18:04:38.043976,KXBTCD-25MAY2222-T111499.99,DELTA,49,114,57,100,449,no,24,9
2025-05-22T18:04:38.143418,KXBTCD-25MAY2222-T111499.99,DELTA,49,114,58,14,450,no,43,-100
2025-05-22T18:04:38.183907,KXBTCD-25MAY2222-T111499.99,DELTA,49,114,58,14,451,yes,12,-2700
2025-05-22T18:04:38.184942,KXBTCD-25MAY2222-T111499.99,DELTA,49,114,58,14,452,yes,4,8100
2025-05-22T18:04:38.284368,KXBTCD-25MAY2222-T111499.99,DELTA,49,114,58,1014,453,no,42,1000
2025-05-22T18:04:38.442946,KXBTCD-25MAY2222-T111499.99,DELTA,49,114,58,1014,454,yes,5,20000
2025-05-22T18:04:38.862923,KXBTCD-25MAY2222-T111499.99,DELTA,49,14,58,1014,455,yes,49,-100
2025-05-22T18:04:38.983405,KXBTCD-25MAY2222-T111499.99,DELTA,49,14,58,1014,456,no,24,-9
2025-05-22T18:04:39.222347,KXBTCD-25MAY2222-T111499.99,DELTA,49,14,58,1014,457,yes,4,-8100
2025-05-22T18:04:39.222920,KXBTCD-25MAY2222-T111499.99,DELTA,49,14,58,1014,458,yes,6,5400
2025-05-22T18:04:39.281827,KXBTCD-25MAY2222-T111499.99,DELTA,49,14,58,1014,459,no,4,-8100
2025-05-22T18:04:39.282179,KXBTCD-25MAY2222-T111499.99,DELTA,49,14,58,1014,460,no,3,10800
2025-05-22T18:04:39.282527,KXBTCD-25MAY2222-T111499.99,DELTA,49,14,58,1014,461,yes,5,-20000
2025-05-22T18:04:39.322337,KXBTCD-25MAY2222-T111499.99,DELTA,49,14,58,1014,462,yes,7,20000
2025-05-22T18:04:39.603152,KXBTCD-25MAY2222-T111499.99,DELTA,49,14,58,1014,463,no,4,20000
2025-05-22T18:04:40.464190,KXBTCD-25MAY2222-T111499.99,DELTA,49,14,58,1014,464,yes,6,-5400
2025-05-22T18:04:40.465475,KXBTCD-25MAY2222-T111499.99,DELTA,49,14,58,1014,465,yes,8,4050
2025-05-22T18:04:40.523899,KXBTCD-25MAY2222-T111499.99,DELTA,49,14,58,1014,466,no,3,-10800
2025-05-22T18:04:40.524905,KXBTCD-25MAY2222-T111499.99,DELTA,49,14,58,1014,467,no,4,8100
2025-05-22T18:04:40.525436,KXBTCD-25MAY2222-T111499.99,DELTA,49,14,58,1014,468,yes,7,-20000
2025-05-22T18:04:40.562709,KXBTCD-25MAY2222-T111499.99,DELTA,49,14,58,1014,469,yes,9,20000
2025-05-22T18:04:40.582162,KXBTCD-25MAY2222-T111499.99,DELTA,49,14,58,1014,470,no,4,-20000
2025-05-22T18:04:40.624781,KXBTCD-25MAY2222-T111499.99,DELTA,49,14,58,1014,471,no,5,20000
2025-05-22T18:04:40.802989,KXBTCD-25MAY2222-T111499.99,DELTA,49,14,55,100,472,no,45,100
2025-05-22T18:04:40.864122,KXBTCD-25MAY2222-T111499.99,DELTA,49,14,55,100,473,no,42,-1000
2025-05-22T18:04:40.902599,KXBTCD-25MAY2222-T111499.99,DELTA,49,14,54,1000,474,no,46,1000
2025-05-22T18:04:41.684817,KXBTCD-25MAY2222-T111499.99,DELTA,49,14,54,1000,475,yes,47,100
2025-05-22T18:04:42.303712,KXBTCD-25MAY2222-T111499.99,DELTA,49,14,54,1000,476,yes,48,-30
2025-05-22T18:04:42.304447,KXBTCD-25MAY2222-T111499.99,DELTA,49,14,54,1000,477,no,41,-30
2025-05-22T18:04:42.304961,KXBTCD-25MAY2222-T111499.99,DELTA,49,14,54,1000,478,yes,47,30
2025-05-22T18:04:42.322720,KXBTCD-25MAY2222-T111499.99,DELTA,49,14,54,1000,479,no,42,30
2025-05-22T18:04:43.220318,KXBTCD-25MAY2222-T111499.99,DELTA,49,14,54,1000,480,no,45,-100
2025-05-22T18:04:43.220882,KXBTCD-25MAY2222-T111499.99,DELTA,49,14,58,44,481,no,46,-1000
2025-05-22T18:04:43.223059,KXBTCD-25MAY2222-T111499.99,DELTA,49,14,57,1000,482,no,43,1000
2025-05-22T18:04:44.405550,KXBTCD-25MAY2222-T111499.99,DELTA,49,14,57,1000,483,yes,30,-200
2025-05-22T18:04:44.406595,KXBTCD-25MAY2222-T111499.99,DELTA,49,14,57,1000,484,yes,20,200
2025-05-22T18:04:44.522971,KXBTCD-25MAY2222-T111499.99,DELTA,49,14,57,1000,485,yes,31,-9
2025-05-22T18:04:44.523792,KXBTCD-25MAY2222-T111499.99,DELTA,49,14,57,1000,486,yes,27,9
2025-05-22T18:04:44.747961,KXBTCD-25MAY2222-T111499.99,DELTA,49,14,57,1000,487,yes,21,2000
2025-05-22T18:04:44.749362,KXBTCD-25MAY2222-T111499.99,DELTA,49,14,57,1000,488,yes,21,1000
2025-05-22T18:04:44.963798,KXBTCD-25MAY2222-T111499.99,DELTA,49,14,54,100,489,no,46,100
2025-05-22T18:04:44.964253,KXBTCD-25MAY2222-T111499.99,DELTA,49,14,54,100,490,yes,8,-4050
2025-05-22T18:04:44.964559,KXBTCD-25MAY2222-T111499.99,DELTA,49,14,54,100,491,yes,10,3240
2025-05-22T18:04:45.023090,KXBTCD-25MAY2222-T111499.99,DELTA,49,14,54,100,492,yes,9,-20000
2025-05-22T18:04:45.042524,KXBTCD-25MAY2222-T111499.99,DELTA,49,14,54,100,493,no,43,-1000
2025-05-22T18:04:45.102929,KXBTCD-25MAY2222-T111499.99,DELTA,49,14,53,1000,494,no,47,1000
2025-05-22T18:04:45.103301,KXBTCD-25MAY2222-T111499.99,DELTA,49,14,53,1000,495,yes,11,20000
2025-05-22T18:04:47.523610,KXBTCD-25MAY2222-T111499.99,DELTA,49,14,53,1000,496,yes,10,-3240
2025-05-22T18:04:47.524113,KXBTCD-25MAY2222-T111499.99,DELTA,49,14,53,1000,497,yes,11,2945
2025-05-22T18:04:47.564358,KXBTCD-25MAY2222-T111499.99,DELTA,49,14,53,1000,498,no,4,-8100
2025-05-22T18:04:47.565053,KXBTCD-25MAY2222-T111499.99,DELTA,49,14,53,1000,499,no,3,10800
2025-05-22T18:04:47.584396,KXBTCD-25MAY2222-T111499.99,DELTA,49,14,53,1000,500,yes,11,-20000
2025-05-22T18:04:47.623216,KXBTCD-25MAY2222-T111499.99,DELTA,49,14,53,1000,501,no,5,-20000
2025-05-22T18:04:47.684416,KXBTCD-25MAY2222-T111499.99,DELTA,49,14,53,1000,502,no,4,20000
2025-05-22T18:04:47.884823,KXBTCD-25MAY2222-T111499.99,DELTA,49,14,53,1000,503,no,23,-3000
2025-05-22T18:04:47.923021,KXBTCD-25MAY2222-T111499.99,DELTA,49,14,53,1000,504,no,30,3000
2025-05-22T18:04:48.044151,KXBTCD-25MAY2222-T111499.99,DELTA,49,14,53,1000,505,yes,47,14
2025-05-22T18:04:48.044808,KXBTCD-25MAY2222-T111499.99,DELTA,47,144,53,1000,506,yes,49,-14
2025-05-22T18:04:48.045842,KXBTCD-25MAY2222-T111499.99,DELTA,47,144,53,1000,507,no,44,14
2025-05-22T18:04:48.046469,KXBTCD-25MAY2222-T111499.99,DELTA,47,144,53,1000,508,no,42,-14
2025-05-22T18:04:48.084804,KXBTCD-25MAY2222-T111499.99,DELTA,47,144,53,1000,509,yes,45,30
2025-05-22T18:04:48.104116,KXBTCD-25MAY2222-T111499.99,DELTA,47,114,53,1000,510,yes,47,-30
2025-05-22T18:04:48.105132,KXBTCD-25MAY2222-T111499.99,DELTA,47,114,53,1000,511,no,44,30
2025-05-22T18:04:48.105856,KXBTCD-25MAY2222-T111499.99,DELTA,47,114,53,1000,512,no,42,-30
2025-05-22T18:04:48.462503,KXBTCD-25MAY2222-T111499.99,DELTA,47,14,53,1000,513,yes,47,-100
2025-05-22T18:04:48.845785,KXBTCD-25MAY2222-T111499.99,DELTA,47,14,53,1000,514,yes,26,-3000
2025-05-22T18:04:48.848555,KXBTCD-25MAY2222-T111499.99,DELTA,47,14,53,1000,515,yes,11,-2945
2025-05-22T18:04:48.848725,KXBTCD-25MAY2222-T111499.99,DELTA,47,14,53,1000,516,yes,4,8100
2025-05-22T18:04:48.902992,KXBTCD-25MAY2222-T111499.99,DELTA,47,14,53,1000,517,yes,18,3000
2025-05-22T18:04:48.924465,KXBTCD-25MAY2222-T111499.99,DELTA,47,14,53,1000,518,yes,5,20000
2025-05-22T18:04:49.167057,KXBTCD-25MAY2222-T111499.99,DELTA,47,14,53,1000,519,no,46,-100
2025-05-22T18:04:49.222294,KXBTCD-25MAY2222-T111499.99,DELTA,47,14,56,44,520,no,47,-1000
2025-05-22T18:04:49.262023,KXBTCD-25MAY2222-T111499.99,DELTA,47,14,55,1000,521,no,45,1000
2025-05-22T18:04:49.343510,KXBTCD-25MAY2222-T111499.99,DELTA,47,14,55,1000,522,yes,27,-9
2025-05-22T18:04:49.343956,KXBTCD-25MAY2222-T111499.99,DELTA,47,14,55,1000,523,no,31,9
2025-05-22T18:04:49.344344,KXBTCD-25MAY2222-T111499.99,DELTA,47,14,55,1000,524,yes,22,9
2025-05-22T18:04:50.123436,KXBTCD-25MAY2222-T111499.99,DELTA,47,14,55,1000,525,yes,4,-8100
2025-05-22T18:04:50.123860,KXBTCD-25MAY2222-T111499.99,DELTA,47,14,55,1000,526,yes,6,5400
2025-05-22T18:04:50.183216,KXBTCD-25MAY2222-T111499.99,DELTA,47,14,55,1000,527,yes,5,-20000
2025-05-22T18:04:50.223258,KXBTCD-25MAY2222-T111499.99,DELTA,47,14,55,1000,528,yes,7,20000
2025-05-22T18:04:50.223974,KXBTCD-25MAY2222-T111499.99,DELTA,47,14,55,1000,529,no,31,-9
2025-05-22T18:04:50.543171,KXBTCD-25MAY2222-T111499.99,DELTA,47,14,55,1000,530,yes,46,14
2025-05-22T18:04:50.544118,KXBTCD-25MAY2222-T111499.99,DELTA,46,14,55,1000,531,yes,47,-14
2025-05-22T18:04:50.563596,KXBTCD-25MAY2222-T111499.99,DELTA,46,14,55,1014,532,no,45,14
2025-05-22T18:04:50.564136,KXBTCD-25MAY2222-T111499.99,DELTA,46,14,55,1014,533,no,44,-14
2025-05-22T18:04:50.623437,KXBTCD-25MAY2222-T111499.99,DELTA,46,14,55,1014,534,no,20,-200
2025-05-22T18:04:50.623756,KXBTCD-25MAY2222-T111499.99,DELTA,46,14,55,1014,535,no,30,200
2025-05-22T18:04:50.923802,KXBTCD-25MAY2222-T111499.99,DELTA,46,14,55,1014,536,no,31,2000
2025-05-22T18:04:51.298828,KXBTCD-25MAY2222-T111499.99,DELTA,46,14,55,1014,537,yes,6,-5400
2025-05-22T18:04:51.299210,KXBTCD-25MAY2222-T111499.99,DELTA,46,14,55,1014,538,yes,8,4050
2025-05-22T18:04:51.303462,KXBTCD-25MAY2222-T111499.99,DELTA,46,14,55,1014,539,yes,45,100
2025-05-22T18:04:51.303617,KXBTCD-25MAY2222-T111499.99,DELTA,46,14,55,1014,540,yes,7,-20000
2025-05-22T18:04:51.303785,KXBTCD-25MAY2222-T111499.99,DELTA,46,14,53,100,541,no,47,100
2025-05-22T18:04:51.343243,KXBTCD-25MAY2222-T111499.99,DELTA,46,14,53,100,542,yes,9,20000
2025-05-22T18:04:51.363104,KXBTCD-25MAY2222-T111499.99,DELTA,46,14,53,100,543,no,45,-1000
2025-05-22T18:04:51.403706,KXBTCD-25MAY2222-T111499.99,DELTA,46,14,52,1000,544,no,48,1000
2025-05-22T18:04:52.363288,KXBTCD-25MAY2222-T111499.99,DELTA,46,14,52,1000,545,yes,8,-4050
2025-05-22T18:04:52.363455,KXBTCD-25MAY2222-T111499.99,DELTA,46,14,52,1000,546,yes,10,3240
2025-05-22T18:04:52.421255,KXBTCD-25MAY2222-T111499.99,DELTA,46,14,52,1000,547,yes,9,-20000
2025-05-22T18:04:52.482118,KXBTCD-25MAY2222-T111499.99,DELTA,46,14,52,1000,548,yes,11,20000
2025-05-22T18:04:56.724587,KXBTCD-25MAY2222-T111499.99,DELTA,46,14,52,1000,549,yes,10,-3240
2025-05-22T18:04:56.725269,KXBTCD-25MAY2222-T111499.99,DELTA,46,14,52,1000,550,yes,12,2700
2025-05-22T18:04:56.782692,KXBTCD-25MAY2222-T111499.99,DELTA,46,14,52,1000,551,no,3,-10800
2025-05-22T18:04:56.783434,KXBTCD-25MAY2222-T111499.99,DELTA,46,14,52,1000,552,no,5,6480
2025-05-22T18:04:56.783844,KXBTCD-25MAY2222-T111499.99,DELTA,46,14,52,1000,553,yes,11,-20000
2025-05-22T18:04:56.863819,KXBTCD-25MAY2222-T111499.99,DELTA,46,14,52,1000,554,no,4,-20000
2025-05-22T18:04:56.903189,KXBTCD-25MAY2222-T111499.99,DELTA,46,14,52,1000,555,no,6,20000
2025-05-22T18:04:59.381801,KXBTCD-25MAY2222-T111499.99,DELTA,46,14,52,1000,556,yes,12,-2700
2025-05-22T18:04:59.381969,KXBTCD-25MAY2222-T111499.99,DELTA,46,14,52,1000,557,yes,4,8100
2025-05-22T18:04:59.442724,KXBTCD-25MAY2222-T111499.99,DELTA,46,14,52,1000,558,no,5,-6480
2025-05-22T18:04:59.442920,KXBTCD-25MAY2222-T111499.99,DELTA,46,14,52,1000,559,no,7,4628
2025-05-22T18:04:59.442982,KXBTCD-25MAY2222-T111499.99,DELTA,46,14,52,1000,560,yes,5,20000
2025-05-22T18:04:59.501477,KXBTCD-25MAY2222-T111499.99,DELTA,46,14,52,1000,561,no,6,-20000
2025-05-22T18:04:59.543099,KXBTCD-25MAY2222-T111499.99,DELTA,46,14,52,1000,562,no,8,20000
2025-05-22T18:04:59.783841,KXBTCD-25MAY2222-T111499.99,DELTA,46,14,52,1000,563,no,47,-100
2025-05-22T18:04:59.843611,KXBTCD-25MAY2222-T111499.99,DELTA,46,14,55,14,564,no,48,-1000
2025-05-22T18:04:59.881947,KXBTCD-25MAY2222-T111499.99,DELTA,46,14,55,1014,565,no,45,1000
2025-05-22T18:05:00.542450,KXBTCD-25MAY2222-T111499.99,DELTA,46,14,55,1014,566,yes,4,-8100
2025-05-22T18:05:00.542621,KXBTCD-25MAY2222-T111499.99,DELTA,46,14,55,1014,567,yes,6,5400
2025-05-22T18:05:00.602279,KXBTCD-25MAY2222-T111499.99,DELTA,46,14,55,1014,568,no,7,-4628
2025-05-22T18:05:00.602413,KXBTCD-25MAY2222-T111499.99,DELTA,46,14,55,1014,569,no,8,4050
2025-05-22T18:05:00.602477,KXBTCD-25MAY2222-T111499.99,DELTA,46,14,55,1014,570,yes,5,-20000
2025-05-22T18:05:00.643213,KXBTCD-25MAY2222-T111499.99,DELTA,46,14,55,1014,571,yes,7,20000
2025-05-22T18:05:00.662482,KXBTCD-25MAY2222-T111499.99,DELTA,46,14,55,1014,572,no,8,-20000
2025-05-22T18:05:00.703844,KXBTCD-25MAY2222-T111499.99,DELTA,46,14,55,1014,573,no,9,20000
2025-05-22T18:05:00.863413,KXBTCD-25MAY2222-T111499.99,DELTA,46,14,55,1014,574,yes,44,30
2025-05-22T18:05:00.863592,KXBTCD-25MAY2222-T111499.99,DELTA,46,14,55,1014,575,yes,45,-30
2025-05-22T18:05:00.883117,KXBTCD-25MAY2222-T111499.99,DELTA,46,14,55,1044,576,no,45,30
2025-05-22T18:05:00.883622,KXBTCD-25MAY2222-T111499.99,DELTA,46,14,55,1044,577,no,44,-30
2025-05-22T18:05:00.964277,KXBTCD-25MAY2222-T111499.99,DELTA,46,14,55,44,578,no,45,-1000
2025-05-22T18:05:00.983518,KXBTCD-25MAY2222-T111499.99,DELTA,46,14,54,1000,579,no,46,1000
2025-05-22T18:05:01.082853,KXBTCD-25MAY2222-T111499.99,DELTA,46,14,54,1000,580,yes,32,250
2025-05-22T18:05:01.083085,KXBTCD-25MAY2222-T111499.99,DELTA,46,14,54,1000,581,yes,36,250
2025-05-22T18:05:01.104138,KXBTCD-25MAY2222-T111499.99,DELTA,46,14,54,1000,582,no,44,250
2025-05-22T18:05:01.104283,KXBTCD-25MAY2222-T111499.99,DELTA,46,14,54,1000,583,no,38,250
2025-05-22T18:05:01.123344,KXBTCD-25MAY2222-T111499.99,DELTA,46,14,54,1000,584,no,40,250
2025-05-22T18:05:01.123594,KXBTCD-25MAY2222-T111499.99,DELTA,46,14,54,1250,585,no,46,250
2025-05-22T18:05:01.143719,KXBTCD-25MAY2222-T111499.99,DELTA,46,14,54,1250,586,no,42,250
2025-05-22T18:05:01.143897,KXBTCD-25MAY2222-T111499.99,DELTA,46,14,54,1250,587,yes,21,-2000
2025-05-22T18:05:01.143972,KXBTCD-25MAY2222-T111499.99,DELTA,46,14,54,1250,588,yes,30,250
2025-05-22T18:05:01.162558,KXBTCD-25MAY2222-T111499.99,DELTA,46,14,54,1250,589,yes,34,250
2025-05-22T18:05:01.162655,KXBTCD-25MAY2222-T111499.99,DELTA,46,14,54,1250,590,yes,21,-1000
2025-05-22T18:05:01.162711,KXBTCD-25MAY2222-T111499.99,DELTA,46,14,54,1250,591,yes,38,250
2025-05-22T18:05:01.182837,KXBTCD-25MAY2222-T111499.99,DELTA,46,14,54,1250,592,no,31,-2000
2025-05-22T18:05:01.203481,KXBTCD-25MAY2222-T111499.99,DELTA,46,14,54,1250,593,yes,33,1250
2025-05-22T18:05:01.223728,KXBTCD-25MAY2222-T111499.99,DELTA,46,14,54,1250,594,yes,36,2000
2025-05-22T18:05:01.223845,KXBTCD-25MAY2222-T111499.99,DELTA,46,14,54,250,595,no,46,-1000
2025-05-22T18:05:01.302588,KXBTCD-25MAY2222-T111499.99,DELTA,46,14,52,100,596,no,48,100
2025-05-22T18:05:01.395824,KXBTCD-25MAY2222-T111499.99,DELTA,46,14,52,100,597,no,46,-250
2025-05-22T18:05:01.396006,KXBTCD-25MAY2222-T111499.99,DELTA,46,14,52,100,598,no,36,250
2025-05-22T18:05:01.422645,KXBTCD-25MAY2222-T111499.99,DELTA,46,14,52,100,599,no,47,2000
2025-05-22T18:05:01.422864,KXBTCD-25MAY2222-T111499.99,DELTA,46,14,52,100,600,no,47,1250
2025-05-22T18:05:01.442776,KXBTCD-25MAY2222-T111499.99,DELTA,46,14,51,1000,601,no,49,1000
2025-05-22T18:05:01.442954,KXBTCD-25MAY2222-T111499.99,DELTA,46,14,51,1000,602,yes,22,-9
2025-05-22T18:05:01.443029,KXBTCD-25MAY2222-T111499.99,DELTA,46,14,51,1000,603,yes,39,9
2025-05-22T18:05:01.483178,KXBTCD-25MAY2222-T111499.99,DELTA,46,14,51,1000,604,no,47,-2000
2025-05-22T18:05:01.483303,KXBTCD-25MAY2222-T111499.99,DELTA,46,14,51,1000,605,no,47,-1250
2025-05-22T18:05:01.502564,KXBTCD-25MAY2222-T111499.99,DELTA,46,14,51,1000,606,no,36,-250
2025-05-22T18:05:01.521772,KXBTCD-25MAY2222-T111499.99,DELTA,46,14,51,1000,607,no,46,250
2025-05-22T18:05:01.522015,KXBTCD-25MAY2222-T111499.99,DELTA,46,14,51,1000,608,yes,45,-100
2025-05-22T18:05:01.542683,KXBTCD-25MAY2222-T111499.99,DELTA,46,14,51,1000,609,no,45,1250
2025-05-22T18:05:01.704243,KXBTCD-25MAY2222-T111499.99,DELTA,46,14,51,1000,610,yes,43,14
2025-05-22T18:05:01.704412,KXBTCD-25MAY2222-T111499.99,DELTA,44,30,51,1000,611,yes,46,-14
2025-05-22T18:05:01.704490,KXBTCD-25MAY2222-T111499.99,DELTA,44,30,51,1000,612,no,48,14
2025-05-22T18:05:01.704562,KXBTCD-25MAY2222-T111499.99,DELTA,44,30,51,1000,613,no,45,-14
2025-05-22T18:05:01.743909,KXBTCD-25MAY2222-T111499.99,DELTA,44,30,51,1000,614,yes,6,-5400
2025-05-22T18:05:01.744026,KXBTCD-25MAY2222-T111499.99,DELTA,44,30,51,1000,615,yes,8,4050
2025-05-22T18:05:01.762379,KXBTCD-25MAY2222-T111499.99,DELTA,44,30,51,1000,616,no,45,2000
2025-05-22T18:05:01.822629,KXBTCD-25MAY2222-T111499.99,DELTA,44,30,51,1000,617,no,8,-4050
2025-05-22T18:05:01.822732,KXBTCD-25MAY2222-T111499.99,DELTA,44,30,51,1000,618,no,4,8100
2025-05-22T18:05:01.924260,KXBTCD-25MAY2222-T111499.99,DELTA,44,30,51,1000,619,no,9,-20000
2025-05-22T18:05:01.924419,KXBTCD-25MAY2222-T111499.99,DELTA,44,30,51,1000,620,no,45,-2000
2025-05-22T18:05:02.023256,KXBTCD-25MAY2222-T111499.99,DELTA,44,30,51,1000,621,no,45,-1250
2025-05-22T18:05:02.103371,KXBTCD-25MAY2222-T111499.99,DELTA,44,30,51,1000,622,yes,37,1000
2025-05-22T18:05:02.103578,KXBTCD-25MAY2222-T111499.99,DELTA,44,30,51,1000,623,no,5,20000
2025-05-22T18:05:02.322612,KXBTCD-25MAY2222-T111499.99,DELTA,44,30,51,1000,624,no,48,-100
2025-05-22T18:05:02.322793,KXBTCD-25MAY2222-T111499.99,DELTA,44,30,51,1000,625,no,48,250
2025-05-22T18:05:02.401222,KXBTCD-25MAY2222-T111499.99,DELTA,44,30,51,1000,626,no,47,1250
2025-05-22T18:05:02.422710,KXBTCD-25MAY2222-T111499.99,DELTA,44,30,51,1000,627,yes,36,-2000
2025-05-22T18:05:02.602592,KXBTCD-25MAY2222-T111499.99,DELTA,44,30,51,1000,628,no,47,2000
2025-05-22T18:05:02.701895,KXBTCD-25MAY2222-T111499.99,DELTA,44,30,51,1000,629,yes,7,-20000
2025-05-22T18:05:02.801593,KXBTCD-25MAY2222-T111499.99,DELTA,44,30,51,1000,630,yes,37,-1000
2025-05-22T18:05:02.801840,KXBTCD-25MAY2222-T111499.99,DELTA,44,30,51,1000,631,no,38,-250
2025-05-22T18:05:02.902866,KXBTCD-25MAY2222-T111499.99,DELTA,44,30,51,1000,632,yes,35,2000
2025-05-22T18:05:03.002495,KXBTCD-25MAY2222-T111499.99,DELTA,44,30,51,1000,633,yes,9,20000
2025-05-22T18:05:03.002680,KXBTCD-25MAY2222-T111499.99,DELTA,44,30,51,1000,634,yes,38,1000
2025-05-22T18:05:03.002761,KXBTCD-25MAY2222-T111499.99,DELTA,44,30,51,1000,635,no,47,-2000
2025-05-22T18:05:03.102792,KXBTCD-25MAY2222-T111499.99,DELTA,44,30,51,1000,636,no,47,-1250
2025-05-22T18:05:03.408247,KXBTCD-25MAY2222-T111499.99,DELTA,44,30,51,3000,637,no,49,2000
2025-05-22T18:05:03.422141,KXBTCD-25MAY2222-T111499.99,DELTA,44,30,51,4250,638,no,49,1250
2025-05-22T18:05:04.023320,KXBTCD-25MAY2222-T111499.99,DELTA,44,30,51,4250,639,yes,42,100
2025-05-22T18:05:04.104052,KXBTCD-25MAY2222-T111499.99,DELTA,44,30,50,100,640,no,50,100
2025-05-22T18:05:04.403709,KXBTCD-25MAY2222-T111499.99,DELTA,44,30,50,100,641,no,49,-1000
2025-05-22T18:05:04.403831,KXBTCD-25MAY2222-T111499.99,DELTA,44,30,50,100,642,yes,8,-4050
2025-05-22T18:05:04.403896,KXBTCD-25MAY2222-T111499.99,DELTA,44,30,50,100,643,yes,10,3240
2025-05-22T18:05:04.501420,KXBTCD-25MAY2222-T111499.99,DELTA,44,30,50,100,644,no,4,-8100
2025-05-22T18:05:04.501520,KXBTCD-25MAY2222-T111499.99,DELTA,44,30,50,100,645,no,6,5400
2025-05-22T18:05:04.603083,KXBTCD-25MAY2222-T111499.99,DELTA,44,30,49,1000,646,no,51,1000
2025-05-22T18:05:04.603255,KXBTCD-25MAY2222-T111499.99,DELTA,44,30,49,1000,647,yes,9,-20000
2025-05-22T18:05:04.603516,KXBTCD-25MAY2222-T111499.99,DELTA,43,14,49,1000,648,yes,44,-30
2025-05-22T18:05:04.603595,KXBTCD-25MAY2222-T111499.99,DELTA,43,14,49,1000,649,yes,42,30
2025-05-22T18:05:04.622273,KXBTCD-25MAY2222-T111499.99,DELTA,43,14,49,1000,650,no,47,30
2025-05-22T18:05:04.622447,KXBTCD-25MAY2222-T111499.99,DELTA,43,14,49,1000,651,no,45,-30
2025-05-22T18:05:04.801595,KXBTCD-25MAY2222-T111499.99,DELTA,43,14,49,1000,652,yes,11,20000
2025-05-22T18:05:06.023890,KXBTCD-25MAY2222-T111499.99,DELTA,43,14,49,1000,653,no,5,-20000
2025-05-22T18:05:06.223191,KXBTCD-25MAY2222-T111499.99,DELTA,43,14,49,1000,654,no,7,20000
2025-05-22T18:05:06.422967,KXBTCD-25MAY2222-T111499.99,DELTA,43,14,49,1000,655,yes,10,-3240
2025-05-22T18:05:06.423158,KXBTCD-25MAY2222-T111499.99,DELTA,43,14,49,1000,656,yes,4,8100
2025-05-22T18:05:06.602993,KXBTCD-25MAY2222-T111499.99,DELTA,43,14,49,1000,657,yes,11,-20000
2025-05-22T18:05:06.603192,KXBTCD-25MAY2222-T111499.99,DELTA,43,14,49,1000,658,no,6,-5400
2025-05-22T18:05:06.603283,KXBTCD-25MAY2222-T111499.99,DELTA,43,14,49,1000,659,no,8,4050
2025-05-22T18:05:06.902547,KXBTCD-25MAY2222-T111499.99,DELTA,43,14,49,1000,660,no,7,-20000
2025-05-22T18:05:06.902659,KXBTCD-25MAY2222-T111499.99,DELTA,43,14,49,1000,661,yes,38,-1000
2025-05-22T18:05:06.902724,KXBTCD-25MAY2222-T111499.99,DELTA,43,14,49,1000,662,yes,5,20000
2025-05-22T18:05:07.025267,KXBTCD-25MAY2222-T111499.99,DELTA,43,14,49,1000,663,no,9,20000
2025-05-22T18:05:07.025426,KXBTCD-25MAY2222-T111499.99,DELTA,43,14,49,1000,664,yes,37,1000
2025-05-22T18:05:07.525733,KXBTCD-25MAY2222-T111499.99,DELTA,43,14,49,1000,665,no,50,-100
2025-05-22T18:05:07.722383,KXBTCD-25MAY2222-T111499.99,DELTA,43,14,51,3250,666,no,51,-1000
2025-05-22T18:05:08.412090,KXBTCD-25MAY2222-T111499.99,DELTA,43,14,51,4250,667,no,49,1000
2025-05-22T18:05:09.682182,KXBTCD-25MAY2222-T111499.99,DELTA,43,14,50,100,668,no,50,100
2025-05-22T18:05:09.742749,KXBTCD-25MAY2222-T111499.99,DELTA,43,14,50,100,669,no,49,-1000
2025-05-22T18:05:09.783330,KXBTCD-25MAY2222-T111499.99,DELTA,43,14,49,1000,670,no,51,1000
2025-05-22T18:05:09.821751,KXBTCD-25MAY2222-T111499.99,DELTA,43,14,49,1000,671,no,38,250
2025-05-22T18:05:09.843085,KXBTCD-25MAY2222-T111499.99,DELTA,43,14,49,1000,672,no,48,-250
2025-05-22T18:05:09.861975,KXBTCD-25MAY2222-T111499.99,DELTA,43,14,49,1000,673,yes,37,-1000
2025-05-22T18:05:09.902040,KXBTCD-25MAY2222-T111499.99,DELTA,43,14,49,1000,674,yes,38,1000
2025-05-22T18:05:09.922395,KXBTCD-25MAY2222-T111499.99,DELTA,43,14,49,1000,675,yes,35,-2000
2025-05-22T18:05:09.922592,KXBTCD-25MAY2222-T111499.99,DELTA,43,14,49,1000,676,yes,33,-1250
2025-05-22T18:05:09.942504,KXBTCD-25MAY2222-T111499.99,DELTA,43,14,49,1000,677,no,49,-2000
2025-05-22T18:05:09.963708,KXBTCD-25MAY2222-T111499.99,DELTA,43,14,49,1000,678,no,49,-1250
2025-05-22T18:05:09.963895,KXBTCD-25MAY2222-T111499.99,DELTA,43,14,49,1000,679,yes,34,1250
2025-05-22T18:05:09.963980,KXBTCD-25MAY2222-T111499.99,DELTA,43,14,49,1000,680,yes,36,2000
2025-05-22T18:05:10.166236,KXBTCD-25MAY2222-T111499.99,DELTA,43,14,49,1000,681,yes,40,250
2025-05-22T18:05:10.166676,KXBTCD-25MAY2222-T111499.99,DELTA,43,14,49,1000,682,yes,30,-250
2025-05-22T18:05:10.211253,KXBTCD-25MAY2222-T111499.99,DELTA,43,14,49,1000,683,no,47,1250
2025-05-22T18:05:10.230905,KXBTCD-25MAY2222-T111499.99,DELTA,43,14,49,1000,684,no,47,2000
2025-05-22T18:05:11.142913,KXBTCD-25MAY2222-T111499.99,DELTA,43,14,49,1000,685,yes,38,-1000
2025-05-22T18:05:11.143106,KXBTCD-25MAY2222-T111499.99,DELTA,43,14,49,1000,686,yes,34,-1250
2025-05-22T18:05:11.186411,KXBTCD-25MAY2222-T111499.99,DELTA,43,14,49,1000,687,yes,35,1250
2025-05-22T18:05:11.263066,KXBTCD-25MAY2222-T111499.99,DELTA,43,14,49,1000,688,yes,4,-8100
2025-05-22T18:05:11.263288,KXBTCD-25MAY2222-T111499.99,DELTA,43,14,49,1000,689,yes,6,5400
2025-05-22T18:05:11.322939,KXBTCD-25MAY2222-T111499.99,DELTA,43,14,49,1000,690,no,8,-4050
2025-05-22T18:05:11.323050,KXBTCD-25MAY2222-T111499.99,DELTA,43,14,49,1000,691,no,4,8100
2025-05-22T18:05:11.342258,KXBTCD-25MAY2222-T111499.99,DELTA,43,14,49,1000,692,yes,39,-9
2025-05-22T18:05:11.390188,KXBTCD-25MAY2222-T111499.99,DELTA,43,14,49,1000,693,no,9,-20000
2025-05-22T18:05:11.462359,KXBTCD-25MAY2222-T111499.99,DELTA,43,14,49,1000,694,yes,40,-250
2025-05-22T18:05:11.462538,KXBTCD-25MAY2222-T111499.99,DELTA,43,14,49,1000,695,yes,30,250
2025-05-22T18:05:11.561823,KXBTCD-25MAY2222-T111499.99,DELTA,43,14,49,1000,696,yes,35,-1250
2025-05-22T18:05:11.601793,KXBTCD-25MAY2222-T111499.99,DELTA,43,14,49,1000,697,yes,34,1250
2025-05-22T18:05:11.641757,KXBTCD-25MAY2222-T111499.99,DELTA,43,14,49,1000,698,yes,39,1000
2025-05-22T18:05:11.702036,KXBTCD-25MAY2222-T111499.99,DELTA,43,14,49,1000,699,yes,5,-20000
2025-05-22T18:05:11.702242,KXBTCD-25MAY2222-T111499.99,DELTA,43,14,49,1000,700,yes,36,-2000
2025-05-22T18:05:11.721788,KXBTCD-25MAY2222-T111499.99,DELTA,43,14,49,1000,701,yes,39,-1000
2025-05-22T18:05:11.743751,KXBTCD-25MAY2222-T111499.99,DELTA,42,130,49,1000,702,yes,43,-14
2025-05-22T18:05:11.743908,KXBTCD-25MAY2222-T111499.99,DELTA,42,30,49,1000,703,yes,42,-100
2025-05-22T18:05:11.743979,KXBTCD-25MAY2222-T111499.99,DELTA,38,250,49,1000,704,yes,42,-30
2025-05-22T18:05:11.744041,KXBTCD-25MAY2222-T111499.99,DELTA,38,129,49,1000,705,yes,38,-121
2025-05-22T18:05:11.761873,KXBTCD-25MAY2222-T111499.99,DELTA,38,1129,49,1000,706,yes,38,1000
2025-05-22T18:05:11.805329,KXBTCD-25MAY2222-T111499.99,DELTA,38,1129,49,1121,707,no,51,121
2025-05-22T18:05:11.805476,KXBTCD-25MAY2222-T111499.99,DELTA,38,1129,49,1121,708,no,5,20000
2025-05-22T18:05:11.805538,KXBTCD-25MAY2222-T111499.99,DELTA,38,1159,49,1121,709,yes,38,30
2025-05-22T18:05:11.805602,KXBTCD-25MAY2222-T111499.99,DELTA,39,14,49,1121,710,yes,39,14
2025-05-22T18:05:11.805712,KXBTCD-25MAY2222-T111499.99,DELTA,39,14,49,1121,711,no,47,-30
2025-05-22T18:05:11.805803,KXBTCD-25MAY2222-T111499.99,DELTA,39,14,49,1121,712,no,48,-14
2025-05-22T18:05:11.822264,KXBTCD-25MAY2222-T111499.99,DELTA,39,14,49,1135,713,no,51,14
2025-05-22T18:05:11.822404,KXBTCD-25MAY2222-T111499.99,DELTA,39,14,49,1135,714,no,50,30
2025-05-22T18:05:11.822489,KXBTCD-25MAY2222-T111499.99,DELTA,39,14,49,1135,715,yes,7,20000
2025-05-22T18:05:11.822558,KXBTCD-25MAY2222-T111499.99,DELTA,39,14,49,1135,716,yes,35,2000
2025-05-22T18:05:11.862860,KXBTCD-25MAY2222-T111499.99,DELTA,39,14,49,1135,717,yes,30,-250
2025-05-22T18:05:11.863033,KXBTCD-25MAY2222-T111499.99,DELTA,40,250,49,1135,718,yes,40,250
2025-05-22T18:05:11.882605,KXBTCD-25MAY2222-T111499.99,DELTA,40,250,49,135,719,no,51,-1000
2025-05-22T18:05:11.942498,KXBTCD-25MAY2222-T111499.99,DELTA,40,250,48,1000,720,no,52,1000
2025-05-22T18:05:12.157851,KXBTCD-25MAY2222-T111499.99,DELTA,40,250,48,1000,721,no,51,-121
2025-05-22T18:05:12.173081,KXBTCD-25MAY2222-T111499.99,DELTA,40,250,48,1121,722,no,52,121
2025-05-22T18:05:12.223814,KXBTCD-25MAY2222-T111499.99,DELTA,39,14,48,1121,723,yes,40,-250
2025-05-22T18:05:12.223946,KXBTCD-25MAY2222-T111499.99,DELTA,39,14,48,1121,724,yes,30,250
2025-05-22T18:05:12.478424,KXBTCD-25MAY2222-T111499.99,DELTA,39,14,48,121,725,no,52,-1000
2025-05-22T18:05:12.723304,KXBTCD-25MAY2222-T111499.99,DELTA,39,14,48,121,726,yes,35,-2000
2025-05-22T18:05:12.802478,KXBTCD-25MAY2222-T111499.99,DELTA,39,14,47,1000,727,no,53,1000
2025-05-22T18:05:13.001900,KXBTCD-25MAY2222-T111499.99,DELTA,39,14,47,1000,728,yes,36,2000
2025-05-22T18:05:13.169301,KXBTCD-25MAY2222-T111499.99,DELTA,39,14,47,1000,729,no,52,-121
2025-05-22T18:05:13.170389,KXBTCD-25MAY2222-T111499.99,DELTA,39,14,47,1000,730,no,48,250
2025-05-22T18:05:13.170487,KXBTCD-25MAY2222-T111499.99,DELTA,39,14,47,1000,731,no,38,-250
2025-05-22T18:05:13.185399,KXBTCD-25MAY2222-T111499.99,DELTA,40,100,47,1000,732,yes,40,100
2025-05-22T18:05:13.223183,KXBTCD-25MAY2222-T111499.99,DELTA,40,100,47,1121,733,no,53,121
2025-05-22T18:05:13.223323,KXBTCD-25MAY2222-T111499.99,DELTA,40,100,47,1121,734,no,47,-2000
2025-05-22T18:05:13.242553,KXBTCD-25MAY2222-T111499.99,DELTA,40,100,47,121,735,no,53,-1000
2025-05-22T18:05:13.242725,KXBTCD-25MAY2222-T111499.99,DELTA,40,100,47,121,736,no,47,-1250
2025-05-22T18:05:13.262381,KXBTCD-25MAY2222-T111499.99,DELTA,40,100,47,121,737,no,50,-100
2025-05-22T18:05:13.303916,KXBTCD-25MAY2222-T111499.99,DELTA,40,100,47,121,738,no,49,1250
2025-05-22T18:05:13.304060,KXBTCD-25MAY2222-T111499.99,DELTA,40,100,47,121,739,no,49,2000
2025-05-22T18:05:13.304127,KXBTCD-25MAY2222-T111499.99,DELTA,40,100,46,1000,740,no,54,1000
2025-05-22T18:05:13.341917,KXBTCD-25MAY2222-T111499.99,DELTA,40,100,46,1000,741,yes,38,-1000
2025-05-22T18:05:13.342050,KXBTCD-25MAY2222-T111499.99,DELTA,40,100,46,1000,742,yes,34,-1250
2025-05-22T18:05:13.381364,KXBTCD-25MAY2222-T111499.99,DELTA,40,100,46,1000,743,yes,34,1250
2025-05-22T18:05:13.543207,KXBTCD-25MAY2222-T111499.99,DELTA,40,100,46,1000,744,no,38,250
2025-05-22T18:05:13.543309,KXBTCD-25MAY2222-T111499.99,DELTA,40,100,46,1000,745,no,53,-121
2025-05-22T18:05:13.543380,KXBTCD-25MAY2222-T111499.99,DELTA,40,100,46,1000,746,yes,39,1000
2025-05-22T18:05:13.543442,KXBTCD-25MAY2222-T111499.99,DELTA,40,100,46,1000,747,no,48,-250
2025-05-22T18:05:13.582109,KXBTCD-25MAY2222-T111499.99,DELTA,40,100,46,1000,748,no,52,121
2025-05-22T18:05:13.601830,KXBTCD-25MAY2222-T111499.99,DELTA,40,100,46,1000,749,no,49,-2000
2025-05-22T18:05:13.621989,KXBTCD-25MAY2222-T111499.99,DELTA,40,100,48,121,750,no,54,-1000
2025-05-22T18:05:13.622136,KXBTCD-25MAY2222-T111499.99,DELTA,40,100,48,121,751,yes,36,-2000
2025-05-22T18:05:13.622203,KXBTCD-25MAY2222-T111499.99,DELTA,40,100,48,121,752,no,49,-1250
2025-05-22T18:05:13.642075,KXBTCD-25MAY2222-T111499.99,DELTA,40,100,48,121,753,yes,34,-1250
2025-05-22T18:05:13.681484,KXBTCD-25MAY2222-T111499.99,DELTA,40,100,48,121,754,no,36,250
2025-05-22T18:05:13.681588,KXBTCD-25MAY2222-T111499.99,DELTA,40,100,48,121,755,no,47,2000
2025-05-22T18:05:13.681652,KXBTCD-25MAY2222-T111499.99,DELTA,40,100,48,121,756,no,47,1250
2025-05-22T18:05:13.681705,KXBTCD-25MAY2222-T111499.99,DELTA,40,100,48,121,757,yes,37,2000
2025-05-22T18:05:13.702941,KXBTCD-25MAY2222-T111499.99,DELTA,40,100,48,121,758,yes,35,1250
2025-05-22T18:05:13.703069,KXBTCD-25MAY2222-T111499.99,DELTA,40,100,48,121,759,no,46,-250
2025-05-22T18:05:13.761917,KXBTCD-25MAY2222-T111499.99,DELTA,40,100,48,121,760,no,47,-2000
2025-05-22T18:05:13.762035,KXBTCD-25MAY2222-T111499.99,DELTA,40,100,48,121,761,no,47,-1250
2025-05-22T18:05:13.841356,KXBTCD-25MAY2222-T111499.99,DELTA,40,100,48,121,762,no,45,2000
2025-05-22T18:05:13.942051,KXBTCD-25MAY2222-T111499.99,DELTA,40,100,48,121,763,yes,6,-5400
2025-05-22T18:05:13.942192,KXBTCD-25MAY2222-T111499.99,DELTA,40,100,48,121,764,yes,8,4050
2025-05-22T18:05:13.983280,KXBTCD-25MAY2222-T111499.99,DELTA,40,100,48,121,765,no,45,1250
2025-05-22T18:05:14.008191,KXBTCD-25MAY2222-T111499.99,DELTA,40,100,48,121,766,no,4,-8100
2025-05-22T18:05:14.008334,KXBTCD-25MAY2222-T111499.99,DELTA,40,100,48,121,767,no,6,5400
2025-05-22T18:05:14.044536,KXBTCD-25MAY2222-T111499.99,DELTA,40,100,48,121,768,yes,7,-20000
2025-05-22T18:05:14.091559,KXBTCD-25MAY2222-T111499.99,DELTA,40,100,47,1000,769,no,53,1000
2025-05-22T18:05:14.091694,KXBTCD-25MAY2222-T111499.99,DELTA,40,100,47,1000,770,yes,9,20000
2025-05-22T18:05:14.122597,KXBTCD-25MAY2222-T111499.99,DELTA,40,100,47,1000,771,no,5,-20000
2025-05-22T18:05:14.148513,KXBTCD-25MAY2222-T111499.99,DELTA,40,100,47,1000,772,no,46,250
2025-05-22T18:05:14.162423,KXBTCD-25MAY2222-T111499.99,DELTA,40,100,47,1000,773,no,7,20000
2025-05-22T18:05:14.162517,KXBTCD-25MAY2222-T111499.99,DELTA,40,100,47,1000,774,no,36,-250
2025-05-22T18:05:14.202927,KXBTCD-25MAY2222-T111499.99,DELTA,40,100,47,1000,775,no,45,-2000
2025-05-22T18:05:14.223202,KXBTCD-25MAY2222-T111499.99,DELTA,40,100,47,1000,776,no,45,-1250
2025-05-22T18:05:14.282752,KXBTCD-25MAY2222-T111499.99,DELTA,40,100,47,1000,777,no,47,2000
2025-05-22T18:05:14.282831,KXBTCD-25MAY2222-T111499.99,DELTA,40,100,47,1000,778,no,47,1250
2025-05-22T18:05:14.602564,KXBTCD-25MAY2222-T111499.99,DELTA,40,100,47,1000,779,yes,39,-1000
2025-05-22T18:05:14.641461,KXBTCD-25MAY2222-T111499.99,DELTA,40,100,47,1000,780,no,52,100
2025-05-22T18:05:14.641628,KXBTCD-25MAY2222-T111499.99,DELTA,40,1100,47,1000,781,yes,40,1000
2025-05-22T18:05:14.702485,KXBTCD-25MAY2222-T111499.99,DELTA,40,1100,47,1000,782,no,47,-2000
2025-05-22T18:05:14.921619,KXBTCD-25MAY2222-T111499.99,DELTA,40,100,47,1000,783,yes,40,-1000
2025-05-22T18:05:14.921808,KXBTCD-25MAY2222-T111499.99,DELTA,40,100,47,1000,784,no,52,2000
2025-05-22T18:05:14.941957,KXBTCD-25MAY2222-T111499.99,DELTA,39,14,47,1000,785,yes,40,-100
2025-05-22T18:05:14.982063,KXBTCD-25MAY2222-T111499.99,DELTA,39,1014,47,1000,786,yes,39,1000
2025-05-22T18:05:15.002368,KXBTCD-25MAY2222-T111499.99,DELTA,39,1014,47,1000,787,yes,37,-2000
2025-05-22T18:05:15.062114,KXBTCD-25MAY2222-T111499.99,DELTA,39,1014,47,1000,788,yes,36,2000
2025-05-22T18:05:15.143834,KXBTCD-25MAY2222-T111499.99,DELTA,39,1014,47,1000,789,no,52,-2000
2025-05-22T18:05:15.144235,KXBTCD-25MAY2222-T111499.99,DELTA,39,1014,47,1000,790,no,48,250
2025-05-22T18:05:15.144590,KXBTCD-25MAY2222-T111499.99,DELTA,39,1014,47,1000,791,no,38,-250
2025-05-22T18:05:15.183926,KXBTCD-25MAY2222-T111499.99,DELTA,39,14,47,1000,792,yes,39,-1000
2025-05-22T18:05:15.209755,KXBTCD-25MAY2222-T111499.99,DELTA,39,14,47,3000,793,no,53,2000
2025-05-22T18:05:15.209971,KXBTCD-25MAY2222-T111499.99,DELTA,39,14,47,3000,794,yes,8,-4050
2025-05-22T18:05:15.210042,KXBTCD-25MAY2222-T111499.99,DELTA,39,14,47,3000,795,yes,10,3240
2025-05-22T18:05:15.226208,KXBTCD-25MAY2222-T111499.99,DELTA,39,14,47,3000,796,yes,35,-1250
2025-05-22T18:05:15.243053,KXBTCD-25MAY2222-T111499.99,DELTA,39,14,47,3000,797,no,47,-1250
2025-05-22T18:05:15.243276,KXBTCD-25MAY2222-T111499.99,DELTA,39,14,47,3000,798,yes,38,1000
2025-05-22T18:05:15.261918,KXBTCD-25MAY2222-T111499.99,DELTA,39,14,47,3000,799,no,6,-5400
2025-05-22T18:05:15.262089,KXBTCD-25MAY2222-T111499.99,DELTA,39,14,47,3000,800,no,8,4050
2025-05-22T18:05:15.322882,KXBTCD-25MAY2222-T111499.99,DELTA,39,14,47,3000,801,yes,34,1250
2025-05-22T18:05:15.342162,KXBTCD-25MAY2222-T111499.99,DELTA,39,14,47,3000,802,no,49,1250
2025-05-22T18:05:15.382413,KXBTCD-25MAY2222-T111499.99,DELTA,39,14,47,3000,803,yes,9,-20000
2025-05-22T18:05:15.382631,KXBTCD-25MAY2222-T111499.99,DELTA,39,14,47,3000,804,no,7,-20000
2025-05-22T18:05:15.801861,KXBTCD-25MAY2222-T111499.99,DELTA,39,14,47,3000,805,no,9,20000
2025-05-22T18:05:15.842909,KXBTCD-25MAY2222-T111499.99,DELTA,39,14,47,3000,806,yes,11,20000
2025-05-22T18:05:15.881807,KXBTCD-25MAY2222-T111499.99,DELTA,39,14,47,3000,807,yes,38,-1000
2025-05-22T18:05:15.942579,KXBTCD-25MAY2222-T111499.99,DELTA,39,1014,47,3000,808,yes,39,1000
2025-05-22T18:05:16.144310,KXBTCD-25MAY2222-T111499.99,DELTA,39,1014,47,3000,809,no,48,-250
2025-05-22T18:05:16.144457,KXBTCD-25MAY2222-T111499.99,DELTA,39,1014,47,3000,810,no,38,250
2025-05-22T18:05:16.163917,KXBTCD-25MAY2222-T111499.99,DELTA,40,250,47,3000,811,yes,40,250
2025-05-22T18:05:16.164061,KXBTCD-25MAY2222-T111499.99,DELTA,40,250,47,3000,812,yes,30,-250
2025-05-22T18:05:16.182495,KXBTCD-25MAY2222-T111499.99,DELTA,40,250,47,3000,813,yes,34,-1250
2025-05-22T18:05:16.243808,KXBTCD-25MAY2222-T111499.99,DELTA,40,250,47,3000,814,yes,35,1250
2025-05-22T18:05:16.322648,KXBTCD-25MAY2222-T111499.99,DELTA,40,250,47,3000,815,yes,10,-3240
2025-05-22T18:05:16.322797,KXBTCD-25MAY2222-T111499.99,DELTA,40,250,47,3000,816,yes,11,2945
2025-05-22T18:05:16.382510,KXBTCD-25MAY2222-T111499.99,DELTA,40,250,47,3000,817,yes,11,-20000
2025-05-22T18:05:16.382652,KXBTCD-25MAY2222-T111499.99,DELTA,40,250,47,3000,818,no,8,-4050
2025-05-22T18:05:16.382937,KXBTCD-25MAY2222-T111499.99,DELTA,40,250,47,3000,819,no,10,3240
2025-05-22T18:05:16.401000,KXBTCD-25MAY2222-T111499.99,DELTA,40,250,47,3000,820,no,49,-1250
2025-05-22T18:05:16.442699,KXBTCD-25MAY2222-T111499.99,DELTA,40,250,47,3000,821,yes,35,-1250
2025-05-22T18:05:16.462084,KXBTCD-25MAY2222-T111499.99,DELTA,40,250,47,3000,822,no,9,-20000
2025-05-22T18:05:16.462240,KXBTCD-25MAY2222-T111499.99,DELTA,40,250,47,3000,823,no,47,1250
2025-05-22T18:05:16.501584,KXBTCD-25MAY2222-T111499.99,DELTA,40,250,47,3000,824,no,11,20000
2025-05-22T18:05:16.582656,KXBTCD-25MAY2222-T111499.99,DELTA,40,250,47,3000,825,yes,34,1250
2025-05-22T18:05:16.801889,KXBTCD-25MAY2222-T111499.99,DELTA,41,100,47,3000,826,yes,41,100
2025-05-22T18:05:17.402944,KXBTCD-25MAY2222-T111499.99,DELTA,41,100,47,3000,827,yes,36,-2000
2025-05-22T18:05:17.422568,KXBTCD-25MAY2222-T111499.99,DELTA,41,100,47,3000,828,yes,34,-1250
2025-05-22T18:05:17.422700,KXBTCD-25MAY2222-T111499.99,DELTA,41,100,47,1000,829,no,53,-2000
2025-05-22T18:05:17.482666,KXBTCD-25MAY2222-T111499.99,DELTA,41,100,47,1000,830,no,52,2000
2025-05-22T18:05:17.482816,KXBTCD-25MAY2222-T111499.99,DELTA,41,100,47,1000,831,yes,35,1250
2025-05-22T18:05:17.483095,KXBTCD-25MAY2222-T111499.99,DELTA,41,100,47,1000,832,yes,37,2000
2025-05-22T18:05:17.542923,KXBTCD-25MAY2222-T111499.99,DELTA,41,100,47,1000,833,yes,11,-2945
2025-05-22T18:05:17.543048,KXBTCD-25MAY2222-T111499.99,DELTA,41,100,47,1000,834,yes,4,8100
2025-05-22T18:05:17.582540,KXBTCD-25MAY2222-T111499.99,DELTA,41,100,47,1000,835,no,10,-3240
2025-05-22T18:05:17.582678,KXBTCD-25MAY2222-T111499.99,DELTA,41,100,47,1000,836,no,12,2700
2025-05-22T18:05:17.603861,KXBTCD-25MAY2222-T111499.99,DELTA,41,100,47,1000,837,yes,5,20000
2025-05-22T18:05:17.801154,KXBTCD-25MAY2222-T111499.99,DELTA,41,100,47,1000,838,no,11,-20000
2025-05-22T18:05:18.723151,KXBTCD-25MAY2222-T111499.99,DELTA,41,100,47,1000,839,yes,4,-8100
2025-05-22T18:05:18.723351,KXBTCD-25MAY2222-T111499.99,DELTA,41,100,47,1000,840,yes,6,5400
2025-05-22T18:05:18.782270,KXBTCD-25MAY2222-T111499.99,DELTA,41,100,47,1000,841,no,12,-2700
2025-05-22T18:05:18.782476,KXBTCD-25MAY2222-T111499.99,DELTA,41,100,47,1000,842,no,4,8100
2025-05-22T18:05:18.782752,KXBTCD-25MAY2222-T111499.99,DELTA,41,100,47,1000,843,yes,5,-20000
2025-05-22T18:05:18.843117,KXBTCD-25MAY2222-T111499.99,DELTA,41,100,47,1000,844,no,5,20000
2025-05-22T18:05:18.902213,KXBTCD-25MAY2222-T111499.99,DELTA,41,100,47,1000,845,yes,7,20000
2025-05-22T18:05:20.782699,KXBTCD-25MAY2222-T111499.99,DELTA,41,100,47,1000,846,yes,39,-1000
2025-05-22T18:05:20.822073,KXBTCD-25MAY2222-T111499.99,DELTA,41,100,47,1000,847,yes,40,1000
2025-05-22T18:05:24.642335,KXBTCD-25MAY2222-T111499.99,DELTA,41,100,47,1000,848,yes,6,-5400
2025-05-22T18:05:24.642544,KXBTCD-25MAY2222-T111499.99,DELTA,41,100,47,1000,849,yes,8,4050
2025-05-22T18:05:24.708629,KXBTCD-25MAY2222-T111499.99,DELTA,41,100,47,1000,850,no,4,-8100
2025-05-22T18:05:24.708807,KXBTCD-25MAY2222-T111499.99,DELTA,41,100,47,1000,851,no,6,5400
2025-05-22T18:05:24.709113,KXBTCD-25MAY2222-T111499.99,DELTA,41,100,47,1000,852,yes,7,-20000
2025-05-22T18:05:24.763053,KXBTCD-25MAY2222-T111499.99,DELTA,41,100,47,1000,853,yes,9,20000
2025-05-22T18:05:24.782264,KXBTCD-25MAY2222-T111499.99,DELTA,41,100,47,1000,854,no,5,-20000
2025-05-22T18:05:24.842531,KXBTCD-25MAY2222-T111499.99,DELTA,41,100,47,1000,855,no,7,20000
2025-05-22T18:05:25.041609,KXBTCD-25MAY2222-T111499.99,DELTA,41,100,47,1000,856,yes,40,-1000
2025-05-22T18:05:25.082911,KXBTCD-25MAY2222-T111499.99,DELTA,41,100,47,1000,857,yes,39,1000
2025-05-22T18:05:25.443492,KXBTCD-25MAY2222-T111499.99,DELTA,41,100,47,1000,858,no,52,-121
2025-05-22T18:05:25.443662,KXBTCD-25MAY2222-T111499.99,DELTA,41,100,47,1000,859,yes,30,250
2025-05-22T18:05:25.443970,KXBTCD-25MAY2222-T111499.99,DELTA,41,100,47,1000,860,yes,40,-250
2025-05-22T18:05:25.463055,KXBTCD-25MAY2222-T111499.99,DELTA,41,100,47,1000,861,yes,38,-129
2025-05-22T18:05:25.482456,KXBTCD-25MAY2222-T111499.99,DELTA,41,100,47,1000,862,yes,28,250
2025-05-22T18:05:25.482547,KXBTCD-25MAY2222-T111499.99,DELTA,41,100,44,121,863,no,56,121
2025-05-22T18:05:25.482617,KXBTCD-25MAY2222-T111499.99,DELTA,41,100,44,121,864,yes,37,-2000
2025-05-22T18:05:25.483748,KXBTCD-25MAY2222-T111499.99,DELTA,41,100,44,121,865,yes,36,30
2025-05-22T18:05:25.483851,KXBTCD-25MAY2222-T111499.99,DELTA,41,100,44,121,866,yes,39,-1000
2025-05-22T18:05:25.483970,KXBTCD-25MAY2222-T111499.99,DELTA,41,100,44,121,867,yes,20,-200
2025-05-22T18:05:25.484052,KXBTCD-25MAY2222-T111499.99,DELTA,41,100,44,121,868,yes,10,200
2025-05-22T18:05:25.484136,KXBTCD-25MAY2222-T111499.99,DELTA,41,100,44,121,869,yes,38,-30
2025-05-22T18:05:25.506009,KXBTCD-25MAY2222-T111499.99,DELTA,41,100,44,121,870,yes,39,-14
2025-05-22T18:05:25.506096,KXBTCD-25MAY2222-T111499.99,DELTA,41,100,44,121,871,yes,37,14
2025-05-22T18:05:25.506153,KXBTCD-25MAY2222-T111499.99,DELTA,41,100,44,121,872,no,52,30
2025-05-22T18:05:25.506206,KXBTCD-25MAY2222-T111499.99,DELTA,41,100,44,121,873,yes,35,-1250
2025-05-22T18:05:25.506255,KXBTCD-25MAY2222-T111499.99,DELTA,41,100,44,121,874,no,50,-30
2025-05-22T18:05:25.506658,KXBTCD-25MAY2222-T111499.99,DELTA,41,100,44,121,875,no,7,-20000
2025-05-22T18:05:25.506707,KXBTCD-25MAY2222-T111499.99,DELTA,41,100,44,121,876,no,52,-2000
2025-05-22T18:05:25.506752,KXBTCD-25MAY2222-T111499.99,DELTA,41,100,44,121,877,no,53,-1000
2025-05-22T18:05:25.506795,KXBTCD-25MAY2222-T111499.99,DELTA,41,100,44,121,878,yes,9,-20000
2025-05-22T18:05:25.506837,KXBTCD-25MAY2222-T111499.99,DELTA,41,100,44,121,879,no,47,-1250
2025-05-22T18:05:25.507591,KXBTCD-25MAY2222-T111499.99,DELTA,41,100,44,121,880,no,51,-14
2025-05-22T18:05:25.507646,KXBTCD-25MAY2222-T111499.99,DELTA,41,100,44,121,881,no,53,14
2025-05-22T18:05:25.543274,KXBTCD-25MAY2222-T111499.99,DELTA,41,100,44,121,882,yes,34,30
2025-05-22T18:05:25.563423,KXBTCD-25MAY2222-T111499.99,DELTA,41,100,44,121,883,yes,36,-30
2025-05-22T18:05:25.563524,KXBTCD-25MAY2222-T111499.99,DELTA,41,100,44,121,884,no,54,30
2025-05-22T18:05:25.563586,KXBTCD-25MAY2222-T111499.99,DELTA,41,100,44,121,885,yes,37,-14
2025-05-22T18:05:25.563642,KXBTCD-25MAY2222-T111499.99,DELTA,41,100,44,121,886,yes,35,14
2025-05-22T18:05:25.563691,KXBTCD-25MAY2222-T111499.99,DELTA,41,100,46,30,887,no,56,-121
2025-05-22T18:05:25.563748,KXBTCD-25MAY2222-T111499.99,DELTA,41,100,46,30,888,no,52,-30
2025-05-22T18:05:25.563798,KXBTCD-25MAY2222-T111499.99,DELTA,41,100,46,30,889,yes,36,-250
2025-05-22T18:05:25.563849,KXBTCD-25MAY2222-T111499.99,DELTA,41,100,46,30,890,no,53,-14
2025-05-22T18:05:25.563897,KXBTCD-25MAY2222-T111499.99,DELTA,41,100,45,14,891,no,55,14
2025-05-22T18:05:25.583605,KXBTCD-25MAY2222-T111499.99,DELTA,41,100,45,14,892,yes,24,250
2025-05-22T18:05:25.583766,KXBTCD-25MAY2222-T111499.99,DELTA,41,100,45,14,893,yes,34,-250
2025-05-22T18:05:25.602529,KXBTCD-25MAY2222-T111499.99,DELTA,41,100,45,14,894,no,36,250
2025-05-22T18:05:25.602611,KXBTCD-25MAY2222-T111499.99,DELTA,41,100,45,14,895,no,46,-250
2025-05-22T18:05:25.602687,KXBTCD-25MAY2222-T111499.99,DELTA,41,100,45,14,896,yes,26,250
2025-05-22T18:05:25.623581,KXBTCD-25MAY2222-T111499.99,DELTA,41,100,45,14,897,yes,35,-14
2025-05-22T18:05:25.623666,KXBTCD-25MAY2222-T111499.99,DELTA,41,100,45,14,898,yes,32,30
2025-05-22T18:05:25.623736,KXBTCD-25MAY2222-T111499.99,DELTA,41,100,45,14,899,yes,33,14
2025-05-22T18:05:25.623792,KXBTCD-25MAY2222-T111499.99,DELTA,41,100,45,14,900,yes,34,-30
2025-05-22T18:05:25.623842,KXBTCD-25MAY2222-T111499.99,DELTA,41,100,45,14,901,yes,32,-250
2025-05-22T18:05:25.623890,KXBTCD-25MAY2222-T111499.99,DELTA,41,100,46,30,902,no,55,-14
2025-05-22T18:05:25.623937,KXBTCD-25MAY2222-T111499.99,DELTA,41,100,44,30,903,no,56,30
2025-05-22T18:05:25.623986,KXBTCD-25MAY2222-T111499.99,DELTA,41,100,44,30,904,no,54,-30
2025-05-22T18:05:25.624036,KXBTCD-25MAY2222-T111499.99,DELTA,41,100,43,14,905,no,57,14
2025-05-22T18:05:25.642500,KXBTCD-25MAY2222-T111499.99,DELTA,41,100,42,121,906,no,58,121
2025-05-22T18:05:25.642601,KXBTCD-25MAY2222-T111499.99,DELTA,41,100,42,121,907,yes,22,250
2025-05-22T18:05:25.753809,KXBTCD-25MAY2222-T111499.99,DELTA,41,100,42,121,908,no,30,-3000
2025-05-22T18:05:25.795957,KXBTCD-25MAY2222-T111499.99,DELTA,41,100,42,121,909,no,1,-8000
2025-05-22T18:05:25.796820,KXBTCD-25MAY2222-T111499.99,DELTA,41,100,42,121,910,yes,30,30
2025-05-22T18:05:25.796936,KXBTCD-25MAY2222-T111499.99,DELTA,41,100,42,121,911,yes,32,-30
2025-05-22T18:05:25.796998,KXBTCD-25MAY2222-T111499.99,DELTA,41,100,42,121,912,yes,33,-14
2025-05-22T18:05:25.801625,KXBTCD-25MAY2222-T111499.99,DELTA,41,100,42,121,913,no,56,-30
2025-05-22T18:05:25.801791,KXBTCD-25MAY2222-T111499.99,DELTA,41,100,42,121,914,no,57,-14
2025-05-22T18:05:25.801857,KXBTCD-25MAY2222-T111499.99,DELTA,41,100,42,151,915,no,58,30
2025-05-22T18:05:25.801949,KXBTCD-25MAY2222-T111499.99,DELTA,41,100,42,151,916,yes,32,14
2025-05-22T18:05:25.802016,KXBTCD-25MAY2222-T111499.99,DELTA,41,100,42,165,917,no,58,14
2025-05-22T18:05:25.822129,KXBTCD-25MAY2222-T111499.99,DELTA,41,100,42,165,918,yes,18,-3000
2025-05-22T18:05:25.842730,KXBTCD-25MAY2222-T111499.99,DELTA,32,14,42,165,919,yes,41,-100
2025-05-22T18:05:25.901608,KXBTCD-25MAY2222-T111499.99,DELTA,32,14,42,44,920,no,58,-121
2025-05-22T18:05:25.942785,KXBTCD-25MAY2222-T111499.99,DELTA,32,14,40,121,921,no,60,121
2025-05-22T18:05:26.042435,KXBTCD-25MAY2222-T111499.99,DELTA,32,14,40,121,922,yes,30,-30
2025-05-22T18:05:26.042539,KXBTCD-25MAY2222-T111499.99,DELTA,32,14,40,121,923,yes,29,30
2025-05-22T18:05:26.061876,KXBTCD-25MAY2222-T111499.99,DELTA,32,14,40,121,924,yes,30,14
2025-05-22T18:05:26.061973,KXBTCD-25MAY2222-T111499.99,DELTA,30,264,40,121,925,yes,32,-14
2025-05-22T18:05:26.062032,KXBTCD-25MAY2222-T111499.99,DELTA,30,264,40,121,926,no,58,-30
2025-05-22T18:05:26.062084,KXBTCD-25MAY2222-T111499.99,DELTA,30,264,40,121,927,no,59,30
2025-05-22T18:05:26.062130,KXBTCD-25MAY2222-T111499.99,DELTA,30,264,40,121,928,no,7,8000
2025-05-22T18:05:26.062173,KXBTCD-25MAY2222-T111499.99,DELTA,30,264,40,121,929,no,42,3000
2025-05-22T18:05:26.062216,KXBTCD-25MAY2222-T111499.99,DELTA,30,264,40,135,930,no,60,14
2025-05-22T18:05:26.062257,KXBTCD-25MAY2222-T111499.99,DELTA,30,264,40,135,931,no,58,-14
2025-05-22T18:05:26.143298,KXBTCD-25MAY2222-T111499.99,DELTA,30,264,40,135,932,yes,10,3000
2025-05-22T18:05:26.162838,KXBTCD-25MAY2222-T111499.99,DELTA,30,264,40,14,933,no,60,-121
2025-05-22T18:05:26.262459,KXBTCD-25MAY2222-T111499.99,DELTA,30,264,40,14,934,no,38,-250
2025-05-22T18:05:26.262623,KXBTCD-25MAY2222-T111499.99,DELTA,30,264,40,14,935,no,40,-250
2025-05-22T18:05:26.282690,KXBTCD-25MAY2222-T111499.99,DELTA,30,264,40,14,936,no,42,-250
2025-05-22T18:05:26.282809,KXBTCD-25MAY2222-T111499.99,DELTA,30,264,40,14,937,no,46,250
2025-05-22T18:05:26.282869,KXBTCD-25MAY2222-T111499.99,DELTA,30,264,40,14,938,no,36,-250
2025-05-22T18:05:26.302031,KXBTCD-25MAY2222-T111499.99,DELTA,30,14,40,14,939,yes,30,-250
2025-05-22T18:05:26.342268,KXBTCD-25MAY2222-T111499.99,DELTA,30,14,40,14,940,no,48,250
2025-05-22T18:05:26.360917,KXBTCD-25MAY2222-T111499.99,DELTA,30,14,40,14,941,no,50,250
2025-05-22T18:05:26.381619,KXBTCD-25MAY2222-T111499.99,DELTA,30,14,40,14,942,no,52,250
2025-05-22T18:05:26.381723,KXBTCD-25MAY2222-T111499.99,DELTA,30,14,40,14,943,no,53,9
2025-05-22T18:05:26.381777,KXBTCD-25MAY2222-T111499.99,DELTA,30,14,40,14,944,yes,20,250
2025-05-22T18:05:26.401785,KXBTCD-25MAY2222-T111499.99,DELTA,30,14,39,121,945,no,61,121
2025-05-22T18:05:26.461819,KXBTCD-25MAY2222-T111499.99,DELTA,30,14,39,121,946,no,44,-250
2025-05-22T18:05:26.461991,KXBTCD-25MAY2222-T111499.99,DELTA,30,14,39,121,947,no,54,250
2025-05-22T18:05:26.903994,KXBTCD-25MAY2222-T111499.99,DELTA,30,14,39,121,948,yes,29,-30
2025-05-22T18:05:26.904165,KXBTCD-25MAY2222-T111499.99,DELTA,30,14,39,121,949,yes,29,14
2025-05-22T18:05:26.904414,KXBTCD-25MAY2222-T111499.99,DELTA,30,14,39,121,950,yes,27,30
2025-05-22T18:05:26.904481,KXBTCD-25MAY2222-T111499.99,DELTA,29,14,39,121,951,yes,30,-14
2025-05-22T18:05:26.904546,KXBTCD-25MAY2222-T111499.99,DELTA,29,14,38,14,952,no,62,14
2025-05-22T18:05:26.904658,KXBTCD-25MAY2222-T111499.99,DELTA,29,14,38,14,953,no,59,-30
2025-05-22T18:05:26.904786,KXBTCD-25MAY2222-T111499.99,DELTA,29,14,38,14,954,no,60,-14
2025-05-22T18:05:26.904841,KXBTCD-25MAY2222-T111499.99,DELTA,29,14,38,14,955,no,61,30
2025-05-22T18:05:26.962150,KXBTCD-25MAY2222-T111499.99,DELTA,29,14,38,14,956,no,52,-100
2025-05-22T18:05:26.983384,KXBTCD-25MAY2222-T111499.99,DELTA,29,14,38,14,957,no,7,-8000
2025-05-22T18:05:27.001863,KXBTCD-25MAY2222-T111499.99,DELTA,29,14,38,14,958,no,61,-121
2025-05-22T18:05:27.042451,KXBTCD-25MAY2222-T111499.99,DELTA,29,14,38,135,959,no,62,121
2025-05-22T18:05:27.064214,KXBTCD-25MAY2222-T111499.99,DELTA,29,14,38,135,960,yes,27,2000
2025-05-22T18:05:27.141928,KXBTCD-25MAY2222-T111499.99,DELTA,29,1014,38,135,961,yes,29,1000
2025-05-22T18:05:27.162642,KXBTCD-25MAY2222-T111499.99,DELTA,29,1014,38,135,962,yes,8,-4050
2025-05-22T18:05:27.162795,KXBTCD-25MAY2222-T111499.99,DELTA,29,1014,38,135,963,yes,10,3240
2025-05-22T18:05:27.182506,KXBTCD-25MAY2222-T111499.99,DELTA,29,1014,38,135,964,no,55,9
2025-05-22T18:05:27.182670,KXBTCD-25MAY2222-T111499.99,DELTA,29,1014,38,135,965,no,53,-9
2025-05-22T18:05:27.202292,KXBTCD-25MAY2222-T111499.99,DELTA,29,1014,38,135,966,yes,26,1250
2025-05-22T18:05:27.202436,KXBTCD-25MAY2222-T111499.99,DELTA,29,1014,38,14,967,no,62,-121
2025-05-22T18:05:27.202499,KXBTCD-25MAY2222-T111499.99,DELTA,29,1014,38,14,968,no,8,8000
2025-05-22T18:05:27.223850,KXBTCD-25MAY2222-T111499.99,DELTA,29,1014,38,14,969,no,6,-5400
2025-05-22T18:05:27.223934,KXBTCD-25MAY2222-T111499.99,DELTA,29,1014,38,14,970,no,4,8100
2025-05-22T18:05:27.223986,KXBTCD-25MAY2222-T111499.99,DELTA,29,1014,38,14,971,no,56,250
2025-05-22T18:05:27.322323,KXBTCD-25MAY2222-T111499.99,DELTA,29,1014,38,14,972,no,46,-250
2025-05-22T18:05:27.401950,KXBTCD-25MAY2222-T111499.99,DELTA,29,1014,37,121,973,no,63,121
2025-05-22T18:05:27.541814,KXBTCD-25MAY2222-T111499.99,DELTA,29,1014,37,121,974,no,56,-250
2025-05-22T18:05:27.542009,KXBTCD-25MAY2222-T111499.99,DELTA,29,1014,37,121,975,no,46,250
2025-05-22T18:05:27.622643,KXBTCD-25MAY2222-T111499.99,DELTA,29,1014,37,121,976,yes,27,-2000
2025-05-22T18:05:27.683616,KXBTCD-25MAY2222-T111499.99,DELTA,29,1014,37,121,977,yes,28,2000
2025-05-22T18:05:27.765668,KXBTCD-25MAY2222-T111499.99,DELTA,29,1014,37,121,978,no,55,2000
2025-05-22T18:05:27.765837,KXBTCD-25MAY2222-T111499.99,DELTA,29,1014,37,121,979,no,55,1250
2025-05-22T18:05:27.766095,KXBTCD-25MAY2222-T111499.99,DELTA,29,1014,36,1000,980,no,64,1000
2025-05-22T18:05:27.766165,KXBTCD-25MAY2222-T111499.99,DELTA,29,1014,36,1000,981,no,5,20000
2025-05-22T18:05:27.802697,KXBTCD-25MAY2222-T111499.99,DELTA,29,1014,36,1000,982,no,46,-250
2025-05-22T18:05:27.821314,KXBTCD-25MAY2222-T111499.99,DELTA,29,1014,36,1000,983,no,56,250
2025-05-22T18:05:27.902316,KXBTCD-25MAY2222-T111499.99,DELTA,29,1014,36,1000,984,no,55,-2000
2025-05-22T18:05:27.902491,KXBTCD-25MAY2222-T111499.99,DELTA,29,1014,36,1000,985,no,55,-1250
2025-05-22T18:05:27.962410,KXBTCD-25MAY2222-T111499.99,DELTA,29,1014,36,1000,986,no,55,-9
2025-05-22T18:05:28.062486,KXBTCD-25MAY2222-T111499.99,DELTA,29,1014,36,1000,987,no,57,2000
2025-05-22T18:05:28.083445,KXBTCD-25MAY2222-T111499.99,DELTA,29,1014,36,1000,988,yes,11,20000
2025-05-22T18:05:28.101841,KXBTCD-25MAY2222-T111499.99,DELTA,29,1014,36,1000,989,no,57,1250
2025-05-22T18:05:28.203164,KXBTCD-25MAY2222-T111499.99,DELTA,29,1014,36,1000,990,no,63,-121
2025-05-22T18:05:28.243716,KXBTCD-25MAY2222-T111499.99,DELTA,30,250,36,1000,991,yes,30,250
2025-05-22T18:05:28.243842,KXBTCD-25MAY2222-T111499.99,DELTA,30,250,36,1000,992,yes,20,-250
2025-05-22T18:05:28.261862,KXBTCD-25MAY2222-T111499.99,DELTA,30,250,38,14,993,no,64,-1000
2025-05-22T18:05:28.342055,KXBTCD-25MAY2222-T111499.99,DELTA,30,250,38,14,994,yes,29,-1000
2025-05-22T18:05:28.342267,KXBTCD-25MAY2222-T111499.99,DELTA,30,250,38,135,995,no,62,121
2025-05-22T18:05:28.481821,KXBTCD-25MAY2222-T111499.99,DELTA,30,250,38,135,996,yes,10,-3240
2025-05-22T18:05:28.481990,KXBTCD-25MAY2222-T111499.99,DELTA,30,250,38,135,997,yes,4,8100
2025-05-22T18:05:28.522988,KXBTCD-25MAY2222-T111499.99,DELTA,30,250,38,135,998,no,4,-8100
2025-05-22T18:05:28.523171,KXBTCD-25MAY2222-T111499.99,DELTA,30,250,38,135,999,no,9,3600
2025-05-22T18:05:28.542126,KXBTCD-25MAY2222-T111499.99,DELTA,31,1000,38,135,1000,yes,31,1000
2025-05-22T18:05:28.562131,KXBTCD-25MAY2222-T111499.99,DELTA,31,1000,38,135,1001,yes,11,-20000
2025-05-22T18:05:28.641846,KXBTCD-25MAY2222-T111499.99,DELTA,31,1000,37,1000,1002,no,63,1000
2025-05-22T18:05:28.682033,KXBTCD-25MAY2222-T111499.99,DELTA,31,1000,37,1000,1003,no,58,9
2025-05-22T18:05:28.702503,KXBTCD-25MAY2222-T111499.99,DELTA,31,1000,37,1000,1004,yes,5,20000
2025-05-22T18:05:28.841332,KXBTCD-25MAY2222-T111499.99,DELTA,31,1000,37,1000,1005,yes,26,-1250
2025-05-22T18:05:28.841508,KXBTCD-25MAY2222-T111499.99,DELTA,31,1000,37,1000,1006,no,5,-20000
2025-05-22T18:05:28.901337,KXBTCD-25MAY2222-T111499.99,DELTA,31,1000,37,1000,1007,yes,27,1250
2025-05-22T18:05:28.924483,KXBTCD-25MAY2222-T111499.99,DELTA,31,1000,37,1000,1008,no,10,20000
2025-05-22T18:05:29.501902,KXBTCD-25MAY2222-T111499.99,DELTA,30,250,37,1000,1009,yes,31,-1000
2025-05-22T18:05:29.502093,KXBTCD-25MAY2222-T111499.99,DELTA,30,250,37,1000,1010,yes,27,-1250
2025-05-22T18:05:29.522311,KXBTCD-25MAY2222-T111499.99,DELTA,30,250,37,1000,1011,yes,28,-2000
2025-05-22T18:05:29.544042,KXBTCD-25MAY2222-T111499.99,DELTA,30,250,37,1000,1012,no,62,-121
2025-05-22T18:05:29.544177,KXBTCD-25MAY2222-T111499.99,DELTA,30,250,37,1000,1013,yes,20,250
2025-05-22T18:05:29.544252,KXBTCD-25MAY2222-T111499.99,DELTA,29,14,37,1000,1014,yes,30,-250
2025-05-22T18:05:29.562429,KXBTCD-25MAY2222-T111499.99,DELTA,29,14,37,1000,1015,yes,25,1250
2025-05-22T18:05:29.562538,KXBTCD-25MAY2222-T111499.99,DELTA,29,1014,37,1000,1016,yes,29,1000
2025-05-22T18:05:29.582914,KXBTCD-25MAY2222-T111499.99,DELTA,29,1014,37,1121,1017,no,63,121
2025-05-22T18:05:29.583025,KXBTCD-25MAY2222-T111499.99,DELTA,29,1014,37,1121,1018,yes,18,250
2025-05-22T18:05:29.602380,KXBTCD-25MAY2222-T111499.99,DELTA,29,1014,37,1121,1019,yes,27,2000
2025-05-22T18:05:29.602495,KXBTCD-25MAY2222-T111499.99,DELTA,29,1014,37,1121,1020,yes,28,-250
2025-05-22T18:05:29.622711,KXBTCD-25MAY2222-T111499.99,DELTA,29,1014,37,1121,1021,yes,4,-8100
2025-05-22T18:05:29.622811,KXBTCD-25MAY2222-T111499.99,DELTA,29,1014,37,1121,1022,yes,6,5400
2025-05-22T18:05:29.641957,KXBTCD-25MAY2222-T111499.99,DELTA,29,1014,37,121,1023,no,63,-1000
2025-05-22T18:05:29.662658,KXBTCD-25MAY2222-T111499.99,DELTA,29,1014,37,121,1024,yes,25,-1250
2025-05-22T18:05:29.682012,KXBTCD-25MAY2222-T111499.99,DELTA,29,1014,37,121,1025,no,9,-3600
2025-05-22T18:05:29.682133,KXBTCD-25MAY2222-T111499.99,DELTA,29,1014,37,121,1026,no,11,2945
2025-05-22T18:05:29.706637,KXBTCD-25MAY2222-T111499.99,DELTA,29,1014,37,121,1027,no,58,-9
2025-05-22T18:05:29.743273,KXBTCD-25MAY2222-T111499.99,DELTA,29,14,37,121,1028,yes,29,-1000
2025-05-22T18:05:29.781550,KXBTCD-25MAY2222-T111499.99,DELTA,29,14,36,1000,1029,no,64,1000
2025-05-22T18:05:29.811338,KXBTCD-25MAY2222-T111499.99,DELTA,29,14,36,1000,1030,no,10,-20000
2025-05-22T18:05:29.850232,KXBTCD-25MAY2222-T111499.99,DELTA,29,14,36,1000,1031,yes,18,-250
2025-05-22T18:05:29.850364,KXBTCD-25MAY2222-T111499.99,DELTA,29,14,36,1000,1032,yes,28,250
2025-05-22T18:05:29.864994,KXBTCD-25MAY2222-T111499.99,DELTA,29,14,36,1000,1033,yes,28,1000
2025-05-22T18:05:29.922814,KXBTCD-25MAY2222-T111499.99,DELTA,29,14,36,1000,1034,yes,26,1250
2025-05-22T18:05:29.963856,KXBTCD-25MAY2222-T111499.99,DELTA,29,14,36,1000,1035,yes,5,-20000
2025-05-22T18:05:29.981527,KXBTCD-25MAY2222-T111499.99,DELTA,29,14,36,1000,1036,yes,27,-2000
2025-05-22T18:05:29.982533,KXBTCD-25MAY2222-T111499.99,DELTA,29,14,36,1000,1037,yes,28,-1000
2025-05-22T18:05:30.041847,KXBTCD-25MAY2222-T111499.99,DELTA,29,1014,36,1000,1038,yes,29,1000
2025-05-22T18:05:30.041980,KXBTCD-25MAY2222-T111499.99,DELTA,29,1014,36,1000,1039,yes,28,2000
2025-05-22T18:05:30.042046,KXBTCD-25MAY2222-T111499.99,DELTA,29,1014,36,1000,1040,yes,7,20000
2025-05-22T18:05:30.662995,KXBTCD-25MAY2222-T111499.99,DELTA,29,1014,36,1000,1041,yes,6,-5400
2025-05-22T18:05:30.663125,KXBTCD-25MAY2222-T111499.99,DELTA,29,1014,36,1000,1042,yes,7,4628
2025-05-22T18:05:30.722400,KXBTCD-25MAY2222-T111499.99,DELTA,29,1014,36,1000,1043,no,11,-2945
2025-05-22T18:05:30.722514,KXBTCD-25MAY2222-T111499.99,DELTA,29,1014,36,1000,1044,no,9,3600
2025-05-22T18:05:30.822534,KXBTCD-25MAY2222-T111499.99,DELTA,29,1014,36,1000,1045,yes,7,-20000
2025-05-22T18:05:30.882713,KXBTCD-25MAY2222-T111499.99,DELTA,29,1014,36,1000,1046,yes,8,20000
2025-05-22T18:05:30.923182,KXBTCD-25MAY2222-T111499.99,DELTA,29,1014,36,1000,1047,no,10,20000
2025-05-22T18:05:31.142523,KXBTCD-25MAY2222-T111499.99,DELTA,29,1014,36,1000,1048,yes,28,-2000
2025-05-22T18:05:31.203322,KXBTCD-25MAY2222-T111499.99,DELTA,29,1014,36,1000,1049,yes,28,2000
2025-05-22T18:05:31.243218,KXBTCD-25MAY2222-T111499.99,DELTA,29,1014,36,1000,1050,yes,28,-2000
2025-05-22T18:05:31.284078,KXBTCD-25MAY2222-T111499.99,DELTA,29,1014,36,1000,1051,yes,27,2000
2025-05-22T18:05:31.782296,KXBTCD-25MAY2222-T111499.99,DELTA,29,1014,36,1000,1052,yes,7,-4628
2025-05-22T18:05:31.782479,KXBTCD-25MAY2222-T111499.99,DELTA,29,1014,36,1000,1053,yes,4,8100
2025-05-22T18:05:31.822863,KXBTCD-25MAY2222-T111499.99,DELTA,29,1014,36,1000,1054,no,9,-3600
2025-05-22T18:05:31.823000,KXBTCD-25MAY2222-T111499.99,DELTA,29,1014,36,1000,1055,no,11,2945
2025-05-22T18:05:31.883356,KXBTCD-25MAY2222-T111499.99,DELTA,29,1014,36,1000,1056,yes,8,-20000
2025-05-22T18:05:31.901742,KXBTCD-25MAY2222-T111499.99,DELTA,29,1014,36,1000,1057,no,10,-20000
2025-05-22T18:05:32.364280,KXBTCD-25MAY2222-T111499.99,DELTA,29,1014,36,1000,1058,yes,5,20000
2025-05-22T18:05:32.402417,KXBTCD-25MAY2222-T111499.99,DELTA,29,1014,36,1000,1059,yes,27,-2000
2025-05-22T18:05:32.402548,KXBTCD-25MAY2222-T111499.99,DELTA,29,1014,36,1000,1060,yes,26,-1250
2025-05-22T18:05:32.442729,KXBTCD-25MAY2222-T111499.99,DELTA,29,1014,36,1000,1061,yes,27,1250
2025-05-22T18:05:32.501716,KXBTCD-25MAY2222-T111499.99,DELTA,29,1014,36,1000,1062,no,63,-121
2025-05-22T18:05:32.501854,KXBTCD-25MAY2222-T111499.99,DELTA,30,250,36,1000,1063,yes,30,250
2025-05-22T18:05:32.522118,KXBTCD-25MAY2222-T111499.99,DELTA,30,250,36,1000,1064,yes,20,-250
2025-05-22T18:05:32.542962,KXBTCD-25MAY2222-T111499.99,DELTA,30,250,36,1000,1065,no,62,121
2025-05-22T18:05:32.562103,KXBTCD-25MAY2222-T111499.99,DELTA,30,250,38,135,1066,no,64,-1000
2025-05-22T18:05:32.644364,KXBTCD-25MAY2222-T111499.99,DELTA,30,250,38,1135,1067,no,62,1000
2025-05-22T18:05:32.763536,KXBTCD-25MAY2222-T111499.99,DELTA,30,250,38,135,1068,no,62,-1000
2025-05-22T18:05:32.824053,KXBTCD-25MAY2222-T111499.99,DELTA,30,250,38,14,1069,no,62,-121
2025-05-22T18:05:32.863911,KXBTCD-25MAY2222-T111499.99,DELTA,30,250,37,1000,1070,no,63,1000
2025-05-22T18:05:32.864141,KXBTCD-25MAY2222-T111499.99,DELTA,30,250,37,1000,1071,no,61,121
2025-05-22T18:05:32.963055,KXBTCD-25MAY2222-T111499.99,DELTA,30,250,37,1000,1072,yes,28,2000
2025-05-22T18:05:33.003228,KXBTCD-25MAY2222-T111499.99,DELTA,30,250,38,14,1073,no,63,-1000
2025-05-22T18:05:33.024195,KXBTCD-25MAY2222-T111499.99,DELTA,30,250,38,14,1074,yes,29,30
2025-05-22T18:05:33.024620,KXBTCD-25MAY2222-T111499.99,DELTA,30,250,38,14,1075,yes,29,-14
2025-05-22T18:05:33.025144,KXBTCD-25MAY2222-T111499.99,DELTA,30,250,38,14,1076,yes,27,-30
2025-05-22T18:05:33.044639,KXBTCD-25MAY2222-T111499.99,DELTA,30,264,38,14,1077,yes,30,14
2025-05-22T18:05:33.045121,KXBTCD-25MAY2222-T111499.99,DELTA,30,264,39,151,1078,no,62,-14
2025-05-22T18:05:33.045543,KXBTCD-25MAY2222-T111499.99,DELTA,30,264,39,151,1079,no,59,30
2025-05-22T18:05:33.045863,KXBTCD-25MAY2222-T111499.99,DELTA,30,264,38,1000,1080,no,62,1000
2025-05-22T18:05:33.046126,KXBTCD-25MAY2222-T111499.99,DELTA,30,264,38,1000,1081,no,60,14
2025-05-22T18:05:33.083266,KXBTCD-25MAY2222-T111499.99,DELTA,30,264,38,1000,1082,yes,28,-2000
2025-05-22T18:05:33.102630,KXBTCD-25MAY2222-T111499.99,DELTA,30,264,38,1000,1083,yes,29,-1000
2025-05-22T18:05:33.102816,KXBTCD-25MAY2222-T111499.99,DELTA,30,264,38,1000,1084,no,61,-30
2025-05-22T18:05:33.102893,KXBTCD-25MAY2222-T111499.99,DELTA,30,264,38,1000,1085,yes,27,-1250
2025-05-22T18:05:33.142635,KXBTCD-25MAY2222-T111499.99,DELTA,31,1000,38,1000,1086,yes,31,1000
2025-05-22T18:05:33.184696,KXBTCD-25MAY2222-T111499.99,DELTA,31,1000,38,1000,1087,yes,28,1250
2025-05-22T18:05:33.281882,KXBTCD-25MAY2222-T111499.99,DELTA,31,1000,38,1000,1088,yes,29,2000
2025-05-22T18:05:33.322441,KXBTCD-25MAY2222-T111499.99,DELTA,31,1000,38,1000,1089,no,56,-250
2025-05-22T18:05:33.322605,KXBTCD-25MAY2222-T111499.99,DELTA,31,1000,38,1000,1090,no,46,250
2025-05-22T18:05:33.382565,KXBTCD-25MAY2222-T111499.99,DELTA,31,1000,38,1000,1091,no,57,-2000
2025-05-22T18:05:33.401814,KXBTCD-25MAY2222-T111499.99,DELTA,31,1000,38,1000,1092,no,57,-1250
2025-05-22T18:05:33.468481,KXBTCD-25MAY2222-T111499.99,DELTA,31,1000,38,1000,1093,no,55,1250
