timestamp,market_ticker,type,yes_bid_price_cents,yes_bid_qty,yes_ask_price_cents,yes_ask_qty_on_no_side,sequence_num,delta_side,delta_price_cents,delta_quantity
2025-05-20T14:00:40.535117,KXBTCD-25MAY2018-T107499.99,SNAPSHOT,13,9,49,9,1,,,
2025-05-20T14:00:40.947938,KXBTCD-25MAY2018-T107499.99,DELTA,13,9,49,9,2,yes,10,100
2025-05-20T14:00:40.967793,KXBTCD-25MAY2018-T107499.99,DELTA,13,9,18,100,3,no,82,100
2025-05-20T14:00:41.085257,KXBTCD-25MAY2018-T107499.99,DELTA,10,100,18,100,4,yes,13,-9
2025-05-20T14:00:41.085469,KXBTCD-25MAY2018-T107499.99,DELTA,11,9,18,100,5,yes,11,9
2025-05-20T14:00:41.641193,KXBTCD-25MAY2018-T107499.99,DELTA,11,9,18,100,6,yes,10,-100
2025-05-20T14:00:41.847311,KXBTCD-25MAY2018-T107499.99,DELTA,,0,18,100,7,yes,11,-9
2025-05-20T14:00:41.848559,KXBTCD-25MAY2018-T107499.99,DELTA,,0,18,100,8,no,51,-9
2025-05-20T14:00:44.426076,KXBTCD-25MAY2018-T107499.99,DELTA,12,100,18,100,9,yes,12,100
2025-05-20T14:00:44.546497,KXBTCD-25MAY2018-T107499.99,DELTA,12,100,18,100,10,no,2,-9
2025-05-20T14:00:44.565365,KXBTCD-25MAY2018-T107499.99,DELTA,12,100,18,100,11,no,51,9
2025-05-20T14:00:45.125493,KXBTCD-25MAY2018-T107499.99,DELTA,12,100,49,9,12,no,82,-100
2025-05-20T14:00:45.210922,KXBTCD-25MAY2018-T107499.99,DELTA,12,100,49,18,13,no,51,9
2025-05-20T14:00:45.212048,KXBTCD-25MAY2018-T107499.99,DELTA,13,9,49,18,14,yes,13,9
2025-05-20T14:00:46.586135,KXBTCD-25MAY2018-T107499.99,DELTA,13,9,20,100,15,no,80,100
2025-05-20T14:00:46.725601,KXBTCD-25MAY2018-T107499.99,DELTA,12,100,20,100,16,yes,13,-9
2025-05-20T14:00:46.725824,KXBTCD-25MAY2018-T107499.99,DELTA,12,100,20,100,17,no,51,-9
2025-05-20T14:00:47.689176,KXBTCD-25MAY2018-T107499.99,DELTA,12,100,20,100,18,no,74,3000
2025-05-20T14:00:47.689899,KXBTCD-25MAY2018-T107499.99,DELTA,12,100,20,100,19,yes,3,80000
2025-05-20T14:00:47.690493,KXBTCD-25MAY2018-T107499.99,DELTA,12,100,20,100,20,no,49,8000
2025-05-20T14:00:48.286628,KXBTCD-25MAY2018-T107499.99,DELTA,12,100,19,1000,21,no,81,1000
2025-05-20T14:00:48.287745,KXBTCD-25MAY2018-T107499.99,DELTA,12,100,19,1000,22,no,51,2000
2025-05-20T14:00:48.326456,KXBTCD-25MAY2018-T107499.99,DELTA,12,100,19,1000,23,no,3,80000
2025-05-20T14:00:48.327313,KXBTCD-25MAY2018-T107499.99,DELTA,12,100,19,1000,24,no,2,20000
2025-05-20T14:00:49.106583,KXBTCD-25MAY2018-T107499.99,DELTA,12,100,19,1000,25,no,1,-32400
2025-05-20T14:00:49.107444,KXBTCD-25MAY2018-T107499.99,DELTA,12,100,19,1000,26,no,4,8100
2025-05-20T14:00:49.165835,KXBTCD-25MAY2018-T107499.99,DELTA,12,100,19,1000,27,no,2,-20000
2025-05-20T14:00:49.204984,KXBTCD-25MAY2018-T107499.99,DELTA,12,100,19,1000,28,no,51,-9
2025-05-20T14:00:49.229669,KXBTCD-25MAY2018-T107499.99,DELTA,12,100,19,1000,29,yes,4,9
2025-05-20T14:00:49.349976,KXBTCD-25MAY2018-T107499.99,DELTA,12,100,19,1000,30,no,5,20000
2025-05-20T14:00:50.449195,KXBTCD-25MAY2018-T107499.99,DELTA,12,100,19,1000,31,no,4,-8100
2025-05-20T14:00:50.449872,KXBTCD-25MAY2018-T107499.99,DELTA,12,100,19,1000,32,no,6,5400
2025-05-20T14:00:50.450336,KXBTCD-25MAY2018-T107499.99,DELTA,4,9,19,1000,33,yes,12,-100
2025-05-20T14:00:50.450731,KXBTCD-25MAY2018-T107499.99,DELTA,4,9,19,1000,34,no,5,-20000
2025-05-20T14:00:50.505897,KXBTCD-25MAY2018-T107499.99,DELTA,4,9,19,1000,35,no,7,20000
2025-05-20T14:00:51.679220,KXBTCD-25MAY2018-T107499.99,DELTA,4,9,19,1000,36,no,6,-5400
2025-05-20T14:00:51.680241,KXBTCD-25MAY2018-T107499.99,DELTA,4,9,19,1000,37,no,8,4050
2025-05-20T14:00:51.680859,KXBTCD-25MAY2018-T107499.99,DELTA,4,9,19,1000,38,no,7,-20000
2025-05-20T14:00:51.706476,KXBTCD-25MAY2018-T107499.99,DELTA,13,100,19,1000,39,yes,13,100
2025-05-20T14:00:51.707410,KXBTCD-25MAY2018-T107499.99,DELTA,13,100,19,1000,40,no,9,20000
2025-05-20T14:00:51.708160,KXBTCD-25MAY2018-T107499.99,DELTA,13,100,19,1000,41,yes,4,-9
2025-05-20T14:00:52.866172,KXBTCD-25MAY2018-T107499.99,DELTA,13,100,19,1000,42,no,8,-4050
2025-05-20T14:00:52.867279,KXBTCD-25MAY2018-T107499.99,DELTA,13,100,19,1000,43,no,10,3240
2025-05-20T14:00:52.946211,KXBTCD-25MAY2018-T107499.99,DELTA,13,100,19,1000,44,no,9,-20000
2025-05-20T14:00:53.006094,KXBTCD-25MAY2018-T107499.99,DELTA,13,100,19,1000,45,no,11,20000
2025-05-20T14:00:53.733129,KXBTCD-25MAY2018-T107499.99,DELTA,13,100,19,1000,46,no,74,-3000
2025-05-20T14:00:53.733946,KXBTCD-25MAY2018-T107499.99,DELTA,13,100,19,1000,47,no,49,-8000
2025-05-20T14:00:53.806417,KXBTCD-25MAY2018-T107499.99,DELTA,13,100,19,1000,48,no,48,8000
2025-05-20T14:00:53.807072,KXBTCD-25MAY2018-T107499.99,DELTA,13,100,19,1000,49,no,73,3000
2025-05-20T14:00:53.826281,KXBTCD-25MAY2018-T107499.99,DELTA,13,100,19,1000,50,yes,4,9
2025-05-20T14:00:54.105968,KXBTCD-25MAY2018-T107499.99,DELTA,13,100,19,1000,51,no,10,-3240
2025-05-20T14:00:54.107015,KXBTCD-25MAY2018-T107499.99,DELTA,13,100,19,1000,52,no,12,2700
2025-05-20T14:00:54.186319,KXBTCD-25MAY2018-T107499.99,DELTA,13,100,19,1000,53,no,11,-20000
2025-05-20T14:00:54.871867,KXBTCD-25MAY2018-T107499.99,DELTA,13,100,19,1000,54,yes,10,14
2025-05-20T14:00:54.872290,KXBTCD-25MAY2018-T107499.99,DELTA,13,100,19,1014,55,no,81,14
2025-05-20T14:00:54.966009,KXBTCD-25MAY2018-T107499.99,DELTA,13,100,19,1014,56,yes,9,30
2025-05-20T14:00:54.966271,KXBTCD-25MAY2018-T107499.99,DELTA,13,100,19,1014,57,no,80,30
2025-05-20T14:00:55.106846,KXBTCD-25MAY2018-T107499.99,DELTA,13,100,19,1014,58,yes,6,30
2025-05-20T14:00:55.107199,KXBTCD-25MAY2018-T107499.99,DELTA,13,100,19,1014,59,yes,9,-30
2025-05-20T14:00:55.107499,KXBTCD-25MAY2018-T107499.99,DELTA,13,100,19,1014,60,no,80,-30
2025-05-20T14:00:55.107603,KXBTCD-25MAY2018-T107499.99,DELTA,13,100,17,30,61,no,83,30
2025-05-20T14:00:55.186524,KXBTCD-25MAY2018-T107499.99,DELTA,13,100,17,30,62,no,81,-1000
2025-05-20T14:00:55.266588,KXBTCD-25MAY2018-T107499.99,DELTA,13,100,16,1000,63,no,84,1000
2025-05-20T14:00:55.288135,KXBTCD-25MAY2018-T107499.99,DELTA,13,100,16,1000,64,yes,7,1000
2025-05-20T14:00:55.485397,KXBTCD-25MAY2018-T107499.99,DELTA,13,100,16,1000,65,no,73,-3000
2025-05-20T14:00:55.505470,KXBTCD-25MAY2018-T107499.99,DELTA,13,100,16,1000,66,no,48,-8000
2025-05-20T14:00:55.545662,KXBTCD-25MAY2018-T107499.99,DELTA,13,100,16,1000,67,yes,10,-14
2025-05-20T14:00:55.546416,KXBTCD-25MAY2018-T107499.99,DELTA,13,100,16,1000,68,yes,8,14
2025-05-20T14:00:55.565814,KXBTCD-25MAY2018-T107499.99,DELTA,13,100,16,1000,69,no,81,-14
2025-05-20T14:00:55.566546,KXBTCD-25MAY2018-T107499.99,DELTA,13,100,16,1000,70,no,83,14
2025-05-20T14:00:55.585248,KXBTCD-25MAY2018-T107499.99,DELTA,13,100,16,1000,71,no,72,3000
2025-05-20T14:00:55.585971,KXBTCD-25MAY2018-T107499.99,DELTA,13,100,16,1000,72,no,47,8000
2025-05-20T14:00:55.978762,KXBTCD-25MAY2018-T107499.99,DELTA,8,14,16,1000,73,yes,13,-100
2025-05-20T14:00:56.025164,KXBTCD-25MAY2018-T107499.99,DELTA,8,14,16,1000,74,yes,4,-9
2025-05-20T14:00:56.206188,KXBTCD-25MAY2018-T107499.99,DELTA,8,14,16,1000,75,no,80,-100
2025-05-20T14:00:56.806218,KXBTCD-25MAY2018-T107499.99,DELTA,15,100,16,1000,76,yes,15,100
2025-05-20T14:00:57.877840,KXBTCD-25MAY2018-T107499.99,DELTA,15,100,16,1000,77,no,77,100
2025-05-20T14:00:58.847781,KXBTCD-25MAY2018-T107499.99,DELTA,15,100,16,1000,78,no,12,-2700
2025-05-20T14:00:58.848709,KXBTCD-25MAY2018-T107499.99,DELTA,15,100,16,1000,79,no,4,8100
2025-05-20T14:00:58.849329,KXBTCD-25MAY2018-T107499.99,DELTA,15,100,16,1000,80,no,5,20000
2025-05-20T14:00:58.886193,KXBTCD-25MAY2018-T107499.99,DELTA,15,100,16,1000,81,yes,9,9
2025-05-20T14:01:00.846271,KXBTCD-25MAY2018-T107499.99,DELTA,15,100,16,1000,82,no,77,-100
2025-05-20T14:01:00.846954,KXBTCD-25MAY2018-T107499.99,DELTA,9,9,16,1000,83,yes,15,-100
2025-05-20T14:01:01.206406,KXBTCD-25MAY2018-T107499.99,DELTA,9,9,16,1000,84,no,4,-8100
2025-05-20T14:01:01.206591,KXBTCD-25MAY2018-T107499.99,DELTA,9,9,16,1000,85,no,6,5400
2025-05-20T14:01:01.264702,KXBTCD-25MAY2018-T107499.99,DELTA,9,9,16,1000,86,no,5,-20000
2025-05-20T14:01:01.304883,KXBTCD-25MAY2018-T107499.99,DELTA,9,9,16,1000,87,no,7,20000
2025-05-20T14:01:02.366573,KXBTCD-25MAY2018-T107499.99,DELTA,9,9,16,1000,88,no,6,-5400
2025-05-20T14:01:02.366916,KXBTCD-25MAY2018-T107499.99,DELTA,9,9,16,1000,89,no,8,4050
2025-05-20T14:01:02.425903,KXBTCD-25MAY2018-T107499.99,DELTA,9,9,16,1000,90,no,7,-20000
2025-05-20T14:01:02.465436,KXBTCD-25MAY2018-T107499.99,DELTA,9,9,16,1000,91,no,9,20000
2025-05-20T14:01:03.485028,KXBTCD-25MAY2018-T107499.99,DELTA,9,9,16,1000,92,no,8,-4050
2025-05-20T14:01:03.485382,KXBTCD-25MAY2018-T107499.99,DELTA,9,9,16,1000,93,no,10,3240
2025-05-20T14:01:03.547364,KXBTCD-25MAY2018-T107499.99,DELTA,9,9,16,1000,94,no,9,-20000
2025-05-20T14:01:03.585576,KXBTCD-25MAY2018-T107499.99,DELTA,8,14,16,1000,95,yes,9,-9
2025-05-20T14:01:03.646430,KXBTCD-25MAY2018-T107499.99,DELTA,8,14,16,1000,96,no,11,20000
2025-05-20T14:01:03.765949,KXBTCD-25MAY2018-T107499.99,DELTA,15,100,16,1000,97,yes,15,100
2025-05-20T14:01:03.786787,KXBTCD-25MAY2018-T107499.99,DELTA,15,100,16,1000,98,no,77,100
2025-05-20T14:01:04.585358,KXBTCD-25MAY2018-T107499.99,DELTA,15,100,16,1000,99,no,10,-3240
2025-05-20T14:01:04.585815,KXBTCD-25MAY2018-T107499.99,DELTA,15,100,16,1000,100,no,12,2700
2025-05-20T14:01:04.686024,KXBTCD-25MAY2018-T107499.99,DELTA,15,100,16,1000,101,no,11,-20000
2025-05-20T14:01:05.704987,KXBTCD-25MAY2018-T107499.99,DELTA,15,100,16,1000,102,no,12,-2700
2025-05-20T14:01:05.705573,KXBTCD-25MAY2018-T107499.99,DELTA,15,100,16,1000,103,no,4,8100
2025-05-20T14:01:05.805095,KXBTCD-25MAY2018-T107499.99,DELTA,15,100,16,1000,104,yes,9,9
2025-05-20T14:01:05.885335,KXBTCD-25MAY2018-T107499.99,DELTA,15,100,16,1000,105,no,5,20000
2025-05-20T14:01:06.266716,KXBTCD-25MAY2018-T107499.99,DELTA,9,9,16,1000,106,yes,15,-100
2025-05-20T14:01:07.326086,KXBTCD-25MAY2018-T107499.99,DELTA,15,100,16,1000,107,yes,15,100
2025-05-20T14:01:09.394655,KXBTCD-25MAY2018-T107499.99,DELTA,15,100,16,1000,108,yes,8,30
2025-05-20T14:01:09.396165,KXBTCD-25MAY2018-T107499.99,DELTA,15,100,16,1000,109,yes,6,-30
2025-05-20T14:01:09.397181,KXBTCD-25MAY2018-T107499.99,DELTA,15,100,16,1000,110,no,81,30
2025-05-20T14:01:09.397771,KXBTCD-25MAY2018-T107499.99,DELTA,15,100,16,1000,111,no,83,-30
2025-05-20T14:01:09.398330,KXBTCD-25MAY2018-T107499.99,DELTA,15,100,16,1000,112,yes,8,-14
2025-05-20T14:01:09.398945,KXBTCD-25MAY2018-T107499.99,DELTA,15,100,16,1000,113,yes,9,14
2025-05-20T14:01:09.399491,KXBTCD-25MAY2018-T107499.99,DELTA,15,100,16,1000,114,no,82,14
2025-05-20T14:01:09.399982,KXBTCD-25MAY2018-T107499.99,DELTA,15,100,16,1000,115,no,83,-14
2025-05-20T14:01:09.400484,KXBTCD-25MAY2018-T107499.99,DELTA,15,100,16,1000,116,yes,7,-1000
2025-05-20T14:01:09.410768,KXBTCD-25MAY2018-T107499.99,DELTA,15,100,18,14,117,no,84,-1000
2025-05-20T14:01:09.466416,KXBTCD-25MAY2018-T107499.99,DELTA,15,100,18,1014,118,no,82,1000
2025-05-20T14:01:09.489453,KXBTCD-25MAY2018-T107499.99,DELTA,15,100,18,1014,119,yes,9,1000
2025-05-20T14:01:09.727408,KXBTCD-25MAY2018-T107499.99,DELTA,15,100,18,1014,120,no,72,-3000
2025-05-20T14:01:09.746046,KXBTCD-25MAY2018-T107499.99,DELTA,15,100,18,1014,121,no,47,-8000
2025-05-20T14:01:09.808348,KXBTCD-25MAY2018-T107499.99,DELTA,15,100,18,1014,122,no,45,8000
2025-05-20T14:01:09.809239,KXBTCD-25MAY2018-T107499.99,DELTA,15,100,18,1014,123,no,71,3000
2025-05-20T14:01:10.346496,KXBTCD-25MAY2018-T107499.99,DELTA,15,100,18,1014,124,no,4,-8100
2025-05-20T14:01:10.347378,KXBTCD-25MAY2018-T107499.99,DELTA,15,100,18,1014,125,no,6,5400
2025-05-20T14:01:10.385761,KXBTCD-25MAY2018-T107499.99,DELTA,9,1023,18,1014,126,yes,15,-100
2025-05-20T14:01:10.405367,KXBTCD-25MAY2018-T107499.99,DELTA,9,1023,18,1014,127,no,5,-20000
2025-05-20T14:01:10.445363,KXBTCD-25MAY2018-T107499.99,DELTA,9,1023,18,1014,128,no,7,20000
2025-05-20T14:01:11.966187,KXBTCD-25MAY2018-T107499.99,DELTA,9,1023,18,1014,129,no,77,-100
2025-05-20T14:01:12.065297,KXBTCD-25MAY2018-T107499.99,DELTA,9,1014,18,1014,130,yes,9,-9
2025-05-20T14:01:12.345108,KXBTCD-25MAY2018-T107499.99,DELTA,17,100,18,1014,131,yes,17,100
2025-05-20T14:01:12.905100,KXBTCD-25MAY2018-T107499.99,DELTA,17,100,18,1014,132,no,6,-5400
2025-05-20T14:01:12.905840,KXBTCD-25MAY2018-T107499.99,DELTA,17,100,18,1014,133,no,8,4050
2025-05-20T14:01:12.964802,KXBTCD-25MAY2018-T107499.99,DELTA,17,100,18,1014,134,no,7,-20000
2025-05-20T14:01:13.005360,KXBTCD-25MAY2018-T107499.99,DELTA,17,100,18,1014,135,no,9,20000
2025-05-20T14:01:13.085100,KXBTCD-25MAY2018-T107499.99,DELTA,17,100,18,1014,136,no,75,100
2025-05-20T14:01:14.006529,KXBTCD-25MAY2018-T107499.99,DELTA,17,100,18,1014,137,no,75,-100
2025-05-20T14:01:14.085349,KXBTCD-25MAY2018-T107499.99,DELTA,17,100,18,1014,138,no,8,-4050
2025-05-20T14:01:14.085656,KXBTCD-25MAY2018-T107499.99,DELTA,17,100,18,1014,139,no,10,3240
2025-05-20T14:01:14.125624,KXBTCD-25MAY2018-T107499.99,DELTA,17,100,18,1014,140,yes,10,9
2025-05-20T14:01:14.144976,KXBTCD-25MAY2018-T107499.99,DELTA,17,100,18,1014,141,no,9,-20000
2025-05-20T14:01:14.210299,KXBTCD-25MAY2018-T107499.99,DELTA,17,100,18,1014,142,no,11,20000
2025-05-20T14:01:14.866763,KXBTCD-25MAY2018-T107499.99,DELTA,17,400,18,1014,143,yes,17,300
2025-05-20T14:01:14.886707,KXBTCD-25MAY2018-T107499.99,DELTA,17,400,18,1014,144,no,80,100
2025-05-20T14:01:15.346682,KXBTCD-25MAY2018-T107499.99,DELTA,17,400,18,1014,145,no,10,-3240
2025-05-20T14:01:15.347470,KXBTCD-25MAY2018-T107499.99,DELTA,17,400,18,1014,146,no,12,2700
2025-05-20T14:01:15.426885,KXBTCD-25MAY2018-T107499.99,DELTA,17,400,18,1014,147,no,11,-20000
2025-05-20T14:01:16.047395,KXBTCD-25MAY2018-T107499.99,DELTA,17,400,18,1014,148,no,75,100
2025-05-20T14:01:16.525753,KXBTCD-25MAY2018-T107499.99,DELTA,17,400,18,1014,149,no,12,-2700
2025-05-20T14:01:16.526707,KXBTCD-25MAY2018-T107499.99,DELTA,17,400,18,1014,150,no,4,8100
2025-05-20T14:01:16.586149,KXBTCD-25MAY2018-T107499.99,DELTA,17,400,18,1014,151,no,5,20000
2025-05-20T14:01:17.365779,KXBTCD-25MAY2018-T107499.99,DELTA,17,400,18,1014,152,no,80,-100
2025-05-20T14:01:17.404699,KXBTCD-25MAY2018-T107499.99,DELTA,17,400,18,1014,153,no,80,250
2025-05-20T14:01:17.485537,KXBTCD-25MAY2018-T107499.99,DELTA,17,400,18,1014,154,no,51,-2000
2025-05-20T14:01:17.665556,KXBTCD-25MAY2018-T107499.99,DELTA,17,400,18,1014,155,no,81,1250
2025-05-20T14:01:17.665908,KXBTCD-25MAY2018-T107499.99,DELTA,17,400,18,1014,156,no,80,2000
2025-05-20T14:01:17.725390,KXBTCD-25MAY2018-T107499.99,DELTA,17,400,18,1014,157,no,4,-8100
2025-05-20T14:01:17.725645,KXBTCD-25MAY2018-T107499.99,DELTA,17,400,18,1014,158,no,6,5400
2025-05-20T14:01:17.785252,KXBTCD-25MAY2018-T107499.99,DELTA,17,400,18,1014,159,no,5,-20000
2025-05-20T14:01:17.825450,KXBTCD-25MAY2018-T107499.99,DELTA,17,400,18,1014,160,no,7,20000
2025-05-20T14:01:18.385605,KXBTCD-25MAY2018-T107499.99,DELTA,17,400,18,1014,161,no,75,-100
2025-05-20T14:01:19.285383,KXBTCD-25MAY2018-T107499.99,DELTA,17,400,18,1014,162,no,80,-2000
2025-05-20T14:01:19.347631,KXBTCD-25MAY2018-T107499.99,DELTA,17,100,18,1014,163,yes,17,-300
2025-05-20T14:01:19.365742,KXBTCD-25MAY2018-T107499.99,DELTA,17,100,18,1014,164,no,75,100
2025-05-20T14:01:19.553470,KXBTCD-25MAY2018-T107499.99,DELTA,17,100,18,1014,165,no,81,2000
2025-05-20T14:01:19.554666,KXBTCD-25MAY2018-T107499.99,DELTA,17,100,18,1014,166,yes,16,300
2025-05-20T14:01:20.326044,KXBTCD-25MAY2018-T107499.99,DELTA,17,100,18,1014,167,no,75,-100
2025-05-20T14:01:20.486161,KXBTCD-25MAY2018-T107499.99,DELTA,17,100,18,1014,168,yes,9,-14
2025-05-20T14:01:20.486962,KXBTCD-25MAY2018-T107499.99,DELTA,17,100,18,1014,169,yes,13,14
2025-05-20T14:01:20.506843,KXBTCD-25MAY2018-T107499.99,DELTA,17,100,18,1014,170,no,78,14
2025-05-20T14:01:20.507934,KXBTCD-25MAY2018-T107499.99,DELTA,17,100,18,1000,171,no,82,-14
2025-05-20T14:01:20.746203,KXBTCD-25MAY2018-T107499.99,DELTA,17,100,18,1000,172,no,81,-2000
2025-05-20T14:01:20.786463,KXBTCD-25MAY2018-T107499.99,DELTA,17,100,18,1000,173,yes,8,-30
2025-05-20T14:01:20.787241,KXBTCD-25MAY2018-T107499.99,DELTA,17,100,18,1000,174,yes,12,30
2025-05-20T14:01:20.806533,KXBTCD-25MAY2018-T107499.99,DELTA,17,100,18,1000,175,no,77,30
2025-05-20T14:01:20.807567,KXBTCD-25MAY2018-T107499.99,DELTA,17,100,18,1000,176,no,81,-30
2025-05-20T14:01:20.825487,KXBTCD-25MAY2018-T107499.99,DELTA,17,100,18,1000,177,no,80,2000
2025-05-20T14:01:20.885645,KXBTCD-25MAY2018-T107499.99,DELTA,17,100,18,1000,178,yes,9,-1000
2025-05-20T14:01:20.957477,KXBTCD-25MAY2018-T107499.99,DELTA,17,100,19,1250,179,no,82,-1000
2025-05-20T14:01:20.959120,KXBTCD-25MAY2018-T107499.99,DELTA,17,100,19,1250,180,yes,12,1000
2025-05-20T14:01:21.045679,KXBTCD-25MAY2018-T107499.99,DELTA,17,100,19,2250,181,no,81,1000
2025-05-20T14:01:21.106945,KXBTCD-25MAY2018-T107499.99,DELTA,17,100,19,2250,182,yes,16,-300
2025-05-20T14:01:21.145537,KXBTCD-25MAY2018-T107499.99,DELTA,17,100,19,2250,183,no,80,-250
2025-05-20T14:01:21.245867,KXBTCD-25MAY2018-T107499.99,DELTA,17,100,19,2250,184,no,75,100
2025-05-20T14:01:21.246583,KXBTCD-25MAY2018-T107499.99,DELTA,17,100,19,2250,185,yes,12,-1000
2025-05-20T14:01:21.247045,KXBTCD-25MAY2018-T107499.99,DELTA,17,100,19,2250,186,no,80,-2000
2025-05-20T14:01:21.266197,KXBTCD-25MAY2018-T107499.99,DELTA,17,100,19,1250,187,no,81,-1000
2025-05-20T14:01:21.267096,KXBTCD-25MAY2018-T107499.99,DELTA,17,100,22,14,188,no,81,-1250
2025-05-20T14:01:21.368355,KXBTCD-25MAY2018-T107499.99,DELTA,17,100,22,14,189,no,51,2000
2025-05-20T14:01:21.369200,KXBTCD-25MAY2018-T107499.99,DELTA,17,100,22,1014,190,no,78,1000
2025-05-20T14:01:21.446886,KXBTCD-25MAY2018-T107499.99,DELTA,17,100,22,1014,191,no,75,-100
2025-05-20T14:01:21.486870,KXBTCD-25MAY2018-T107499.99,DELTA,17,100,22,1014,192,yes,10,-9
2025-05-20T14:01:21.487839,KXBTCD-25MAY2018-T107499.99,DELTA,17,100,22,1014,193,yes,13,9
2025-05-20T14:01:21.488585,KXBTCD-25MAY2018-T107499.99,DELTA,17,300,22,1014,194,yes,17,200
2025-05-20T14:01:21.506313,KXBTCD-25MAY2018-T107499.99,DELTA,17,300,20,150,195,no,80,150
2025-05-20T14:01:21.607545,KXBTCD-25MAY2018-T107499.99,DELTA,17,300,20,150,196,yes,9,30
2025-05-20T14:01:21.608622,KXBTCD-25MAY2018-T107499.99,DELTA,17,300,20,150,197,yes,12,-30
2025-05-20T14:01:21.609786,KXBTCD-25MAY2018-T107499.99,DELTA,17,300,20,150,198,no,51,-2000
2025-05-20T14:01:21.610324,KXBTCD-25MAY2018-T107499.99,DELTA,17,300,20,150,199,no,78,-1000
2025-05-20T14:01:21.610641,KXBTCD-25MAY2018-T107499.99,DELTA,17,300,20,150,200,no,77,-30
2025-05-20T14:01:21.610959,KXBTCD-25MAY2018-T107499.99,DELTA,17,300,20,180,201,no,80,30
2025-05-20T14:01:21.726711,KXBTCD-25MAY2018-T107499.99,DELTA,17,300,19,1000,202,no,81,1000
2025-05-20T14:01:21.727663,KXBTCD-25MAY2018-T107499.99,DELTA,17,100,19,1000,203,yes,17,-200
2025-05-20T14:01:21.745661,KXBTCD-25MAY2018-T107499.99,DELTA,17,100,19,1000,204,no,80,-150
2025-05-20T14:01:21.746558,KXBTCD-25MAY2018-T107499.99,DELTA,17,100,19,3000,205,no,81,2000
2025-05-20T14:01:21.766885,KXBTCD-25MAY2018-T107499.99,DELTA,17,100,19,3000,206,yes,10,1000
2025-05-20T14:01:22.069463,KXBTCD-25MAY2018-T107499.99,DELTA,17,100,19,3000,207,yes,13,-14
2025-05-20T14:01:22.086214,KXBTCD-25MAY2018-T107499.99,DELTA,17,100,19,3000,208,yes,10,14
2025-05-20T14:01:22.086849,KXBTCD-25MAY2018-T107499.99,DELTA,17,100,19,3000,209,no,78,-14
2025-05-20T14:01:22.087452,KXBTCD-25MAY2018-T107499.99,DELTA,17,100,19,3014,210,no,81,14
2025-05-20T14:01:22.107317,KXBTCD-25MAY2018-T107499.99,DELTA,17,100,19,1014,211,no,81,-2000
2025-05-20T14:01:22.385070,KXBTCD-25MAY2018-T107499.99,DELTA,17,100,19,1014,212,no,51,2000
2025-05-20T14:01:22.464669,KXBTCD-25MAY2018-T107499.99,DELTA,17,100,19,1014,213,no,6,-5400
2025-05-20T14:01:22.465390,KXBTCD-25MAY2018-T107499.99,DELTA,17,100,19,1014,214,no,8,4050
2025-05-20T14:01:22.525029,KXBTCD-25MAY2018-T107499.99,DELTA,17,100,19,1014,215,no,7,-20000
2025-05-20T14:01:22.566745,KXBTCD-25MAY2018-T107499.99,DELTA,17,100,19,1014,216,no,9,20000
2025-05-20T14:01:23.045049,KXBTCD-25MAY2018-T107499.99,DELTA,17,100,19,1014,217,no,76,100
2025-05-20T14:01:23.831978,KXBTCD-25MAY2018-T107499.99,DELTA,13,9,19,1014,218,yes,17,-100
2025-05-20T14:01:23.846673,KXBTCD-25MAY2018-T107499.99,DELTA,10,1014,19,1014,219,yes,13,-9
2025-05-20T14:01:24.605817,KXBTCD-25MAY2018-T107499.99,DELTA,10,1014,19,1014,220,no,76,-100
2025-05-20T14:01:25.186116,KXBTCD-25MAY2018-T107499.99,DELTA,10,1014,19,1014,221,no,8,-4050
2025-05-20T14:01:25.186791,KXBTCD-25MAY2018-T107499.99,DELTA,10,1014,19,1014,222,no,10,3240
2025-05-20T14:01:25.250383,KXBTCD-25MAY2018-T107499.99,DELTA,10,1014,19,1014,223,no,9,-20000
2025-05-20T14:01:25.285494,KXBTCD-25MAY2018-T107499.99,DELTA,10,1014,19,1014,224,no,11,20000
2025-05-20T14:01:26.145965,KXBTCD-25MAY2018-T107499.99,DELTA,13,100,19,1014,225,yes,13,100
2025-05-20T14:01:26.406302,KXBTCD-25MAY2018-T107499.99,DELTA,13,100,19,1014,226,no,10,-3240
2025-05-20T14:01:26.407409,KXBTCD-25MAY2018-T107499.99,DELTA,13,100,19,1014,227,no,12,2700
2025-05-20T14:01:26.466352,KXBTCD-25MAY2018-T107499.99,DELTA,13,100,19,1014,228,no,11,-20000
2025-05-20T14:01:27.265915,KXBTCD-25MAY2018-T107499.99,DELTA,13,100,19,1014,229,no,79,100
2025-05-20T14:01:27.364831,KXBTCD-25MAY2018-T107499.99,DELTA,10,1014,19,1014,230,yes,13,-100
2025-05-20T14:01:27.607666,KXBTCD-25MAY2018-T107499.99,DELTA,10,1014,19,1014,231,no,12,-2700
2025-05-20T14:01:27.608865,KXBTCD-25MAY2018-T107499.99,DELTA,10,1014,19,1014,232,no,4,8100
2025-05-20T14:01:27.707234,KXBTCD-25MAY2018-T107499.99,DELTA,10,1014,19,1014,233,no,5,20000
2025-05-20T14:01:28.706564,KXBTCD-25MAY2018-T107499.99,DELTA,13,100,19,1014,234,yes,13,100
2025-05-20T14:01:29.505525,KXBTCD-25MAY2018-T107499.99,DELTA,13,100,19,1014,235,no,4,-8100
2025-05-20T14:01:29.506020,KXBTCD-25MAY2018-T107499.99,DELTA,13,100,19,1014,236,no,6,5400
2025-05-20T14:01:29.585778,KXBTCD-25MAY2018-T107499.99,DELTA,13,100,19,1014,237,no,5,-20000
2025-05-20T14:01:29.785780,KXBTCD-25MAY2018-T107499.99,DELTA,13,100,19,1014,238,no,7,20000
2025-05-20T14:01:31.225897,KXBTCD-25MAY2018-T107499.99,DELTA,13,100,19,1014,239,no,6,-5400
2025-05-20T14:01:31.226904,KXBTCD-25MAY2018-T107499.99,DELTA,13,100,19,1014,240,no,8,4050
2025-05-20T14:01:31.286044,KXBTCD-25MAY2018-T107499.99,DELTA,13,100,19,1014,241,no,7,-20000
2025-05-20T14:01:31.326110,KXBTCD-25MAY2018-T107499.99,DELTA,13,100,19,1014,242,no,9,20000
2025-05-20T14:01:32.745770,KXBTCD-25MAY2018-T107499.99,DELTA,13,100,19,1014,243,yes,7,30
2025-05-20T14:01:32.746318,KXBTCD-25MAY2018-T107499.99,DELTA,13,100,19,1014,244,yes,8,14
2025-05-20T14:01:32.746524,KXBTCD-25MAY2018-T107499.99,DELTA,13,100,19,1014,245,yes,10,-14
2025-05-20T14:01:32.746677,KXBTCD-25MAY2018-T107499.99,DELTA,13,100,19,1014,246,yes,9,-30
2025-05-20T14:01:32.765965,KXBTCD-25MAY2018-T107499.99,DELTA,13,100,19,1014,247,no,80,-30
2025-05-20T14:01:32.766417,KXBTCD-25MAY2018-T107499.99,DELTA,13,100,18,30,248,no,82,30
2025-05-20T14:01:32.766607,KXBTCD-25MAY2018-T107499.99,DELTA,13,100,18,30,249,no,81,-14
2025-05-20T14:01:32.766751,KXBTCD-25MAY2018-T107499.99,DELTA,13,100,17,14,250,no,83,14
2025-05-20T14:01:32.826317,KXBTCD-25MAY2018-T107499.99,DELTA,13,100,17,14,251,yes,10,-1000
2025-05-20T14:01:32.866125,KXBTCD-25MAY2018-T107499.99,DELTA,13,100,17,14,252,no,81,-1000
2025-05-20T14:01:32.885833,KXBTCD-25MAY2018-T107499.99,DELTA,13,100,17,14,253,yes,8,1000
2025-05-20T14:01:32.925600,KXBTCD-25MAY2018-T107499.99,DELTA,13,100,17,1014,254,no,83,1000
2025-05-20T14:01:34.366807,KXBTCD-25MAY2018-T107499.99,DELTA,13,100,17,1014,255,no,79,-100
2025-05-20T14:01:34.486354,KXBTCD-25MAY2018-T107499.99,DELTA,13,100,17,1014,256,yes,9,9
2025-05-20T14:01:34.688443,KXBTCD-25MAY2018-T107499.99,DELTA,13,100,17,1014,257,yes,11,14
2025-05-20T14:01:34.689024,KXBTCD-25MAY2018-T107499.99,DELTA,13,100,17,1014,258,yes,8,-14
2025-05-20T14:01:34.689356,KXBTCD-25MAY2018-T107499.99,DELTA,13,100,17,1000,259,no,83,-14
2025-05-20T14:01:34.689682,KXBTCD-25MAY2018-T107499.99,DELTA,13,100,17,1000,260,no,80,14
2025-05-20T14:01:34.826858,KXBTCD-25MAY2018-T107499.99,DELTA,13,100,17,1000,261,yes,10,30
2025-05-20T14:01:34.827978,KXBTCD-25MAY2018-T107499.99,DELTA,13,100,17,1000,262,yes,7,-30
2025-05-20T14:01:34.828988,KXBTCD-25MAY2018-T107499.99,DELTA,13,100,17,1000,263,no,82,-30
2025-05-20T14:01:34.829889,KXBTCD-25MAY2018-T107499.99,DELTA,13,100,17,1000,264,no,79,30
2025-05-20T14:01:34.886558,KXBTCD-25MAY2018-T107499.99,DELTA,13,100,17,1000,265,yes,8,-1000
2025-05-20T14:01:34.905797,KXBTCD-25MAY2018-T107499.99,DELTA,13,100,20,14,266,no,83,-1000
2025-05-20T14:01:34.966037,KXBTCD-25MAY2018-T107499.99,DELTA,13,100,20,1014,267,no,80,1000
2025-05-20T14:01:35.565158,KXBTCD-25MAY2018-T107499.99,DELTA,13,100,20,1114,268,no,80,100
2025-05-20T14:01:35.607175,KXBTCD-25MAY2018-T107499.99,DELTA,13,100,20,1114,269,yes,10,-30
2025-05-20T14:01:35.607509,KXBTCD-25MAY2018-T107499.99,DELTA,13,100,20,1114,270,yes,6,30
2025-05-20T14:01:35.625027,KXBTCD-25MAY2018-T107499.99,DELTA,13,100,20,1114,271,no,79,-30
2025-05-20T14:01:35.625378,KXBTCD-25MAY2018-T107499.99,DELTA,13,100,20,114,272,no,80,-1000
2025-05-20T14:01:35.625511,KXBTCD-25MAY2018-T107499.99,DELTA,13,100,17,30,273,no,83,30
2025-05-20T14:01:35.684933,KXBTCD-25MAY2018-T107499.99,DELTA,13,100,17,30,274,yes,7,1000
2025-05-20T14:01:35.685475,KXBTCD-25MAY2018-T107499.99,DELTA,13,100,17,30,275,no,81,1000
2025-05-20T14:01:35.725831,KXBTCD-25MAY2018-T107499.99,DELTA,13,100,17,30,276,no,81,-1000
2025-05-20T14:01:35.764942,KXBTCD-25MAY2018-T107499.99,DELTA,13,100,16,1000,277,no,84,1000
2025-05-20T14:01:36.245216,KXBTCD-25MAY2018-T107499.99,DELTA,13,100,16,1000,278,yes,11,-14
2025-05-20T14:01:36.245474,KXBTCD-25MAY2018-T107499.99,DELTA,13,100,16,1000,279,yes,7,14
2025-05-20T14:01:36.265199,KXBTCD-25MAY2018-T107499.99,DELTA,13,100,16,1000,280,no,80,-14
2025-05-20T14:01:36.265361,KXBTCD-25MAY2018-T107499.99,DELTA,13,100,16,1014,281,no,84,14
2025-05-20T14:01:37.025163,KXBTCD-25MAY2018-T107499.99,DELTA,13,100,16,1014,282,yes,7,-14
2025-05-20T14:01:37.025406,KXBTCD-25MAY2018-T107499.99,DELTA,13,100,16,1014,283,yes,11,14
2025-05-20T14:01:37.045684,KXBTCD-25MAY2018-T107499.99,DELTA,13,100,16,1000,284,no,84,-14
2025-05-20T14:01:37.045901,KXBTCD-25MAY2018-T107499.99,DELTA,13,100,16,1000,285,no,80,14
2025-05-20T14:01:37.146632,KXBTCD-25MAY2018-T107499.99,DELTA,13,100,16,1000,286,yes,8,9
2025-05-20T14:01:37.146861,KXBTCD-25MAY2018-T107499.99,DELTA,13,100,16,1000,287,yes,9,-9
2025-05-20T14:01:37.185400,KXBTCD-25MAY2018-T107499.99,DELTA,13,100,16,1000,288,yes,10,30
2025-05-20T14:01:37.185710,KXBTCD-25MAY2018-T107499.99,DELTA,13,100,16,1000,289,yes,6,-30
2025-05-20T14:01:37.205148,KXBTCD-25MAY2018-T107499.99,DELTA,13,100,16,1000,290,no,83,-30
2025-05-20T14:01:37.205336,KXBTCD-25MAY2018-T107499.99,DELTA,13,100,16,1000,291,no,79,30
2025-05-20T14:01:37.305666,KXBTCD-25MAY2018-T107499.99,DELTA,13,100,16,1000,292,yes,7,-1000
2025-05-20T14:01:37.325017,KXBTCD-25MAY2018-T107499.99,DELTA,13,100,20,114,293,no,84,-1000
2025-05-20T14:01:37.385187,KXBTCD-25MAY2018-T107499.99,DELTA,13,100,19,1000,294,no,81,1000
2025-05-20T14:01:37.424462,KXBTCD-25MAY2018-T107499.99,DELTA,13,100,19,1000,295,no,8,-4050
2025-05-20T14:01:37.424744,KXBTCD-25MAY2018-T107499.99,DELTA,13,100,19,1000,296,no,10,3240
2025-05-20T14:01:37.484577,KXBTCD-25MAY2018-T107499.99,DELTA,13,100,19,1000,297,no,9,-20000
2025-05-20T14:01:37.525332,KXBTCD-25MAY2018-T107499.99,DELTA,13,100,19,1000,298,no,11,20000
2025-05-20T14:01:38.586083,KXBTCD-25MAY2018-T107499.99,DELTA,13,100,19,1000,299,yes,8,14
2025-05-20T14:01:38.586743,KXBTCD-25MAY2018-T107499.99,DELTA,13,100,19,1000,300,yes,11,-14
2025-05-20T14:01:38.587184,KXBTCD-25MAY2018-T107499.99,DELTA,13,100,17,14,301,no,83,14
2025-05-20T14:01:38.588261,KXBTCD-25MAY2018-T107499.99,DELTA,13,100,17,14,302,no,80,-14
2025-05-20T14:01:38.726254,KXBTCD-25MAY2018-T107499.99,DELTA,13,100,17,14,303,yes,10,1000
2025-05-20T14:01:38.745999,KXBTCD-25MAY2018-T107499.99,DELTA,13,100,17,14,304,yes,7,30
2025-05-20T14:01:38.746529,KXBTCD-25MAY2018-T107499.99,DELTA,13,100,17,14,305,yes,10,-30
2025-05-20T14:01:38.746816,KXBTCD-25MAY2018-T107499.99,DELTA,13,100,17,14,306,no,82,30
2025-05-20T14:01:38.746986,KXBTCD-25MAY2018-T107499.99,DELTA,13,100,17,14,307,no,79,-30
2025-05-20T14:01:38.820543,KXBTCD-25MAY2018-T107499.99,DELTA,13,100,17,14,308,yes,10,-1000
2025-05-20T14:01:38.834243,KXBTCD-25MAY2018-T107499.99,DELTA,13,100,17,14,309,no,81,-1000
2025-05-20T14:01:38.885970,KXBTCD-25MAY2018-T107499.99,DELTA,13,100,17,1014,310,no,83,1000
2025-05-20T14:01:38.886367,KXBTCD-25MAY2018-T107499.99,DELTA,13,100,17,1014,311,yes,8,1000
2025-05-20T14:01:39.545868,KXBTCD-25MAY2018-T107499.99,DELTA,13,100,17,1014,312,no,80,-100
2025-05-20T14:01:39.666493,KXBTCD-25MAY2018-T107499.99,DELTA,13,100,17,1014,313,yes,8,-9
2025-05-20T14:01:39.667453,KXBTCD-25MAY2018-T107499.99,DELTA,13,100,17,1014,314,yes,9,9
2025-05-20T14:01:40.273605,KXBTCD-25MAY2018-T107499.99,DELTA,13,100,17,1014,315,no,79,100
2025-05-20T14:01:40.550119,KXBTCD-25MAY2018-T107499.99,DELTA,13,100,17,1014,316,no,10,-3240
2025-05-20T14:01:40.550623,KXBTCD-25MAY2018-T107499.99,DELTA,13,100,17,1014,317,no,12,2700
2025-05-20T14:01:40.625761,KXBTCD-25MAY2018-T107499.99,DELTA,13,100,17,1014,318,no,11,-20000
2025-05-20T14:01:41.768199,KXBTCD-25MAY2018-T107499.99,DELTA,13,100,17,1014,319,no,12,-2700
2025-05-20T14:01:41.769311,KXBTCD-25MAY2018-T107499.99,DELTA,13,100,17,1014,320,no,4,8100
2025-05-20T14:01:41.846114,KXBTCD-25MAY2018-T107499.99,DELTA,13,100,17,1014,321,no,5,20000
2025-05-20T14:01:42.946498,KXBTCD-25MAY2018-T107499.99,DELTA,13,100,17,1014,322,no,4,-8100
2025-05-20T14:01:42.947336,KXBTCD-25MAY2018-T107499.99,DELTA,13,100,17,1014,323,no,6,5400
2025-05-20T14:01:43.027057,KXBTCD-25MAY2018-T107499.99,DELTA,13,100,17,1014,324,no,5,-20000
2025-05-20T14:01:43.065042,KXBTCD-25MAY2018-T107499.99,DELTA,13,100,17,1014,325,no,7,20000
2025-05-20T14:01:44.107388,KXBTCD-25MAY2018-T107499.99,DELTA,13,100,17,1014,326,no,6,-5400
2025-05-20T14:01:44.109304,KXBTCD-25MAY2018-T107499.99,DELTA,13,100,17,1014,327,no,8,4050
2025-05-20T14:01:44.186928,KXBTCD-25MAY2018-T107499.99,DELTA,13,100,17,1014,328,no,7,-20000
2025-05-20T14:01:44.285174,KXBTCD-25MAY2018-T107499.99,DELTA,13,100,17,1014,329,no,9,20000
2025-05-20T14:01:45.326631,KXBTCD-25MAY2018-T107499.99,DELTA,13,100,17,1014,330,no,8,-4050
2025-05-20T14:01:45.327942,KXBTCD-25MAY2018-T107499.99,DELTA,13,100,17,1014,331,no,10,3240
2025-05-20T14:01:45.387142,KXBTCD-25MAY2018-T107499.99,DELTA,13,100,17,1014,332,no,9,-20000
2025-05-20T14:01:45.427615,KXBTCD-25MAY2018-T107499.99,DELTA,13,100,17,1014,333,no,11,20000
2025-05-20T14:01:47.325397,KXBTCD-25MAY2018-T107499.99,DELTA,13,100,17,1014,334,no,79,-100
2025-05-20T14:01:49.027212,KXBTCD-25MAY2018-T107499.99,DELTA,13,100,17,1014,335,no,80,100
2025-05-20T14:01:50.205882,KXBTCD-25MAY2018-T107499.99,DELTA,13,100,17,1014,336,no,10,-3240
2025-05-20T14:01:50.206146,KXBTCD-25MAY2018-T107499.99,DELTA,13,100,17,1014,337,no,12,2700
2025-05-20T14:01:50.224373,KXBTCD-25MAY2018-T107499.99,DELTA,13,110,17,1014,338,yes,13,10
2025-05-20T14:01:50.285170,KXBTCD-25MAY2018-T107499.99,DELTA,13,110,17,1014,339,no,11,-20000
2025-05-20T14:01:52.606578,KXBTCD-25MAY2018-T107499.99,DELTA,13,110,17,1014,340,no,12,-2700
2025-05-20T14:01:52.606927,KXBTCD-25MAY2018-T107499.99,DELTA,13,110,17,1014,341,no,4,8100
2025-05-20T14:01:52.665129,KXBTCD-25MAY2018-T107499.99,DELTA,13,110,17,1014,342,no,5,20000
2025-05-20T14:01:53.405966,KXBTCD-25MAY2018-T107499.99,DELTA,13,110,17,1014,343,yes,12,450
2025-05-20T14:01:53.424917,KXBTCD-25MAY2018-T107499.99,DELTA,13,110,16,50,344,no,84,50
2025-05-20T14:01:53.485482,KXBTCD-25MAY2018-T107499.99,DELTA,13,110,16,50,345,no,83,-1000
2025-05-20T14:01:53.606961,KXBTCD-25MAY2018-T107499.99,DELTA,13,110,15,1000,346,no,85,1000
2025-05-20T14:01:53.705702,KXBTCD-25MAY2018-T107499.99,DELTA,13,110,15,1000,347,no,84,-50
2025-05-20T14:01:53.727006,KXBTCD-25MAY2018-T107499.99,DELTA,13,110,15,1000,348,no,4,-8100
2025-05-20T14:01:53.727713,KXBTCD-25MAY2018-T107499.99,DELTA,13,110,15,1000,349,no,6,5400
2025-05-20T14:01:53.766074,KXBTCD-25MAY2018-T107499.99,DELTA,13,110,17,14,350,no,85,-1000
2025-05-20T14:01:53.792846,KXBTCD-25MAY2018-T107499.99,DELTA,13,110,16,150,351,no,84,150
2025-05-20T14:01:53.805246,KXBTCD-25MAY2018-T107499.99,DELTA,13,110,16,150,352,no,5,-20000
2025-05-20T14:01:53.865815,KXBTCD-25MAY2018-T107499.99,DELTA,13,110,16,150,353,no,7,20000
2025-05-20T14:01:53.866200,KXBTCD-25MAY2018-T107499.99,DELTA,13,110,16,150,354,no,83,1000
2025-05-20T14:01:53.926365,KXBTCD-25MAY2018-T107499.99,DELTA,13,110,16,150,355,no,83,-1000
2025-05-20T14:01:53.965112,KXBTCD-25MAY2018-T107499.99,DELTA,13,110,15,1000,356,no,85,1000
2025-05-20T14:01:54.625690,KXBTCD-25MAY2018-T107499.99,DELTA,13,110,15,1000,357,no,84,-150
2025-05-20T14:01:54.645279,KXBTCD-25MAY2018-T107499.99,DELTA,13,110,15,1000,358,no,84,350
2025-05-20T14:01:54.685652,KXBTCD-25MAY2018-T107499.99,DELTA,13,110,16,350,359,no,85,-1000
2025-05-20T14:01:54.706327,KXBTCD-25MAY2018-T107499.99,DELTA,13,110,16,1600,360,no,84,1250
2025-05-20T14:01:54.726304,KXBTCD-25MAY2018-T107499.99,DELTA,13,110,16,1600,361,yes,9,-9
2025-05-20T14:01:54.765093,KXBTCD-25MAY2018-T107499.99,DELTA,13,110,15,1000,362,no,85,1000
2025-05-20T14:01:54.865901,KXBTCD-25MAY2018-T107499.99,DELTA,13,110,15,1000,363,no,6,-5400
2025-05-20T14:01:54.866219,KXBTCD-25MAY2018-T107499.99,DELTA,13,110,15,1000,364,no,8,4050
2025-05-20T14:01:54.925039,KXBTCD-25MAY2018-T107499.99,DELTA,13,110,15,1000,365,no,7,-20000
2025-05-20T14:01:54.965348,KXBTCD-25MAY2018-T107499.99,DELTA,13,110,15,1000,366,no,9,20000
2025-05-20T14:01:56.025224,KXBTCD-25MAY2018-T107499.99,DELTA,13,110,15,1000,367,no,8,-4050
2025-05-20T14:01:56.025551,KXBTCD-25MAY2018-T107499.99,DELTA,13,110,15,1000,368,no,10,3240
2025-05-20T14:01:56.085556,KXBTCD-25MAY2018-T107499.99,DELTA,13,110,15,1000,369,no,9,-20000
2025-05-20T14:01:56.125093,KXBTCD-25MAY2018-T107499.99,DELTA,13,110,15,1000,370,no,11,20000
2025-05-20T14:01:56.811426,KXBTCD-25MAY2018-T107499.99,DELTA,13,110,15,1000,371,yes,12,-450
2025-05-20T14:01:56.812094,KXBTCD-25MAY2018-T107499.99,DELTA,13,110,15,1000,372,yes,11,500
2025-05-20T14:01:56.865472,KXBTCD-25MAY2018-T107499.99,DELTA,13,110,15,1000,373,yes,9,9
2025-05-20T14:01:57.188275,KXBTCD-25MAY2018-T107499.99,DELTA,13,110,15,1000,374,no,10,-3240
2025-05-20T14:01:57.188658,KXBTCD-25MAY2018-T107499.99,DELTA,13,110,15,1000,375,no,12,2700
2025-05-20T14:01:57.245744,KXBTCD-25MAY2018-T107499.99,DELTA,13,110,15,1000,376,no,11,-20000
2025-05-20T14:02:01.165534,KXBTCD-25MAY2018-T107499.99,DELTA,13,110,15,1000,377,no,84,-1250
2025-05-20T14:02:01.266814,KXBTCD-25MAY2018-T107499.99,DELTA,13,110,15,1000,378,yes,9,-9
2025-05-20T14:02:01.906887,KXBTCD-25MAY2018-T107499.99,DELTA,13,110,15,1000,379,no,12,-2700
2025-05-20T14:02:01.907318,KXBTCD-25MAY2018-T107499.99,DELTA,13,110,15,1000,380,no,4,8100
2025-05-20T14:02:01.966872,KXBTCD-25MAY2018-T107499.99,DELTA,13,110,15,1000,381,no,5,20000
2025-05-20T14:02:04.245817,KXBTCD-25MAY2018-T107499.99,DELTA,13,110,15,1000,382,no,4,-8100
2025-05-20T14:02:04.246944,KXBTCD-25MAY2018-T107499.99,DELTA,13,110,15,1000,383,no,6,5400
2025-05-20T14:02:04.305968,KXBTCD-25MAY2018-T107499.99,DELTA,13,110,15,1000,384,no,5,-20000
2025-05-20T14:02:04.345322,KXBTCD-25MAY2018-T107499.99,DELTA,13,110,15,1000,385,no,7,20000
2025-05-20T14:02:04.426071,KXBTCD-25MAY2018-T107499.99,DELTA,13,110,15,1000,386,no,84,1250
2025-05-20T14:02:05.389704,KXBTCD-25MAY2018-T107499.99,DELTA,13,110,15,1000,387,no,6,-5400
2025-05-20T14:02:05.390354,KXBTCD-25MAY2018-T107499.99,DELTA,13,110,15,1000,388,no,8,4050
2025-05-20T14:02:05.390826,KXBTCD-25MAY2018-T107499.99,DELTA,13,110,15,1000,389,no,80,-100
2025-05-20T14:02:05.391247,KXBTCD-25MAY2018-T107499.99,DELTA,13,10,15,1000,390,yes,13,-100
2025-05-20T14:02:05.466251,KXBTCD-25MAY2018-T107499.99,DELTA,13,10,15,1000,391,no,7,-20000
2025-05-20T14:02:05.506599,KXBTCD-25MAY2018-T107499.99,DELTA,13,10,15,1000,392,no,9,20000
2025-05-20T14:02:06.505424,KXBTCD-25MAY2018-T107499.99,DELTA,13,10,15,1000,393,no,8,-4050
2025-05-20T14:02:06.505759,KXBTCD-25MAY2018-T107499.99,DELTA,13,10,15,1000,394,no,10,3240
2025-05-20T14:02:06.545571,KXBTCD-25MAY2018-T107499.99,DELTA,13,10,15,1000,395,yes,11,100
2025-05-20T14:02:06.567086,KXBTCD-25MAY2018-T107499.99,DELTA,13,10,15,1000,396,no,81,100
2025-05-20T14:02:06.586467,KXBTCD-25MAY2018-T107499.99,DELTA,13,10,15,1000,397,no,9,-20000
2025-05-20T14:02:06.625032,KXBTCD-25MAY2018-T107499.99,DELTA,13,10,15,1000,398,no,11,20000
2025-05-20T14:02:07.644363,KXBTCD-25MAY2018-T107499.99,DELTA,13,10,15,1000,399,no,10,-3240
2025-05-20T14:02:07.644568,KXBTCD-25MAY2018-T107499.99,DELTA,13,10,15,1000,400,no,12,2700
2025-05-20T14:02:07.724603,KXBTCD-25MAY2018-T107499.99,DELTA,13,10,15,1000,401,no,11,-20000
2025-05-20T14:02:08.804869,KXBTCD-25MAY2018-T107499.99,DELTA,13,10,15,1000,402,no,12,-2700
2025-05-20T14:02:08.805058,KXBTCD-25MAY2018-T107499.99,DELTA,13,10,15,1000,403,no,4,8100
2025-05-20T14:02:08.864852,KXBTCD-25MAY2018-T107499.99,DELTA,13,10,15,1000,404,no,5,20000
2025-05-20T14:02:08.924959,KXBTCD-25MAY2018-T107499.99,DELTA,13,10,15,1000,405,yes,11,-500
2025-05-20T14:02:08.964158,KXBTCD-25MAY2018-T107499.99,DELTA,13,10,15,1000,406,yes,10,500
2025-05-20T14:02:10.848209,KXBTCD-25MAY2018-T107499.99,DELTA,13,10,15,1000,407,yes,8,-1000
2025-05-20T14:02:10.864886,KXBTCD-25MAY2018-T107499.99,DELTA,13,10,15,1000,408,no,84,-1250
2025-05-20T14:02:10.908074,KXBTCD-25MAY2018-T107499.99,DELTA,13,10,15,1000,409,yes,10,1000
2025-05-20T14:02:11.652742,KXBTCD-25MAY2018-T107499.99,DELTA,13,10,15,1000,410,yes,11,-100
2025-05-20T14:02:13.004770,KXBTCD-25MAY2018-T107499.99,DELTA,13,10,15,1000,411,yes,11,100
2025-05-20T14:02:13.385661,KXBTCD-25MAY2018-T107499.99,DELTA,13,10,15,1000,412,yes,11,-100
2025-05-20T14:02:13.405924,KXBTCD-25MAY2018-T107499.99,DELTA,13,10,15,1000,413,no,4,-8100
2025-05-20T14:02:13.406355,KXBTCD-25MAY2018-T107499.99,DELTA,13,10,15,1000,414,no,6,5400
2025-05-20T14:02:13.484489,KXBTCD-25MAY2018-T107499.99,DELTA,13,10,15,1000,415,no,5,-20000
2025-05-20T14:02:13.545612,KXBTCD-25MAY2018-T107499.99,DELTA,13,10,15,1000,416,no,7,20000
2025-05-20T14:02:14.851296,KXBTCD-25MAY2018-T107499.99,DELTA,13,10,15,1000,417,yes,11,100
2025-05-20T14:02:15.425960,KXBTCD-25MAY2018-T107499.99,DELTA,13,10,15,1000,418,yes,11,-100
2025-05-20T14:02:15.965283,KXBTCD-25MAY2018-T107499.99,DELTA,13,10,15,1000,419,no,6,-5400
2025-05-20T14:02:15.965750,KXBTCD-25MAY2018-T107499.99,DELTA,13,10,15,1000,420,no,8,4050
2025-05-20T14:02:16.025031,KXBTCD-25MAY2018-T107499.99,DELTA,13,10,15,1000,421,no,7,-20000
2025-05-20T14:02:16.065634,KXBTCD-25MAY2018-T107499.99,DELTA,13,10,15,1000,422,no,9,20000
2025-05-20T14:02:16.286315,KXBTCD-25MAY2018-T107499.99,DELTA,13,10,15,1000,423,yes,11,100
2025-05-20T14:02:16.427427,KXBTCD-25MAY2018-T107499.99,DELTA,13,10,15,1000,424,yes,11,-100
2025-05-20T14:02:17.105898,KXBTCD-25MAY2018-T107499.99,DELTA,13,10,15,1000,425,no,8,-4050
2025-05-20T14:02:17.106377,KXBTCD-25MAY2018-T107499.99,DELTA,13,10,15,1000,426,no,10,3240
2025-05-20T14:02:17.166012,KXBTCD-25MAY2018-T107499.99,DELTA,13,10,15,1000,427,no,9,-20000
2025-05-20T14:02:17.206818,KXBTCD-25MAY2018-T107499.99,DELTA,13,10,15,1000,428,no,11,20000
2025-05-20T14:02:18.246070,KXBTCD-25MAY2018-T107499.99,DELTA,13,10,15,1000,429,no,10,-3240
2025-05-20T14:02:18.246565,KXBTCD-25MAY2018-T107499.99,DELTA,13,10,15,1000,430,no,12,2700
2025-05-20T14:02:18.326404,KXBTCD-25MAY2018-T107499.99,DELTA,13,10,15,1000,431,no,11,-20000
2025-05-20T14:02:18.614416,KXBTCD-25MAY2018-T107499.99,DELTA,13,10,15,1000,432,yes,11,100
2025-05-20T14:02:19.405384,KXBTCD-25MAY2018-T107499.99,DELTA,13,10,15,1000,433,no,12,-2700
2025-05-20T14:02:19.406175,KXBTCD-25MAY2018-T107499.99,DELTA,13,10,15,1000,434,no,4,8100
2025-05-20T14:02:19.464945,KXBTCD-25MAY2018-T107499.99,DELTA,13,10,15,1000,435,no,5,20000
2025-05-20T14:02:20.546357,KXBTCD-25MAY2018-T107499.99,DELTA,13,10,15,1000,436,no,4,-8100
2025-05-20T14:02:20.547430,KXBTCD-25MAY2018-T107499.99,DELTA,13,10,15,1000,437,no,6,5400
2025-05-20T14:02:20.605616,KXBTCD-25MAY2018-T107499.99,DELTA,13,10,15,1000,438,no,5,-20000
2025-05-20T14:02:20.665850,KXBTCD-25MAY2018-T107499.99,DELTA,13,10,15,1000,439,no,7,20000
2025-05-20T14:02:21.792628,KXBTCD-25MAY2018-T107499.99,DELTA,13,10,15,1000,440,yes,10,-1000
2025-05-20T14:02:21.805558,KXBTCD-25MAY2018-T107499.99,DELTA,13,10,15,1000,441,no,84,1250
2025-05-20T14:02:21.805967,KXBTCD-25MAY2018-T107499.99,DELTA,13,10,15,1000,442,yes,8,1000
2025-05-20T14:02:26.106079,KXBTCD-25MAY2018-T107499.99,DELTA,13,10,15,1000,443,no,84,-350
2025-05-20T14:02:26.144943,KXBTCD-25MAY2018-T107499.99,DELTA,13,10,14,50,444,no,86,50
2025-05-20T14:02:26.165369,KXBTCD-25MAY2018-T107499.99,DELTA,13,10,14,50,445,no,85,-1000
2025-05-20T14:02:26.185957,KXBTCD-25MAY2018-T107499.99,DELTA,13,10,14,50,446,no,84,-1250
2025-05-20T14:02:26.498070,KXBTCD-25MAY2018-T107499.99,DELTA,13,10,14,1050,447,no,86,1000
2025-05-20T14:02:26.905100,KXBTCD-25MAY2018-T107499.99,DELTA,13,10,14,1050,448,no,6,-5400
2025-05-20T14:02:26.905283,KXBTCD-25MAY2018-T107499.99,DELTA,13,10,14,1050,449,no,8,4050
2025-05-20T14:02:27.006725,KXBTCD-25MAY2018-T107499.99,DELTA,13,10,14,1050,450,no,7,-20000
2025-05-20T14:02:27.045704,KXBTCD-25MAY2018-T107499.99,DELTA,13,10,14,1050,451,no,9,20000
2025-05-20T14:02:28.206555,KXBTCD-25MAY2018-T107499.99,DELTA,13,10,14,1000,452,no,86,-50
2025-05-20T14:02:28.266161,KXBTCD-25MAY2018-T107499.99,DELTA,13,10,14,1150,453,no,86,150
2025-05-20T14:02:28.267242,KXBTCD-25MAY2018-T107499.99,DELTA,13,10,14,150,454,no,86,-1000
2025-05-20T14:02:28.305813,KXBTCD-25MAY2018-T107499.99,DELTA,13,10,14,150,455,no,83,1000
2025-05-20T14:02:28.345123,KXBTCD-25MAY2018-T107499.99,DELTA,13,10,17,1014,456,no,86,-150
2025-05-20T14:02:28.346023,KXBTCD-25MAY2018-T107499.99,DELTA,13,10,17,14,457,no,83,-1000
2025-05-20T14:02:28.405854,KXBTCD-25MAY2018-T107499.99,DELTA,13,10,14,1000,458,no,86,1000
2025-05-20T14:02:28.407230,KXBTCD-25MAY2018-T107499.99,DELTA,13,10,14,1350,459,no,86,350
2025-05-20T14:02:28.444648,KXBTCD-25MAY2018-T107499.99,DELTA,13,10,14,350,460,no,86,-1000
2025-05-20T14:02:28.484782,KXBTCD-25MAY2018-T107499.99,DELTA,13,10,14,1350,461,no,86,1000
2025-05-20T14:02:29.908974,KXBTCD-25MAY2018-T107499.99,DELTA,13,10,14,1350,462,no,51,-2000
2025-05-20T14:02:29.909890,KXBTCD-25MAY2018-T107499.99,DELTA,13,10,14,1350,463,no,9,-20000
2025-05-20T14:02:29.910492,KXBTCD-25MAY2018-T107499.99,DELTA,13,10,14,350,464,no,86,-1000
2025-05-20T14:02:29.911316,KXBTCD-25MAY2018-T107499.99,DELTA,13,10,14,350,465,yes,8,-1000
2025-05-20T14:02:30.006184,KXBTCD-25MAY2018-T107499.99,DELTA,13,10,17,14,466,no,86,-350
2025-05-20T14:02:30.186333,KXBTCD-25MAY2018-T107499.99,DELTA,13,10,17,14,467,no,8,-4050
2025-05-20T14:02:30.187499,KXBTCD-25MAY2018-T107499.99,DELTA,13,10,17,14,468,no,4,8100
2025-05-20T14:02:30.188213,KXBTCD-25MAY2018-T107499.99,DELTA,11,100,17,14,469,yes,13,-10
2025-05-20T14:02:30.188824,KXBTCD-25MAY2018-T107499.99,DELTA,11,110,17,14,470,yes,11,10
2025-05-20T14:02:30.189426,KXBTCD-25MAY2018-T107499.99,DELTA,11,110,17,14,471,yes,10,-500
2025-05-20T14:02:30.606755,KXBTCD-25MAY2018-T107499.99,DELTA,12,500,17,14,472,yes,12,500
2025-05-20T14:02:30.686917,KXBTCD-25MAY2018-T107499.99,DELTA,12,500,17,464,473,no,83,450
2025-05-20T14:02:30.687850,KXBTCD-25MAY2018-T107499.99,DELTA,12,500,17,1464,474,no,83,1000
2025-05-20T14:02:30.688609,KXBTCD-25MAY2018-T107499.99,DELTA,12,500,17,1464,475,yes,11,1000
2025-05-20T14:02:30.689677,KXBTCD-25MAY2018-T107499.99,DELTA,12,500,17,1464,476,no,5,20000
2025-05-20T14:02:30.788280,KXBTCD-25MAY2018-T107499.99,DELTA,12,500,17,1464,477,no,72,9
2025-05-20T14:02:30.789179,KXBTCD-25MAY2018-T107499.99,DELTA,12,500,17,1464,478,yes,11,-100
2025-05-20T14:02:30.789840,KXBTCD-25MAY2018-T107499.99,DELTA,12,500,17,464,479,no,83,-1000
2025-05-20T14:02:30.887748,KXBTCD-25MAY2018-T107499.99,DELTA,12,500,16,1000,480,no,84,1000
2025-05-20T14:02:30.888913,KXBTCD-25MAY2018-T107499.99,DELTA,12,500,16,1000,481,yes,11,-1000
2025-05-20T14:02:31.084412,KXBTCD-25MAY2018-T107499.99,DELTA,12,500,16,1000,482,yes,8,1000
2025-05-20T14:02:31.388241,KXBTCD-25MAY2018-T107499.99,DELTA,12,500,16,1000,483,no,83,1250
2025-05-20T14:02:31.708027,KXBTCD-25MAY2018-T107499.99,DELTA,12,500,16,1000,484,no,4,-8100
2025-05-20T14:02:31.708563,KXBTCD-25MAY2018-T107499.99,DELTA,12,500,16,1000,485,no,6,5400
2025-05-20T14:02:31.906937,KXBTCD-25MAY2018-T107499.99,DELTA,12,500,16,1000,486,no,5,-20000
2025-05-20T14:02:32.187188,KXBTCD-25MAY2018-T107499.99,DELTA,12,500,16,1000,487,no,7,20000
2025-05-20T14:02:32.506499,KXBTCD-25MAY2018-T107499.99,DELTA,11,10,16,1000,488,yes,12,-500
2025-05-20T14:02:32.585056,KXBTCD-25MAY2018-T107499.99,DELTA,12,100,16,1000,489,yes,12,100
2025-05-20T14:02:32.705546,KXBTCD-25MAY2018-T107499.99,DELTA,12,100,16,1000,490,yes,11,500
2025-05-20T14:02:32.905634,KXBTCD-25MAY2018-T107499.99,DELTA,12,100,16,1000,491,no,72,-9
2025-05-20T14:02:33.364559,KXBTCD-25MAY2018-T107499.99,DELTA,12,100,16,1000,492,no,6,-5400
2025-05-20T14:02:33.364856,KXBTCD-25MAY2018-T107499.99,DELTA,12,100,16,1000,493,no,8,4050
2025-05-20T14:02:33.425453,KXBTCD-25MAY2018-T107499.99,DELTA,12,100,16,1000,494,no,7,-20000
2025-05-20T14:02:33.484456,KXBTCD-25MAY2018-T107499.99,DELTA,12,100,16,1000,495,no,9,20000
2025-05-20T14:02:34.504958,KXBTCD-25MAY2018-T107499.99,DELTA,12,100,16,1000,496,no,8,-4050
2025-05-20T14:02:34.505331,KXBTCD-25MAY2018-T107499.99,DELTA,12,100,16,1000,497,no,10,3240
2025-05-20T14:02:34.564547,KXBTCD-25MAY2018-T107499.99,DELTA,12,100,16,1000,498,no,9,-20000
2025-05-20T14:02:34.604095,KXBTCD-25MAY2018-T107499.99,DELTA,12,100,16,1000,499,no,11,20000
2025-05-20T14:02:34.624508,KXBTCD-25MAY2018-T107499.99,DELTA,12,100,16,1000,500,no,83,-450
2025-05-20T14:02:34.645639,KXBTCD-25MAY2018-T107499.99,DELTA,12,100,15,50,501,no,85,50
2025-05-20T14:02:34.684940,KXBTCD-25MAY2018-T107499.99,DELTA,12,100,15,50,502,no,84,-1000
2025-05-20T14:02:34.705292,KXBTCD-25MAY2018-T107499.99,DELTA,12,100,15,50,503,no,83,-1250
2025-05-20T14:02:34.745209,KXBTCD-25MAY2018-T107499.99,DELTA,12,100,15,1050,504,no,85,1000
2025-05-20T14:02:34.806340,KXBTCD-25MAY2018-T107499.99,DELTA,12,100,15,1050,505,no,72,9
2025-05-20T14:02:35.627240,KXBTCD-25MAY2018-T107499.99,DELTA,12,100,15,1050,506,no,10,-3240
2025-05-20T14:02:35.628235,KXBTCD-25MAY2018-T107499.99,DELTA,12,100,15,1050,507,no,12,2700
2025-05-20T14:02:35.686142,KXBTCD-25MAY2018-T107499.99,DELTA,12,100,15,1050,508,no,11,-20000
2025-05-20T14:02:35.725753,KXBTCD-25MAY2018-T107499.99,DELTA,12,100,15,1000,509,no,85,-50
2025-05-20T14:02:35.764225,KXBTCD-25MAY2018-T107499.99,DELTA,12,100,15,1150,510,no,85,150
2025-05-20T14:02:35.785659,KXBTCD-25MAY2018-T107499.99,DELTA,12,100,15,150,511,no,85,-1000
2025-05-20T14:02:35.845538,KXBTCD-25MAY2018-T107499.99,DELTA,12,100,15,1150,512,no,85,1000
2025-05-20T14:02:36.286851,KXBTCD-25MAY2018-T107499.99,DELTA,12,100,15,1000,513,no,85,-150
2025-05-20T14:02:36.325272,KXBTCD-25MAY2018-T107499.99,DELTA,12,100,15,1000,514,no,84,300
2025-05-20T14:02:36.365644,KXBTCD-25MAY2018-T107499.99,DELTA,12,100,16,300,515,no,85,-1000
2025-05-20T14:02:36.445594,KXBTCD-25MAY2018-T107499.99,DELTA,12,100,15,1000,516,no,85,1000
2025-05-20T14:02:37.206048,KXBTCD-25MAY2018-T107499.99,DELTA,12,100,15,1000,517,yes,8,-1000
2025-05-20T14:02:37.207027,KXBTCD-25MAY2018-T107499.99,DELTA,12,100,16,300,518,no,85,-1000
2025-05-20T14:02:37.266297,KXBTCD-25MAY2018-T107499.99,DELTA,12,100,16,300,519,yes,11,1000
2025-05-20T14:02:37.267075,KXBTCD-25MAY2018-T107499.99,DELTA,12,100,16,1300,520,no,84,1000
2025-05-20T14:02:37.304948,KXBTCD-25MAY2018-T107499.99,DELTA,12,100,16,1300,521,no,72,-9
2025-05-20T14:02:37.985864,KXBTCD-25MAY2018-T107499.99,DELTA,12,100,16,1300,522,yes,11,-1000
2025-05-20T14:02:38.007110,KXBTCD-25MAY2018-T107499.99,DELTA,12,100,16,300,523,no,84,-1000
2025-05-20T14:02:38.045431,KXBTCD-25MAY2018-T107499.99,DELTA,12,100,16,300,524,yes,8,1000
2025-05-20T14:02:38.045694,KXBTCD-25MAY2018-T107499.99,DELTA,12,100,15,1000,525,no,85,1000
2025-05-20T14:02:40.964312,KXBTCD-25MAY2018-T107499.99,DELTA,11,510,15,1000,526,yes,12,-100
2025-05-20T14:02:40.964882,KXBTCD-25MAY2018-T107499.99,DELTA,11,510,15,1000,527,no,81,-100
2025-05-20T14:02:41.785509,KXBTCD-25MAY2018-T107499.99,DELTA,13,100,15,1000,528,yes,13,100
2025-05-20T14:02:41.786369,KXBTCD-25MAY2018-T107499.99,DELTA,13,100,15,1000,529,no,79,100
2025-05-20T14:02:41.985702,KXBTCD-25MAY2018-T107499.99,DELTA,13,100,15,1000,530,no,12,-2700
2025-05-20T14:02:41.986760,KXBTCD-25MAY2018-T107499.99,DELTA,13,100,15,1000,531,no,4,8100
2025-05-20T14:02:42.065756,KXBTCD-25MAY2018-T107499.99,DELTA,13,100,15,1000,532,no,5,20000
2025-05-20T14:02:42.326322,KXBTCD-25MAY2018-T107499.99,DELTA,13,100,15,1000,533,no,84,-300
2025-05-20T14:02:42.365556,KXBTCD-25MAY2018-T107499.99,DELTA,13,100,15,1000,534,no,83,400
2025-05-20T14:02:42.424470,KXBTCD-25MAY2018-T107499.99,DELTA,13,100,17,414,535,no,85,-1000
2025-05-20T14:02:42.444886,KXBTCD-25MAY2018-T107499.99,DELTA,13,100,17,1664,536,no,83,1250
2025-05-20T14:02:42.504199,KXBTCD-25MAY2018-T107499.99,DELTA,13,100,16,1000,537,no,84,1000
2025-05-20T14:02:44.967840,KXBTCD-25MAY2018-T107499.99,DELTA,13,100,16,1000,538,yes,8,-1000
2025-05-20T14:02:44.968931,KXBTCD-25MAY2018-T107499.99,DELTA,13,100,16,1000,539,no,83,-1250
2025-05-20T14:02:45.068555,KXBTCD-25MAY2018-T107499.99,DELTA,13,100,16,1000,540,yes,11,1000
2025-05-20T14:02:45.211921,KXBTCD-25MAY2018-T107499.99,DELTA,13,100,16,1000,541,no,4,-8100
2025-05-20T14:02:45.212343,KXBTCD-25MAY2018-T107499.99,DELTA,13,100,16,1000,542,no,6,5400
2025-05-20T14:02:45.265447,KXBTCD-25MAY2018-T107499.99,DELTA,13,100,16,1000,543,no,5,-20000
2025-05-20T14:02:45.366299,KXBTCD-25MAY2018-T107499.99,DELTA,13,100,16,1000,544,yes,11,-1000
2025-05-20T14:02:45.366593,KXBTCD-25MAY2018-T107499.99,DELTA,13,100,16,1000,545,no,7,20000
2025-05-20T14:02:45.366811,KXBTCD-25MAY2018-T107499.99,DELTA,13,100,16,1000,546,no,83,1250
2025-05-20T14:02:45.446237,KXBTCD-25MAY2018-T107499.99,DELTA,13,100,16,1000,547,yes,8,1000
2025-05-20T14:02:46.367385,KXBTCD-25MAY2018-T107499.99,DELTA,13,100,16,1000,548,no,6,-5400
2025-05-20T14:02:46.368357,KXBTCD-25MAY2018-T107499.99,DELTA,13,100,16,1000,549,no,8,4050
2025-05-20T14:02:46.425842,KXBTCD-25MAY2018-T107499.99,DELTA,13,100,16,1000,550,no,7,-20000
2025-05-20T14:02:46.466414,KXBTCD-25MAY2018-T107499.99,DELTA,13,100,16,1000,551,no,9,20000
2025-05-20T14:02:47.487919,KXBTCD-25MAY2018-T107499.99,DELTA,13,100,16,1000,552,yes,8,-1000
2025-05-20T14:02:47.488568,KXBTCD-25MAY2018-T107499.99,DELTA,13,100,16,1000,553,no,83,-1250
2025-05-20T14:02:47.525465,KXBTCD-25MAY2018-T107499.99,DELTA,13,100,16,1000,554,no,8,-4050
2025-05-20T14:02:47.526223,KXBTCD-25MAY2018-T107499.99,DELTA,13,100,16,1000,555,no,10,3240
2025-05-20T14:02:47.547021,KXBTCD-25MAY2018-T107499.99,DELTA,13,100,16,1000,556,yes,11,1000
2025-05-20T14:02:47.625663,KXBTCD-25MAY2018-T107499.99,DELTA,13,100,16,1000,557,no,9,-20000
2025-05-20T14:02:47.666848,KXBTCD-25MAY2018-T107499.99,DELTA,13,100,16,1000,558,no,11,20000
2025-05-20T14:02:47.685326,KXBTCD-25MAY2018-T107499.99,DELTA,13,100,16,1000,559,yes,11,-500
2025-05-20T14:02:47.745686,KXBTCD-25MAY2018-T107499.99,DELTA,13,150,16,1000,560,yes,13,50
2025-05-20T14:02:47.746524,KXBTCD-25MAY2018-T107499.99,DELTA,13,150,16,1000,561,yes,11,-1000
2025-05-20T14:02:47.804514,KXBTCD-25MAY2018-T107499.99,DELTA,13,150,16,1000,562,yes,8,1000
2025-05-20T14:02:47.886069,KXBTCD-25MAY2018-T107499.99,DELTA,13,100,16,1000,563,yes,13,-50
2025-05-20T14:02:47.926627,KXBTCD-25MAY2018-T107499.99,DELTA,13,300,16,1000,564,yes,13,200
2025-05-20T14:02:48.725645,KXBTCD-25MAY2018-T107499.99,DELTA,13,300,16,1000,565,no,10,-3240
2025-05-20T14:02:48.726447,KXBTCD-25MAY2018-T107499.99,DELTA,13,300,16,1000,566,no,12,2700
2025-05-20T14:02:48.783859,KXBTCD-25MAY2018-T107499.99,DELTA,13,300,16,1000,567,no,11,-20000
2025-05-20T14:02:49.906567,KXBTCD-25MAY2018-T107499.99,DELTA,13,300,16,1000,568,no,12,-2700
2025-05-20T14:02:49.907467,KXBTCD-25MAY2018-T107499.99,DELTA,13,300,16,1000,569,no,4,8100
2025-05-20T14:02:49.966335,KXBTCD-25MAY2018-T107499.99,DELTA,13,300,16,1000,570,no,5,20000
2025-05-20T14:02:50.007698,KXBTCD-25MAY2018-T107499.99,DELTA,13,100,16,1000,571,yes,13,-200
2025-05-20T14:02:50.008640,KXBTCD-25MAY2018-T107499.99,DELTA,13,100,16,1000,572,yes,9,9
2025-05-20T14:02:50.045821,KXBTCD-25MAY2018-T107499.99,DELTA,13,100,16,1000,573,yes,12,500
2025-05-20T14:02:52.845918,KXBTCD-25MAY2018-T107499.99,DELTA,13,100,16,1000,574,no,83,-400
2025-05-20T14:02:52.907577,KXBTCD-25MAY2018-T107499.99,DELTA,13,100,16,1000,575,yes,8,-1000
2025-05-20T14:02:52.908335,KXBTCD-25MAY2018-T107499.99,DELTA,13,100,17,14,576,no,84,-1000
2025-05-20T14:02:52.945759,KXBTCD-25MAY2018-T107499.99,DELTA,13,100,17,14,577,no,82,350
2025-05-20T14:02:52.965618,KXBTCD-25MAY2018-T107499.99,DELTA,13,100,17,14,578,yes,9,-9
2025-05-20T14:02:53.005907,KXBTCD-25MAY2018-T107499.99,DELTA,13,100,17,14,579,yes,12,1000
2025-05-20T14:02:53.006582,KXBTCD-25MAY2018-T107499.99,DELTA,13,100,17,1014,580,no,83,1000
2025-05-20T14:02:53.187504,KXBTCD-25MAY2018-T107499.99,DELTA,12,1500,17,1014,581,yes,13,-100
2025-05-20T14:02:54.365916,KXBTCD-25MAY2018-T107499.99,DELTA,14,100,17,1014,582,yes,14,100
2025-05-20T14:02:55.480201,KXBTCD-25MAY2018-T107499.99,DELTA,14,100,17,1014,583,no,82,1250
2025-05-20T14:02:55.480731,KXBTCD-25MAY2018-T107499.99,DELTA,14,100,17,1014,584,yes,12,-1000
2025-05-20T14:02:55.481124,KXBTCD-25MAY2018-T107499.99,DELTA,14,100,17,1014,585,yes,8,1000
2025-05-20T14:02:55.667268,KXBTCD-25MAY2018-T107499.99,DELTA,14,100,17,1014,586,yes,8,-1000
2025-05-20T14:02:55.668284,KXBTCD-25MAY2018-T107499.99,DELTA,14,100,17,1014,587,no,82,-1250
2025-05-20T14:02:55.746830,KXBTCD-25MAY2018-T107499.99,DELTA,14,100,17,1014,588,no,71,-3000
2025-05-20T14:02:55.747549,KXBTCD-25MAY2018-T107499.99,DELTA,14,100,17,1014,589,yes,12,-500
2025-05-20T14:02:55.785941,KXBTCD-25MAY2018-T107499.99,DELTA,14,200,17,1014,590,yes,14,100
2025-05-20T14:02:55.786802,KXBTCD-25MAY2018-T107499.99,DELTA,14,200,17,1014,591,yes,12,1000
2025-05-20T14:02:55.825889,KXBTCD-25MAY2018-T107499.99,DELTA,14,200,17,1014,592,no,70,3000
2025-05-20T14:02:55.826811,KXBTCD-25MAY2018-T107499.99,DELTA,14,100,17,1014,593,yes,14,-100
2025-05-20T14:02:55.866224,KXBTCD-25MAY2018-T107499.99,DELTA,14,100,17,1014,594,yes,13,500
2025-05-20T14:02:55.885455,KXBTCD-25MAY2018-T107499.99,DELTA,14,100,17,1014,595,yes,12,-1000
2025-05-20T14:02:55.947581,KXBTCD-25MAY2018-T107499.99,DELTA,14,100,17,1014,596,yes,8,1000
2025-05-20T14:02:56.165316,KXBTCD-25MAY2018-T107499.99,DELTA,14,100,17,1014,597,no,4,-8100
2025-05-20T14:02:56.165519,KXBTCD-25MAY2018-T107499.99,DELTA,14,100,17,1014,598,no,6,5400
2025-05-20T14:02:56.224854,KXBTCD-25MAY2018-T107499.99,DELTA,14,100,17,1014,599,no,5,-20000
2025-05-20T14:02:56.265319,KXBTCD-25MAY2018-T107499.99,DELTA,14,100,17,1014,600,no,7,20000
2025-05-20T14:02:56.608904,KXBTCD-25MAY2018-T107499.99,DELTA,14,100,17,1014,601,no,82,1250
2025-05-20T14:02:56.826076,KXBTCD-25MAY2018-T107499.99,DELTA,14,100,17,1014,602,no,82,-1250
2025-05-20T14:02:59.246561,KXBTCD-25MAY2018-T107499.99,DELTA,14,100,17,1014,603,no,6,-5400
2025-05-20T14:02:59.247489,KXBTCD-25MAY2018-T107499.99,DELTA,14,100,17,1014,604,no,8,4050
2025-05-20T14:02:59.306182,KXBTCD-25MAY2018-T107499.99,DELTA,14,100,17,1014,605,no,7,-20000
2025-05-20T14:02:59.346015,KXBTCD-25MAY2018-T107499.99,DELTA,14,100,17,1014,606,no,9,20000
2025-05-20T14:03:00.366782,KXBTCD-25MAY2018-T107499.99,DELTA,14,100,17,1014,607,no,8,-4050
2025-05-20T14:03:00.367755,KXBTCD-25MAY2018-T107499.99,DELTA,14,100,17,1014,608,no,10,3240
2025-05-20T14:03:00.427901,KXBTCD-25MAY2018-T107499.99,DELTA,14,100,17,1014,609,no,9,-20000
2025-05-20T14:03:00.465324,KXBTCD-25MAY2018-T107499.99,DELTA,14,100,17,1014,610,no,11,20000
2025-05-20T14:03:01.445466,KXBTCD-25MAY2018-T107499.99,DELTA,14,100,17,1014,611,no,10,-3240
2025-05-20T14:03:01.446131,KXBTCD-25MAY2018-T107499.99,DELTA,14,100,17,1014,612,no,12,2700
2025-05-20T14:03:01.528381,KXBTCD-25MAY2018-T107499.99,DELTA,14,100,17,1014,613,no,11,-20000
2025-05-20T14:03:02.546716,KXBTCD-25MAY2018-T107499.99,DELTA,14,100,17,1014,614,no,12,-2700
2025-05-20T14:03:02.547544,KXBTCD-25MAY2018-T107499.99,DELTA,14,100,17,1014,615,no,4,8100
2025-05-20T14:03:02.725623,KXBTCD-25MAY2018-T107499.99,DELTA,14,100,17,1014,616,no,5,20000
2025-05-20T14:03:02.906126,KXBTCD-25MAY2018-T107499.99,DELTA,14,100,17,1014,617,no,51,2000
2025-05-20T14:03:03.646594,KXBTCD-25MAY2018-T107499.99,DELTA,14,100,17,1014,618,no,4,-8100
2025-05-20T14:03:03.647416,KXBTCD-25MAY2018-T107499.99,DELTA,14,100,17,1014,619,no,6,5400
2025-05-20T14:03:03.725691,KXBTCD-25MAY2018-T107499.99,DELTA,14,100,17,1014,620,no,5,-20000
2025-05-20T14:03:03.785291,KXBTCD-25MAY2018-T107499.99,DELTA,14,100,17,1014,621,no,7,20000
2025-05-20T14:03:09.925714,KXBTCD-25MAY2018-T107499.99,DELTA,14,100,17,1014,622,no,6,-5400
2025-05-20T14:03:09.926683,KXBTCD-25MAY2018-T107499.99,DELTA,14,100,17,1014,623,no,8,4050
2025-05-20T14:03:09.986232,KXBTCD-25MAY2018-T107499.99,DELTA,14,100,17,1014,624,no,7,-20000
2025-05-20T14:03:10.026001,KXBTCD-25MAY2018-T107499.99,DELTA,14,100,17,1014,625,no,9,20000
2025-05-20T14:03:10.325235,KXBTCD-25MAY2018-T107499.99,DELTA,14,100,17,1014,626,yes,13,-500
2025-05-20T14:03:10.365450,KXBTCD-25MAY2018-T107499.99,DELTA,14,100,17,1014,627,yes,12,500
2025-05-20T14:03:10.425791,KXBTCD-25MAY2018-T107499.99,DELTA,14,100,17,1014,628,yes,8,-1000
2025-05-20T14:03:10.466603,KXBTCD-25MAY2018-T107499.99,DELTA,14,100,17,1014,629,yes,12,1000
2025-05-20T14:03:11.047598,KXBTCD-25MAY2018-T107499.99,DELTA,14,100,17,1014,630,no,8,-4050
2025-05-20T14:03:11.207695,KXBTCD-25MAY2018-T107499.99,DELTA,14,100,17,1014,631,no,9,-20000
2025-05-20T14:03:13.185132,KXBTCD-25MAY2018-T107499.99,DELTA,14,100,17,1014,632,no,4,8100
2025-05-20T14:03:13.246110,KXBTCD-25MAY2018-T107499.99,DELTA,14,100,17,1014,633,no,5,20000
2025-05-20T14:03:13.307610,KXBTCD-25MAY2018-T107499.99,DELTA,14,100,17,1000,634,no,83,-14
2025-05-20T14:03:13.308724,KXBTCD-25MAY2018-T107499.99,DELTA,14,100,17,985,635,no,83,-15
2025-05-20T14:03:13.364522,KXBTCD-25MAY2018-T107499.99,DELTA,14,100,17,985,636,yes,8,-14
2025-05-20T14:03:13.364770,KXBTCD-25MAY2018-T107499.99,DELTA,14,100,17,985,637,yes,12,14
2025-05-20T14:03:13.385175,KXBTCD-25MAY2018-T107499.99,DELTA,14,100,17,985,638,no,79,14
2025-05-20T14:03:13.725200,KXBTCD-25MAY2018-T107499.99,DELTA,14,100,17,985,639,no,82,-350
2025-05-20T14:03:13.744942,KXBTCD-25MAY2018-T107499.99,DELTA,14,100,17,985,640,no,82,1250
2025-05-20T14:03:13.745211,KXBTCD-25MAY2018-T107499.99,DELTA,14,100,16,50,641,no,84,50
2025-05-20T14:03:13.765557,KXBTCD-25MAY2018-T107499.99,DELTA,14,100,16,50,642,yes,12,-1000
2025-05-20T14:03:13.824856,KXBTCD-25MAY2018-T107499.99,DELTA,14,100,17,985,643,no,84,-50
2025-05-20T14:03:13.825004,KXBTCD-25MAY2018-T107499.99,DELTA,14,100,17,985,644,no,82,-1250
2025-05-20T14:03:13.845229,KXBTCD-25MAY2018-T107499.99,DELTA,14,100,17,985,645,yes,8,1000
2025-05-20T14:03:13.905320,KXBTCD-25MAY2018-T107499.99,DELTA,14,100,16,200,646,no,84,200
2025-05-20T14:03:14.008317,KXBTCD-25MAY2018-T107499.99,DELTA,14,100,16,200,647,no,83,-985
2025-05-20T14:03:14.085684,KXBTCD-25MAY2018-T107499.99,DELTA,14,100,16,1200,648,no,84,1000
2025-05-20T14:03:14.266210,KXBTCD-25MAY2018-T107499.99,DELTA,14,100,16,1200,649,no,4,-8100
2025-05-20T14:03:14.267180,KXBTCD-25MAY2018-T107499.99,DELTA,14,100,16,1200,650,no,6,5400
2025-05-20T14:03:14.325757,KXBTCD-25MAY2018-T107499.99,DELTA,14,100,16,1200,651,no,5,-20000
2025-05-20T14:03:14.366019,KXBTCD-25MAY2018-T107499.99,DELTA,14,100,16,1200,652,no,7,20000
2025-05-20T14:03:15.365987,KXBTCD-25MAY2018-T107499.99,DELTA,14,100,16,1200,653,no,6,-5400
2025-05-20T14:03:15.366175,KXBTCD-25MAY2018-T107499.99,DELTA,14,100,16,1200,654,no,8,4050
2025-05-20T14:03:15.425100,KXBTCD-25MAY2018-T107499.99,DELTA,14,100,16,1200,655,no,7,-20000
2025-05-20T14:03:15.485921,KXBTCD-25MAY2018-T107499.99,DELTA,14,100,16,1200,656,no,9,20000
2025-05-20T14:03:16.445721,KXBTCD-25MAY2018-T107499.99,DELTA,14,100,16,1200,657,no,8,-4050
2025-05-20T14:03:16.446770,KXBTCD-25MAY2018-T107499.99,DELTA,14,100,16,1200,658,no,10,3240
2025-05-20T14:03:16.505697,KXBTCD-25MAY2018-T107499.99,DELTA,14,100,16,1200,659,no,9,-20000
2025-05-20T14:03:16.545411,KXBTCD-25MAY2018-T107499.99,DELTA,14,100,16,1200,660,no,11,20000
2025-05-20T14:03:16.766045,KXBTCD-25MAY2018-T107499.99,DELTA,14,100,16,1200,661,yes,8,-1000
2025-05-20T14:03:16.785185,KXBTCD-25MAY2018-T107499.99,DELTA,14,100,16,200,662,no,84,-1000
2025-05-20T14:03:16.785528,KXBTCD-25MAY2018-T107499.99,DELTA,14,100,18,30,663,no,84,-200
2025-05-20T14:03:16.845435,KXBTCD-25MAY2018-T107499.99,DELTA,14,100,17,350,664,no,83,350
2025-05-20T14:03:16.845666,KXBTCD-25MAY2018-T107499.99,DELTA,14,100,17,350,665,yes,12,1000
2025-05-20T14:03:16.865839,KXBTCD-25MAY2018-T107499.99,DELTA,14,100,17,1350,666,no,83,1000
2025-05-20T14:03:17.545820,KXBTCD-25MAY2018-T107499.99,DELTA,14,100,17,1350,667,no,10,-3240
2025-05-20T14:03:17.546239,KXBTCD-25MAY2018-T107499.99,DELTA,14,100,17,1350,668,no,12,2700
2025-05-20T14:03:17.604118,KXBTCD-25MAY2018-T107499.99,DELTA,14,100,17,1350,669,no,11,-20000
2025-05-20T14:03:23.326160,KXBTCD-25MAY2018-T107499.99,DELTA,14,100,17,1350,670,yes,7,-30
2025-05-20T14:03:23.327368,KXBTCD-25MAY2018-T107499.99,DELTA,14,100,17,1350,671,yes,8,30
2025-05-20T14:03:23.407677,KXBTCD-25MAY2018-T107499.99,DELTA,14,100,17,1350,672,no,81,30
2025-05-20T14:03:23.408737,KXBTCD-25MAY2018-T107499.99,DELTA,14,100,17,1350,673,no,82,-30
2025-05-20T14:03:23.686273,KXBTCD-25MAY2018-T107499.99,DELTA,14,100,17,1000,674,no,83,-350
2025-05-20T14:03:23.786878,KXBTCD-25MAY2018-T107499.99,DELTA,14,100,17,1000,675,yes,12,-1000
2025-05-20T14:03:23.808833,KXBTCD-25MAY2018-T107499.99,DELTA,14,100,19,30,676,no,83,-1000
2025-05-20T14:03:23.907903,KXBTCD-25MAY2018-T107499.99,DELTA,14,100,19,30,677,no,70,-3000
2025-05-20T14:03:23.985876,KXBTCD-25MAY2018-T107499.99,DELTA,14,100,19,30,678,no,45,-8000
2025-05-20T14:03:24.085234,KXBTCD-25MAY2018-T107499.99,DELTA,14,100,18,350,679,no,82,350
2025-05-20T14:03:24.186487,KXBTCD-25MAY2018-T107499.99,DELTA,14,100,18,350,680,yes,13,1000
2025-05-20T14:03:24.187531,KXBTCD-25MAY2018-T107499.99,DELTA,14,100,18,350,681,no,39,8000
2025-05-20T14:03:24.188350,KXBTCD-25MAY2018-T107499.99,DELTA,14,100,18,350,682,no,69,3000
2025-05-20T14:03:24.189150,KXBTCD-25MAY2018-T107499.99,DELTA,14,100,18,1350,683,no,82,1000
2025-05-20T14:03:24.905615,KXBTCD-25MAY2018-T107499.99,DELTA,13,1000,18,1350,684,yes,14,-100
2025-05-20T14:03:25.006326,KXBTCD-25MAY2018-T107499.99,DELTA,13,1000,18,1350,685,no,79,-100
2025-05-20T14:03:25.306495,KXBTCD-25MAY2018-T107499.99,DELTA,13,1014,18,1350,686,yes,13,14
2025-05-20T14:03:25.307716,KXBTCD-25MAY2018-T107499.99,DELTA,13,1014,18,1350,687,yes,12,-14
2025-05-20T14:03:25.385661,KXBTCD-25MAY2018-T107499.99,DELTA,13,1014,18,1350,688,no,79,-14
2025-05-20T14:03:25.386799,KXBTCD-25MAY2018-T107499.99,DELTA,13,1014,18,1350,689,no,77,14
2025-05-20T14:03:25.791740,KXBTCD-25MAY2018-T107499.99,DELTA,15,100,18,1350,690,yes,15,100
2025-05-20T14:03:25.792777,KXBTCD-25MAY2018-T107499.99,DELTA,15,100,18,1350,691,no,77,100
2025-05-20T14:03:27.285623,KXBTCD-25MAY2018-T107499.99,DELTA,15,100,18,1350,692,no,77,-100
2025-05-20T14:03:28.245557,KXBTCD-25MAY2018-T107499.99,DELTA,15,100,18,1345,693,no,82,-5
2025-05-20T14:03:28.364587,KXBTCD-25MAY2018-T107499.99,DELTA,15,100,18,1345,694,no,12,-2700
2025-05-20T14:03:28.364775,KXBTCD-25MAY2018-T107499.99,DELTA,15,100,18,1345,695,no,40,810
2025-05-20T14:03:28.405450,KXBTCD-25MAY2018-T107499.99,DELTA,15,100,18,1345,696,no,78,100
2025-05-20T14:03:30.968264,KXBTCD-25MAY2018-T107499.99,DELTA,15,100,18,1345,697,no,78,-100
2025-05-20T14:03:30.968534,KXBTCD-25MAY2018-T107499.99,DELTA,13,1014,18,1345,698,yes,15,-100
2025-05-20T14:03:31.820913,KXBTCD-25MAY2018-T107499.99,DELTA,14,100,18,1345,699,yes,14,100
2025-05-20T14:03:31.822383,KXBTCD-25MAY2018-T107499.99,DELTA,14,100,18,1345,700,no,78,100
2025-05-20T14:03:32.344877,KXBTCD-25MAY2018-T107499.99,DELTA,14,100,18,1345,701,yes,13,-1000
2025-05-20T14:03:32.365557,KXBTCD-25MAY2018-T107499.99,DELTA,14,100,18,1345,702,yes,1,3000
2025-05-20T14:03:32.365716,KXBTCD-25MAY2018-T107499.99,DELTA,14,100,18,345,703,no,82,-1000
2025-05-20T14:03:32.365816,KXBTCD-25MAY2018-T107499.99,DELTA,14,100,18,345,704,no,69,-3000
2025-05-20T14:03:32.425382,KXBTCD-25MAY2018-T107499.99,DELTA,14,100,18,345,705,no,67,3000
2025-05-20T14:03:32.425603,KXBTCD-25MAY2018-T107499.99,DELTA,14,100,18,345,706,no,81,1000
2025-05-20T14:03:32.565668,KXBTCD-25MAY2018-T107499.99,DELTA,14,100,18,345,707,yes,12,1250
2025-05-20T14:03:32.645827,KXBTCD-25MAY2018-T107499.99,DELTA,14,1100,18,345,708,yes,14,1000
2025-05-20T14:03:32.846721,KXBTCD-25MAY2018-T107499.99,DELTA,14,1100,18,345,709,no,50,-200
2025-05-20T14:03:32.847552,KXBTCD-25MAY2018-T107499.99,DELTA,14,1100,18,345,710,no,40,200
2025-05-20T14:03:32.907537,KXBTCD-25MAY2018-T107499.99,DELTA,14,100,18,345,711,yes,14,-1000
2025-05-20T14:03:32.907894,KXBTCD-25MAY2018-T107499.99,DELTA,14,100,18,345,712,no,81,-1000
2025-05-20T14:03:32.927534,KXBTCD-25MAY2018-T107499.99,DELTA,14,100,18,345,713,yes,12,-500
2025-05-20T14:03:32.927830,KXBTCD-25MAY2018-T107499.99,DELTA,14,100,18,345,714,no,51,-2000
2025-05-20T14:03:32.989298,KXBTCD-25MAY2018-T107499.99,DELTA,14,100,18,345,715,yes,10,30
2025-05-20T14:03:32.989783,KXBTCD-25MAY2018-T107499.99,DELTA,14,100,18,345,716,yes,8,-30
2025-05-20T14:03:32.990301,KXBTCD-25MAY2018-T107499.99,DELTA,14,100,18,345,717,no,41,2000
2025-05-20T14:03:32.990559,KXBTCD-25MAY2018-T107499.99,DELTA,14,100,18,345,718,no,79,1000
2025-05-20T14:03:33.005433,KXBTCD-25MAY2018-T107499.99,DELTA,14,100,18,345,719,yes,12,-1250
2025-05-20T14:03:33.005949,KXBTCD-25MAY2018-T107499.99,DELTA,14,100,18,345,720,no,81,-30
2025-05-20T14:03:33.006455,KXBTCD-25MAY2018-T107499.99,DELTA,14,100,18,345,721,no,79,30
2025-05-20T14:03:33.024718,KXBTCD-25MAY2018-T107499.99,DELTA,14,100,18,345,722,no,40,-810
2025-05-20T14:03:33.024985,KXBTCD-25MAY2018-T107499.99,DELTA,14,100,18,345,723,no,41,790
2025-05-20T14:03:33.066630,KXBTCD-25MAY2018-T107499.99,DELTA,14,400,18,345,724,yes,14,300
2025-05-20T14:03:33.066874,KXBTCD-25MAY2018-T107499.99,DELTA,14,400,18,345,725,no,79,-1000
2025-05-20T14:03:33.145961,KXBTCD-25MAY2018-T107499.99,DELTA,14,400,18,345,726,no,41,-2000
2025-05-20T14:03:33.146717,KXBTCD-25MAY2018-T107499.99,DELTA,14,400,21,30,727,no,82,-345
2025-05-20T14:03:33.166179,KXBTCD-25MAY2018-T107499.99,DELTA,14,400,20,1000,728,no,80,1000
2025-05-20T14:03:33.186446,KXBTCD-25MAY2018-T107499.99,DELTA,15,1000,20,1000,729,yes,15,1000
2025-05-20T14:03:33.228477,KXBTCD-25MAY2018-T107499.99,DELTA,15,1000,20,1000,730,no,42,2000
2025-05-20T14:03:33.293786,KXBTCD-25MAY2018-T107499.99,DELTA,15,1000,19,100,731,no,81,100
2025-05-20T14:03:33.385638,KXBTCD-25MAY2018-T107499.99,DELTA,15,1000,20,1000,732,no,81,-100
2025-05-20T14:03:33.445167,KXBTCD-25MAY2018-T107499.99,DELTA,15,1000,20,1350,733,no,80,350
2025-05-20T14:03:33.465978,KXBTCD-25MAY2018-T107499.99,DELTA,15,1000,20,1350,734,yes,14,-100
2025-05-20T14:03:33.466147,KXBTCD-25MAY2018-T107499.99,DELTA,15,1014,20,1350,735,yes,15,14
2025-05-20T14:03:33.485415,KXBTCD-25MAY2018-T107499.99,DELTA,15,1014,20,1350,736,yes,13,-14
2025-05-20T14:03:33.485696,KXBTCD-25MAY2018-T107499.99,DELTA,15,1014,20,1350,737,no,75,14
2025-05-20T14:03:33.485795,KXBTCD-25MAY2018-T107499.99,DELTA,15,1014,20,1350,738,no,77,-14
2025-05-20T14:03:33.585141,KXBTCD-25MAY2018-T107499.99,DELTA,15,1014,20,350,739,no,80,-1000
2025-05-20T14:03:33.644182,KXBTCD-25MAY2018-T107499.99,DELTA,15,1014,20,350,740,yes,14,-300
2025-05-20T14:03:33.644415,KXBTCD-25MAY2018-T107499.99,DELTA,15,1014,20,350,741,no,79,1000
2025-05-20T14:03:33.666235,KXBTCD-25MAY2018-T107499.99,DELTA,15,1014,20,350,742,no,67,-3000
2025-05-20T14:03:33.725249,KXBTCD-25MAY2018-T107499.99,DELTA,15,1014,20,350,743,no,64,3000
2025-05-20T14:03:33.725528,KXBTCD-25MAY2018-T107499.99,DELTA,15,14,20,350,744,yes,15,-1000
2025-05-20T14:03:33.725682,KXBTCD-25MAY2018-T107499.99,DELTA,16,250,20,350,745,yes,16,250
2025-05-20T14:03:33.786628,KXBTCD-25MAY2018-T107499.99,DELTA,16,250,20,350,746,yes,10,-30
2025-05-20T14:03:33.787081,KXBTCD-25MAY2018-T107499.99,DELTA,16,250,20,350,747,yes,12,30
2025-05-20T14:03:33.787238,KXBTCD-25MAY2018-T107499.99,DELTA,16,250,20,350,748,no,79,-30
2025-05-20T14:03:33.787399,KXBTCD-25MAY2018-T107499.99,DELTA,16,250,20,350,749,no,77,30
2025-05-20T14:03:33.809176,KXBTCD-25MAY2018-T107499.99,DELTA,16,250,20,350,750,yes,11,1000
2025-05-20T14:03:33.825640,KXBTCD-25MAY2018-T107499.99,DELTA,16,250,21,1000,751,no,80,-350
2025-05-20T14:03:33.865122,KXBTCD-25MAY2018-T107499.99,DELTA,16,250,21,1000,752,yes,11,-1000
2025-05-20T14:03:33.904840,KXBTCD-25MAY2018-T107499.99,DELTA,16,1250,21,1000,753,yes,16,1000
2025-05-20T14:03:33.925232,KXBTCD-25MAY2018-T107499.99,DELTA,16,1250,21,1100,754,no,79,100
2025-05-20T14:03:34.244873,KXBTCD-25MAY2018-T107499.99,DELTA,16,1250,21,1100,755,no,78,-100
2025-05-20T14:03:34.704633,KXBTCD-25MAY2018-T107499.99,DELTA,17,100,21,1100,756,yes,17,100
2025-05-20T14:03:35.289685,KXBTCD-25MAY2018-T107499.99,DELTA,17,100,21,1100,757,no,75,100
2025-05-20T14:03:35.345593,KXBTCD-25MAY2018-T107499.99,DELTA,16,1250,21,1100,758,yes,17,-100
2025-05-20T14:03:35.405715,KXBTCD-25MAY2018-T107499.99,DELTA,16,1264,21,1100,759,yes,16,14
2025-05-20T14:03:35.405961,KXBTCD-25MAY2018-T107499.99,DELTA,16,1264,21,1100,760,yes,15,-14
2025-05-20T14:03:35.406211,KXBTCD-25MAY2018-T107499.99,DELTA,16,1264,21,1100,761,no,75,-14
2025-05-20T14:03:35.406346,KXBTCD-25MAY2018-T107499.99,DELTA,16,1264,21,1100,762,no,74,14
2025-05-20T14:03:35.926232,KXBTCD-25MAY2018-T107499.99,DELTA,16,264,21,1100,763,yes,16,-1000
2025-05-20T14:03:35.945537,KXBTCD-25MAY2018-T107499.99,DELTA,16,264,21,100,764,no,79,-1000
2025-05-20T14:03:35.985811,KXBTCD-25MAY2018-T107499.99,DELTA,16,264,21,100,765,no,78,1000
2025-05-20T14:03:35.986750,KXBTCD-25MAY2018-T107499.99,DELTA,17,1000,21,100,766,yes,17,1000
2025-05-20T14:03:36.425951,KXBTCD-25MAY2018-T107499.99,DELTA,17,1000,21,100,767,no,75,-100
2025-05-20T14:03:36.944951,KXBTCD-25MAY2018-T107499.99,DELTA,19,100,21,100,768,yes,19,100
2025-05-20T14:03:37.884696,KXBTCD-25MAY2018-T107499.99,DELTA,19,100,21,100,769,no,74,100
2025-05-20T14:03:39.165221,KXBTCD-25MAY2018-T107499.99,DELTA,19,100,21,100,770,no,41,-790
2025-05-20T14:03:39.166165,KXBTCD-25MAY2018-T107499.99,DELTA,19,100,21,100,771,no,39,830
2025-05-20T14:03:39.224440,KXBTCD-25MAY2018-T107499.99,DELTA,19,100,21,100,772,no,42,-2000
2025-05-20T14:03:39.267028,KXBTCD-25MAY2018-T107499.99,DELTA,19,100,21,100,773,no,41,2000
2025-05-20T14:03:39.968664,KXBTCD-25MAY2018-T107499.99,DELTA,19,100,22,1000,774,no,79,-100
2025-05-20T14:03:39.985395,KXBTCD-25MAY2018-T107499.99,DELTA,19,100,21,250,775,no,79,250
2025-05-20T14:03:40.706940,KXBTCD-25MAY2018-T107499.99,DELTA,19,100,21,250,776,yes,17,-1000
2025-05-20T14:03:40.708103,KXBTCD-25MAY2018-T107499.99,DELTA,19,100,21,250,777,no,78,-1000
2025-05-20T14:03:40.764868,KXBTCD-25MAY2018-T107499.99,DELTA,19,100,21,250,778,yes,16,1000
2025-05-20T14:03:40.765852,KXBTCD-25MAY2018-T107499.99,DELTA,19,100,21,1250,779,no,79,1000
2025-05-20T14:03:41.586020,KXBTCD-25MAY2018-T107499.99,DELTA,19,100,21,1250,780,no,39,-830
2025-05-20T14:03:41.586708,KXBTCD-25MAY2018-T107499.99,DELTA,19,100,21,1250,781,no,4,8100
2025-05-20T14:03:41.685714,KXBTCD-25MAY2018-T107499.99,DELTA,19,100,21,1250,782,no,5,20000
2025-05-20T14:03:42.805693,KXBTCD-25MAY2018-T107499.99,DELTA,19,100,21,1250,783,no,4,-8100
2025-05-20T14:03:42.806163,KXBTCD-25MAY2018-T107499.99,DELTA,19,100,21,1250,784,no,6,5400
2025-05-20T14:03:42.865601,KXBTCD-25MAY2018-T107499.99,DELTA,19,100,21,1250,785,no,5,-20000
2025-05-20T14:03:42.905617,KXBTCD-25MAY2018-T107499.99,DELTA,19,100,21,1250,786,no,7,20000
2025-05-20T14:03:44.026133,KXBTCD-25MAY2018-T107499.99,DELTA,19,100,21,1250,787,no,6,-5400
2025-05-20T14:03:44.027091,KXBTCD-25MAY2018-T107499.99,DELTA,19,100,21,1250,788,no,8,4050
2025-05-20T14:03:44.085811,KXBTCD-25MAY2018-T107499.99,DELTA,19,100,21,1250,789,no,7,-20000
2025-05-20T14:03:44.145903,KXBTCD-25MAY2018-T107499.99,DELTA,19,100,21,1250,790,no,9,20000
2025-05-20T14:03:44.485732,KXBTCD-25MAY2018-T107499.99,DELTA,19,100,21,1250,791,no,74,-100
2025-05-20T14:03:44.486612,KXBTCD-25MAY2018-T107499.99,DELTA,16,1264,21,1250,792,yes,19,-100
2025-05-20T14:03:44.705176,KXBTCD-25MAY2018-T107499.99,DELTA,16,264,21,1250,793,yes,16,-1000
2025-05-20T14:03:44.705432,KXBTCD-25MAY2018-T107499.99,DELTA,16,264,21,250,794,no,79,-1000
2025-05-20T14:03:44.766042,KXBTCD-25MAY2018-T107499.99,DELTA,16,264,21,250,795,no,78,1000
2025-05-20T14:03:44.766277,KXBTCD-25MAY2018-T107499.99,DELTA,17,1000,21,250,796,yes,17,1000
2025-05-20T14:03:45.266930,KXBTCD-25MAY2018-T107499.99,DELTA,17,1000,21,250,797,no,8,-4050
2025-05-20T14:03:45.267959,KXBTCD-25MAY2018-T107499.99,DELTA,17,1000,21,250,798,no,10,3240
2025-05-20T14:03:45.327360,KXBTCD-25MAY2018-T107499.99,DELTA,17,1000,21,250,799,no,9,-20000
2025-05-20T14:03:45.366089,KXBTCD-25MAY2018-T107499.99,DELTA,17,1000,21,250,800,no,11,20000
2025-05-20T14:03:45.656866,KXBTCD-25MAY2018-T107499.99,DELTA,18,100,21,250,801,yes,18,100
2025-05-20T14:03:45.657764,KXBTCD-25MAY2018-T107499.99,DELTA,18,100,21,250,802,no,74,100
2025-05-20T14:03:46.465688,KXBTCD-25MAY2018-T107499.99,DELTA,18,100,21,250,803,no,74,-100
2025-05-20T14:03:46.486647,KXBTCD-25MAY2018-T107499.99,DELTA,18,100,21,250,804,no,10,-3240
2025-05-20T14:03:46.486985,KXBTCD-25MAY2018-T107499.99,DELTA,18,100,21,250,805,no,12,2700
2025-05-20T14:03:46.545203,KXBTCD-25MAY2018-T107499.99,DELTA,18,100,21,250,806,no,11,-20000
2025-05-20T14:03:47.091069,KXBTCD-25MAY2018-T107499.99,DELTA,18,100,21,250,807,yes,13,30
2025-05-20T14:03:47.092187,KXBTCD-25MAY2018-T107499.99,DELTA,18,100,21,250,808,yes,12,-30
2025-05-20T14:03:47.092822,KXBTCD-25MAY2018-T107499.99,DELTA,18,100,21,250,809,no,76,30
2025-05-20T14:03:47.093347,KXBTCD-25MAY2018-T107499.99,DELTA,18,100,21,250,810,no,77,-30
2025-05-20T14:03:47.125880,KXBTCD-25MAY2018-T107499.99,DELTA,18,100,21,250,811,no,78,-1000
2025-05-20T14:03:47.167270,KXBTCD-25MAY2018-T107499.99,DELTA,18,100,21,250,812,no,77,1000
2025-05-20T14:03:47.306298,KXBTCD-25MAY2018-T107499.99,DELTA,18,100,21,250,813,no,74,100
2025-05-20T14:03:47.466233,KXBTCD-25MAY2018-T107499.99,DELTA,18,100,21,250,814,no,74,-100
2025-05-20T14:03:48.346013,KXBTCD-25MAY2018-T107499.99,DELTA,18,100,21,250,815,no,74,100
2025-05-20T14:03:48.585626,KXBTCD-25MAY2018-T107499.99,DELTA,18,100,21,250,816,no,74,-100
2025-05-20T14:03:48.664984,KXBTCD-25MAY2018-T107499.99,DELTA,18,100,23,1000,817,no,79,-250
2025-05-20T14:03:48.705791,KXBTCD-25MAY2018-T107499.99,DELTA,18,100,22,350,818,no,78,350
2025-05-20T14:03:48.766043,KXBTCD-25MAY2018-T107499.99,DELTA,18,100,22,350,819,no,77,-1000
2025-05-20T14:03:48.825141,KXBTCD-25MAY2018-T107499.99,DELTA,18,100,22,1350,820,no,78,1000
2025-05-20T14:03:48.845537,KXBTCD-25MAY2018-T107499.99,DELTA,18,100,22,1350,821,yes,16,-14
2025-05-20T14:03:48.846467,KXBTCD-25MAY2018-T107499.99,DELTA,18,114,22,1350,822,yes,18,14
2025-05-20T14:03:48.865498,KXBTCD-25MAY2018-T107499.99,DELTA,18,114,22,1350,823,no,74,-14
2025-05-20T14:03:48.866347,KXBTCD-25MAY2018-T107499.99,DELTA,18,114,22,1350,824,no,72,14
2025-05-20T14:03:49.226509,KXBTCD-25MAY2018-T107499.99,DELTA,18,14,22,1350,825,yes,18,-100
2025-05-20T14:03:49.665616,KXBTCD-25MAY2018-T107499.99,DELTA,18,14,22,1350,826,no,74,100
2025-05-20T14:03:50.306206,KXBTCD-25MAY2018-T107499.99,DELTA,19,100,22,1350,827,yes,19,100
2025-05-20T14:03:50.646366,KXBTCD-25MAY2018-T107499.99,DELTA,19,100,22,350,828,no,78,-1000
2025-05-20T14:03:50.647554,KXBTCD-25MAY2018-T107499.99,DELTA,19,100,22,350,829,yes,16,-250
2025-05-20T14:03:50.705489,KXBTCD-25MAY2018-T107499.99,DELTA,19,100,24,30,830,no,78,-350
2025-05-20T14:03:50.727975,KXBTCD-25MAY2018-T107499.99,DELTA,19,100,23,1000,831,no,77,1000
2025-05-20T14:03:50.728179,KXBTCD-25MAY2018-T107499.99,DELTA,19,100,23,1000,832,yes,17,-1000
2025-05-20T14:03:50.785879,KXBTCD-25MAY2018-T107499.99,DELTA,19,100,23,1000,833,yes,14,1000
2025-05-20T14:03:50.906104,KXBTCD-25MAY2018-T107499.99,DELTA,19,300,23,1000,834,yes,19,200
2025-05-20T14:03:50.906720,KXBTCD-25MAY2018-T107499.99,DELTA,19,300,23,1100,835,no,77,100
2025-05-20T14:03:51.027533,KXBTCD-25MAY2018-T107499.99,DELTA,19,300,23,1000,836,no,77,-100
2025-05-20T14:03:51.108808,KXBTCD-25MAY2018-T107499.99,DELTA,19,300,23,1000,837,no,76,250
2025-05-20T14:03:51.244384,KXBTCD-25MAY2018-T107499.99,DELTA,19,300,23,1000,838,yes,14,-1000
2025-05-20T14:03:51.266419,KXBTCD-25MAY2018-T107499.99,DELTA,19,300,24,280,839,no,77,-1000
2025-05-20T14:03:51.345519,KXBTCD-25MAY2018-T107499.99,DELTA,19,300,24,1280,840,no,76,1000
2025-05-20T14:03:51.346601,KXBTCD-25MAY2018-T107499.99,DELTA,19,1300,24,1280,841,yes,19,1000
2025-05-20T14:03:51.425313,KXBTCD-25MAY2018-T107499.99,DELTA,19,300,24,1280,842,yes,19,-1000
2025-05-20T14:03:51.426081,KXBTCD-25MAY2018-T107499.99,DELTA,19,300,24,280,843,no,76,-1000
2025-05-20T14:03:51.485309,KXBTCD-25MAY2018-T107499.99,DELTA,19,300,23,1000,844,no,77,1000
2025-05-20T14:03:51.486484,KXBTCD-25MAY2018-T107499.99,DELTA,19,300,23,1000,845,yes,14,1000
2025-05-20T14:03:51.785461,KXBTCD-25MAY2018-T107499.99,DELTA,19,300,23,1000,846,no,12,-2700
2025-05-20T14:03:51.786234,KXBTCD-25MAY2018-T107499.99,DELTA,19,300,23,1000,847,no,4,8100
2025-05-20T14:03:51.845112,KXBTCD-25MAY2018-T107499.99,DELTA,19,300,23,1000,848,no,5,20000
2025-05-20T14:03:51.887392,KXBTCD-25MAY2018-T107499.99,DELTA,19,300,23,1000,849,yes,15,9
2025-05-20T14:03:52.265706,KXBTCD-25MAY2018-T107499.99,DELTA,19,300,23,1000,850,yes,15,30
2025-05-20T14:03:52.266049,KXBTCD-25MAY2018-T107499.99,DELTA,19,300,23,1000,851,yes,13,-30
2025-05-20T14:03:52.266396,KXBTCD-25MAY2018-T107499.99,DELTA,19,300,23,1000,852,no,76,-30
2025-05-20T14:03:52.266547,KXBTCD-25MAY2018-T107499.99,DELTA,19,300,23,1000,853,no,74,30
2025-05-20T14:03:52.326346,KXBTCD-25MAY2018-T107499.99,DELTA,19,300,23,1000,854,yes,14,-1000
2025-05-20T14:03:52.385577,KXBTCD-25MAY2018-T107499.99,DELTA,19,300,23,1000,855,yes,16,1000
2025-05-20T14:03:53.105495,KXBTCD-25MAY2018-T107499.99,DELTA,19,300,23,1000,856,no,74,-100
2025-05-20T14:03:53.127089,KXBTCD-25MAY2018-T107499.99,DELTA,19,200,23,1000,857,yes,19,-100
2025-05-20T14:03:54.105702,KXBTCD-25MAY2018-T107499.99,DELTA,19,200,23,1000,858,yes,18,-14
2025-05-20T14:03:54.106796,KXBTCD-25MAY2018-T107499.99,DELTA,20,14,23,1000,859,yes,20,14
2025-05-20T14:03:54.107593,KXBTCD-25MAY2018-T107499.99,DELTA,20,14,23,1000,860,no,70,14
2025-05-20T14:03:54.108233,KXBTCD-25MAY2018-T107499.99,DELTA,20,14,23,1000,861,no,72,-14
2025-05-20T14:03:54.166175,KXBTCD-25MAY2018-T107499.99,DELTA,20,114,23,1000,862,yes,20,100
2025-05-20T14:03:54.167119,KXBTCD-25MAY2018-T107499.99,DELTA,20,114,23,1000,863,no,72,100
2025-05-20T14:03:54.206108,KXBTCD-25MAY2018-T107499.99,DELTA,20,114,23,1000,864,yes,15,-9
2025-05-20T14:03:54.384851,KXBTCD-25MAY2018-T107499.99,DELTA,20,114,23,1000,865,no,72,-100
2025-05-20T14:03:55.026557,KXBTCD-25MAY2018-T107499.99,DELTA,20,114,23,1000,866,no,4,-8100
2025-05-20T14:03:55.027665,KXBTCD-25MAY2018-T107499.99,DELTA,20,114,23,1000,867,no,6,5400
2025-05-20T14:03:55.105721,KXBTCD-25MAY2018-T107499.99,DELTA,20,114,23,1000,868,no,5,-20000
2025-05-20T14:03:55.165942,KXBTCD-25MAY2018-T107499.99,DELTA,20,114,23,1000,869,no,7,20000
2025-05-20T14:03:55.205248,KXBTCD-25MAY2018-T107499.99,DELTA,20,114,23,1000,870,yes,16,-1000
2025-05-20T14:03:55.227254,KXBTCD-25MAY2018-T107499.99,DELTA,20,114,24,250,871,no,77,-1000
2025-05-20T14:03:55.227983,KXBTCD-25MAY2018-T107499.99,DELTA,20,114,24,250,872,no,64,-3000
2025-05-20T14:03:55.244925,KXBTCD-25MAY2018-T107499.99,DELTA,20,114,24,250,873,no,39,-8000
2025-05-20T14:03:55.284994,KXBTCD-25MAY2018-T107499.99,DELTA,20,114,24,250,874,no,72,100
2025-05-20T14:03:55.306880,KXBTCD-25MAY2018-T107499.99,DELTA,20,114,26,30,875,no,76,-250
2025-05-20T14:03:55.326141,KXBTCD-25MAY2018-T107499.99,DELTA,20,114,26,30,876,no,22,8000
2025-05-20T14:03:55.326813,KXBTCD-25MAY2018-T107499.99,DELTA,20,114,26,30,877,yes,19,1000
2025-05-20T14:03:55.327250,KXBTCD-25MAY2018-T107499.99,DELTA,20,114,26,30,878,no,59,3000
2025-05-20T14:03:55.345164,KXBTCD-25MAY2018-T107499.99,DELTA,20,114,24,1000,879,no,76,1000
2025-05-20T14:03:55.426283,KXBTCD-25MAY2018-T107499.99,DELTA,20,114,26,30,880,no,76,-1000
2025-05-20T14:03:55.445599,KXBTCD-25MAY2018-T107499.99,DELTA,20,114,25,300,881,no,75,300
2025-05-20T14:03:55.484421,KXBTCD-25MAY2018-T107499.99,DELTA,20,114,25,300,882,no,72,-100
2025-05-20T14:03:55.484881,KXBTCD-25MAY2018-T107499.99,DELTA,20,114,25,1300,883,no,75,1000
2025-05-20T14:03:55.544458,KXBTCD-25MAY2018-T107499.99,DELTA,20,114,25,300,884,no,75,-1000
2025-05-20T14:03:55.606683,KXBTCD-25MAY2018-T107499.99,DELTA,20,114,24,1000,885,no,76,1000
2025-05-20T14:03:56.404375,KXBTCD-25MAY2018-T107499.99,DELTA,20,114,24,1000,886,no,6,-5400
2025-05-20T14:03:56.405128,KXBTCD-25MAY2018-T107499.99,DELTA,20,114,24,1000,887,no,23,1408
2025-05-20T14:03:56.465844,KXBTCD-25MAY2018-T107499.99,DELTA,20,114,24,1000,888,no,7,-20000
2025-05-20T14:03:56.765251,KXBTCD-25MAY2018-T107499.99,DELTA,20,114,24,1000,889,no,72,100
2025-05-20T14:03:58.385125,KXBTCD-25MAY2018-T107499.99,DELTA,20,114,24,1000,890,yes,15,-30
2025-05-20T14:03:58.385766,KXBTCD-25MAY2018-T107499.99,DELTA,20,114,24,1000,891,yes,17,30
2025-05-20T14:03:58.405453,KXBTCD-25MAY2018-T107499.99,DELTA,20,114,24,1000,892,no,74,-30
2025-05-20T14:03:58.405953,KXBTCD-25MAY2018-T107499.99,DELTA,20,114,24,1000,893,no,72,30
2025-05-20T14:03:58.525134,KXBTCD-25MAY2018-T107499.99,DELTA,20,114,24,1000,894,yes,19,-1000
2025-05-20T14:03:58.525377,KXBTCD-25MAY2018-T107499.99,DELTA,20,114,25,300,895,no,76,-1000
2025-05-20T14:03:58.583840,KXBTCD-25MAY2018-T107499.99,DELTA,20,1114,25,300,896,yes,20,1000
2025-05-20T14:03:58.583999,KXBTCD-25MAY2018-T107499.99,DELTA,20,1114,25,1300,897,no,75,1000
2025-05-20T14:03:59.146051,KXBTCD-25MAY2018-T107499.99,DELTA,20,1014,25,1300,898,yes,20,-100
2025-05-20T14:03:59.227080,KXBTCD-25MAY2018-T107499.99,DELTA,21,14,25,1300,899,yes,21,14
2025-05-20T14:03:59.227412,KXBTCD-25MAY2018-T107499.99,DELTA,21,14,25,1300,900,yes,20,-14
2025-05-20T14:03:59.227570,KXBTCD-25MAY2018-T107499.99,DELTA,21,14,25,1300,901,no,69,14
2025-05-20T14:03:59.244388,KXBTCD-25MAY2018-T107499.99,DELTA,21,14,25,1300,902,yes,19,-200
2025-05-20T14:03:59.244663,KXBTCD-25MAY2018-T107499.99,DELTA,21,14,25,1300,903,no,70,-14
2025-05-20T14:03:59.284779,KXBTCD-25MAY2018-T107499.99,DELTA,21,64,25,1300,904,yes,21,50
2025-05-20T14:03:59.426643,KXBTCD-25MAY2018-T107499.99,DELTA,21,64,25,1300,905,yes,20,-1000
2025-05-20T14:03:59.427518,KXBTCD-25MAY2018-T107499.99,DELTA,21,64,25,300,906,no,75,-1000
2025-05-20T14:03:59.485604,KXBTCD-25MAY2018-T107499.99,DELTA,21,1064,25,300,907,yes,21,1000
2025-05-20T14:03:59.486655,KXBTCD-25MAY2018-T107499.99,DELTA,21,1064,25,300,908,no,73,1000
2025-05-20T14:03:59.488012,KXBTCD-25MAY2018-T107499.99,DELTA,21,1064,25,300,909,yes,19,30
2025-05-20T14:03:59.507568,KXBTCD-25MAY2018-T107499.99,DELTA,21,1064,25,300,910,yes,17,-30
2025-05-20T14:03:59.508458,KXBTCD-25MAY2018-T107499.99,DELTA,21,1064,25,300,911,no,71,30
2025-05-20T14:03:59.509157,KXBTCD-25MAY2018-T107499.99,DELTA,21,1064,25,300,912,no,72,-30
2025-05-20T14:03:59.614883,KXBTCD-25MAY2018-T107499.99,DELTA,21,1014,25,300,913,yes,21,-50
2025-05-20T14:03:59.665612,KXBTCD-25MAY2018-T107499.99,DELTA,21,1014,27,1000,914,no,75,-300
2025-05-20T14:03:59.691965,KXBTCD-25MAY2018-T107499.99,DELTA,21,14,27,1000,915,yes,21,-1000
2025-05-20T14:03:59.725442,KXBTCD-25MAY2018-T107499.99,DELTA,22,200,27,1000,916,yes,22,200
2025-05-20T14:03:59.726011,KXBTCD-25MAY2018-T107499.99,DELTA,22,200,26,100,917,no,74,100
2025-05-20T14:03:59.726120,KXBTCD-25MAY2018-T107499.99,DELTA,22,200,26,100,918,yes,20,1000
2025-05-20T14:03:59.785988,KXBTCD-25MAY2018-T107499.99,DELTA,22,200,27,1000,919,no,74,-100
2025-05-20T14:03:59.805392,KXBTCD-25MAY2018-T107499.99,DELTA,22,200,28,100,920,no,73,-1000
2025-05-20T14:03:59.846485,KXBTCD-25MAY2018-T107499.99,DELTA,22,200,27,250,921,no,73,250
2025-05-20T14:03:59.867013,KXBTCD-25MAY2018-T107499.99,DELTA,22,200,27,1250,922,no,73,1000
2025-05-20T14:03:59.886058,KXBTCD-25MAY2018-T107499.99,DELTA,23,14,27,1250,923,yes,23,14
2025-05-20T14:03:59.886316,KXBTCD-25MAY2018-T107499.99,DELTA,23,14,27,1250,924,yes,21,-14
2025-05-20T14:03:59.886907,KXBTCD-25MAY2018-T107499.99,DELTA,23,14,27,1250,925,no,67,14
2025-05-20T14:03:59.908128,KXBTCD-25MAY2018-T107499.99,DELTA,23,14,27,1250,926,no,69,-14
2025-05-20T14:03:59.924781,KXBTCD-25MAY2018-T107499.99,DELTA,23,14,27,1250,927,yes,20,-1000
2025-05-20T14:03:59.987155,KXBTCD-25MAY2018-T107499.99,DELTA,23,14,27,1250,928,yes,22,1000
2025-05-20T14:04:00.005712,KXBTCD-25MAY2018-T107499.99,DELTA,23,14,27,1000,929,no,73,-250
2025-05-20T14:04:00.065542,KXBTCD-25MAY2018-T107499.99,DELTA,23,14,27,1000,930,yes,22,-200
2025-05-20T14:04:00.126407,KXBTCD-25MAY2018-T107499.99,DELTA,23,14,27,1000,931,no,72,-100
2025-05-20T14:04:00.127485,KXBTCD-25MAY2018-T107499.99,DELTA,23,14,27,1000,932,yes,22,-1000
2025-05-20T14:04:00.147157,KXBTCD-25MAY2018-T107499.99,DELTA,24,150,27,1000,933,yes,24,150
2025-05-20T14:04:00.148124,KXBTCD-25MAY2018-T107499.99,DELTA,24,150,27,1000,934,no,72,150
2025-05-20T14:04:00.187559,KXBTCD-25MAY2018-T107499.99,DELTA,24,150,27,1000,935,yes,20,1000
2025-05-20T14:04:00.206048,KXBTCD-25MAY2018-T107499.99,DELTA,24,150,28,150,936,no,73,-1000
2025-05-20T14:04:00.287138,KXBTCD-25MAY2018-T107499.99,DELTA,24,150,27,1000,937,no,73,1000
2025-05-20T14:04:00.366393,KXBTCD-25MAY2018-T107499.99,DELTA,24,150,27,1000,938,yes,23,100
2025-05-20T14:04:00.526807,KXBTCD-25MAY2018-T107499.99,DELTA,24,150,27,1000,939,yes,20,30
2025-05-20T14:04:00.527348,KXBTCD-25MAY2018-T107499.99,DELTA,24,150,27,1000,940,yes,19,-30
2025-05-20T14:04:00.546881,KXBTCD-25MAY2018-T107499.99,DELTA,24,150,27,1000,941,no,69,30
2025-05-20T14:04:00.547790,KXBTCD-25MAY2018-T107499.99,DELTA,24,150,27,1000,942,no,71,-30
2025-05-20T14:04:00.587000,KXBTCD-25MAY2018-T107499.99,DELTA,24,150,27,1000,943,yes,20,-1000
2025-05-20T14:04:00.645161,KXBTCD-25MAY2018-T107499.99,DELTA,24,150,27,1000,944,yes,21,1000
2025-05-20T14:04:00.727321,KXBTCD-25MAY2018-T107499.99,DELTA,24,150,27,1000,945,no,72,-150
2025-05-20T14:04:00.745835,KXBTCD-25MAY2018-T107499.99,DELTA,24,150,27,1000,946,yes,21,-1000
2025-05-20T14:04:00.767466,KXBTCD-25MAY2018-T107499.99,DELTA,24,150,31,30,947,no,73,-1000
2025-05-20T14:04:00.786168,KXBTCD-25MAY2018-T107499.99,DELTA,24,150,29,300,948,no,71,300
2025-05-20T14:04:00.806709,KXBTCD-25MAY2018-T107499.99,DELTA,24,150,29,300,949,yes,23,1000
2025-05-20T14:04:00.807596,KXBTCD-25MAY2018-T107499.99,DELTA,24,150,29,300,950,no,70,1000
2025-05-20T14:04:00.846184,KXBTCD-25MAY2018-T107499.99,DELTA,23,1114,29,300,951,yes,24,-150
2025-05-20T14:04:00.846769,KXBTCD-25MAY2018-T107499.99,DELTA,23,1114,29,300,952,no,70,-1000
2025-05-20T14:04:00.885192,KXBTCD-25MAY2018-T107499.99,DELTA,24,150,29,300,953,yes,24,150
2025-05-20T14:04:00.926504,KXBTCD-25MAY2018-T107499.99,DELTA,24,150,28,1000,954,no,72,1000
2025-05-20T14:04:00.945523,KXBTCD-25MAY2018-T107499.99,DELTA,24,150,28,1000,955,yes,23,-1000
2025-05-20T14:04:01.006667,KXBTCD-25MAY2018-T107499.99,DELTA,24,150,28,1000,956,yes,21,1000
2025-05-20T14:04:01.007064,KXBTCD-25MAY2018-T107499.99,DELTA,24,150,28,1000,957,no,68,100
2025-05-20T14:04:01.025733,KXBTCD-25MAY2018-T107499.99,DELTA,23,114,28,1000,958,yes,24,-150
2025-05-20T14:04:01.045449,KXBTCD-25MAY2018-T107499.99,DELTA,24,350,28,1000,959,yes,24,350
2025-05-20T14:04:01.065612,KXBTCD-25MAY2018-T107499.99,DELTA,24,350,28,1000,960,yes,21,-1000
2025-05-20T14:04:01.124842,KXBTCD-25MAY2018-T107499.99,DELTA,24,350,28,1000,961,yes,23,1000
2025-05-20T14:04:01.165260,KXBTCD-25MAY2018-T107499.99,DELTA,24,350,28,1000,962,yes,23,-100
2025-05-20T14:04:01.204752,KXBTCD-25MAY2018-T107499.99,DELTA,24,350,28,1000,963,yes,23,-1000
2025-05-20T14:04:01.284798,KXBTCD-25MAY2018-T107499.99,DELTA,24,350,28,1000,964,yes,21,1000
2025-05-20T14:04:01.405943,KXBTCD-25MAY2018-T107499.99,DELTA,24,350,28,1000,965,no,68,-100
2025-05-20T14:04:01.565665,KXBTCD-25MAY2018-T107499.99,DELTA,24,350,28,1000,966,no,41,-2000
2025-05-20T14:04:01.627376,KXBTCD-25MAY2018-T107499.99,DELTA,24,350,28,1000,967,no,71,2000
2025-05-20T14:04:01.793546,KXBTCD-25MAY2018-T107499.99,DELTA,24,350,28,1000,968,yes,21,-1000
2025-05-20T14:04:01.793924,KXBTCD-25MAY2018-T107499.99,DELTA,24,350,28,1000,969,no,71,1250
2025-05-20T14:04:01.809141,KXBTCD-25MAY2018-T107499.99,DELTA,24,350,28,1000,970,no,71,-2000
2025-05-20T14:04:01.907513,KXBTCD-25MAY2018-T107499.99,DELTA,24,350,28,1000,971,no,71,2000
2025-05-20T14:04:01.908326,KXBTCD-25MAY2018-T107499.99,DELTA,24,350,28,1000,972,yes,21,1000
2025-05-20T14:04:02.048145,KXBTCD-25MAY2018-T107499.99,DELTA,24,350,28,1000,973,yes,21,-1000
2025-05-20T14:04:02.050187,KXBTCD-25MAY2018-T107499.99,DELTA,24,350,28,1000,974,no,71,-2000
2025-05-20T14:04:02.069101,KXBTCD-25MAY2018-T107499.99,DELTA,24,350,28,1000,975,no,71,-1250
2025-05-20T14:04:02.153680,KXBTCD-25MAY2018-T107499.99,DELTA,24,350,28,1000,976,yes,20,1000
2025-05-20T14:04:02.170804,KXBTCD-25MAY2018-T107499.99,DELTA,24,350,28,3000,977,no,72,2000
2025-05-20T14:04:02.170974,KXBTCD-25MAY2018-T107499.99,DELTA,24,350,28,4250,978,no,72,1250
2025-05-20T14:04:02.228012,KXBTCD-25MAY2018-T107499.99,DELTA,23,14,28,4250,979,yes,24,-350
2025-05-20T14:04:02.347828,KXBTCD-25MAY2018-T107499.99,DELTA,23,314,28,4250,980,yes,23,300
2025-05-20T14:04:02.391948,KXBTCD-25MAY2018-T107499.99,DELTA,23,314,28,3250,981,no,72,-1000
2025-05-20T14:04:02.392167,KXBTCD-25MAY2018-T107499.99,DELTA,23,314,28,1250,982,no,72,-2000
2025-05-20T14:04:02.392393,KXBTCD-25MAY2018-T107499.99,DELTA,23,314,28,1250,983,yes,20,-1000
2025-05-20T14:04:02.392499,KXBTCD-25MAY2018-T107499.99,DELTA,23,314,29,300,984,no,72,-1250
2025-05-20T14:04:02.392914,KXBTCD-25MAY2018-T107499.99,DELTA,25,14,29,300,985,yes,25,14
2025-05-20T14:04:02.393217,KXBTCD-25MAY2018-T107499.99,DELTA,25,14,29,300,986,yes,23,-14
2025-05-20T14:04:02.407439,KXBTCD-25MAY2018-T107499.99,DELTA,25,14,29,300,987,no,65,14
2025-05-20T14:04:02.407571,KXBTCD-25MAY2018-T107499.99,DELTA,25,14,29,300,988,no,67,-14
2025-05-20T14:04:02.453706,KXBTCD-25MAY2018-T107499.99,DELTA,25,14,29,300,989,yes,21,100
2025-05-20T14:04:02.470593,KXBTCD-25MAY2018-T107499.99,DELTA,25,14,29,400,990,no,71,100
2025-05-20T14:04:02.470845,KXBTCD-25MAY2018-T107499.99,DELTA,25,14,29,400,991,yes,23,-300
2025-05-20T14:04:02.487039,KXBTCD-25MAY2018-T107499.99,DELTA,25,14,29,100,992,no,71,-300
2025-05-20T14:04:02.611163,KXBTCD-25MAY2018-T107499.99,DELTA,25,14,29,100,993,yes,22,150
2025-05-20T14:04:02.611487,KXBTCD-25MAY2018-T107499.99,DELTA,25,14,26,150,994,no,74,150
2025-05-20T14:04:02.706137,KXBTCD-25MAY2018-T107499.99,DELTA,25,14,26,150,995,no,71,-100
2025-05-20T14:04:02.707417,KXBTCD-25MAY2018-T107499.99,DELTA,25,14,26,150,996,yes,4,9
2025-05-20T14:04:02.707940,KXBTCD-25MAY2018-T107499.99,DELTA,25,14,26,150,997,yes,21,-100
2025-05-20T14:04:02.708222,KXBTCD-25MAY2018-T107499.99,DELTA,25,14,26,150,998,yes,22,-150
2025-05-20T14:04:02.725242,KXBTCD-25MAY2018-T107499.99,DELTA,25,14,26,150,999,no,60,9
2025-05-20T14:04:02.725523,KXBTCD-25MAY2018-T107499.99,DELTA,25,14,31,30,1000,no,74,-150
2025-05-20T14:04:02.825031,KXBTCD-25MAY2018-T107499.99,DELTA,25,14,31,30,1001,yes,21,1000
2025-05-20T14:04:02.846655,KXBTCD-25MAY2018-T107499.99,DELTA,25,264,31,30,1002,yes,25,250
2025-05-20T14:04:02.866312,KXBTCD-25MAY2018-T107499.99,DELTA,25,264,30,300,1003,no,70,300
2025-05-20T14:04:03.067632,KXBTCD-25MAY2018-T107499.99,DELTA,25,264,30,2300,1004,no,70,2000
2025-05-20T14:04:03.548596,KXBTCD-25MAY2018-T107499.99,DELTA,25,264,30,300,1005,no,70,-2000
2025-05-20T14:04:03.729514,KXBTCD-25MAY2018-T107499.99,DELTA,25,264,30,300,1006,no,41,2000
2025-05-20T14:04:03.730216,KXBTCD-25MAY2018-T107499.99,DELTA,25,264,29,1000,1007,no,71,1000
2025-05-20T14:04:03.991773,KXBTCD-25MAY2018-T107499.99,DELTA,25,264,29,1000,1008,no,69,100
2025-05-20T14:04:04.008612,KXBTCD-25MAY2018-T107499.99,DELTA,25,264,29,1000,1009,yes,23,100
2025-05-20T14:04:04.086350,KXBTCD-25MAY2018-T107499.99,DELTA,25,264,29,1000,1010,yes,21,-1000
2025-05-20T14:04:04.189262,KXBTCD-25MAY2018-T107499.99,DELTA,25,264,29,1000,1011,no,41,-2000
2025-05-20T14:04:04.189750,KXBTCD-25MAY2018-T107499.99,DELTA,25,264,29,1000,1012,yes,23,1000
2025-05-20T14:04:04.248943,KXBTCD-25MAY2018-T107499.99,DELTA,25,264,29,1000,1013,yes,22,30
2025-05-20T14:04:04.249129,KXBTCD-25MAY2018-T107499.99,DELTA,25,264,29,1000,1014,yes,20,-30
2025-05-20T14:04:04.267484,KXBTCD-25MAY2018-T107499.99,DELTA,25,264,29,1000,1015,no,70,2000
2025-05-20T14:04:04.267639,KXBTCD-25MAY2018-T107499.99,DELTA,25,264,29,1000,1016,no,69,-30
2025-05-20T14:04:04.267718,KXBTCD-25MAY2018-T107499.99,DELTA,25,264,29,1000,1017,no,67,30
2025-05-20T14:04:04.295444,KXBTCD-25MAY2018-T107499.99,DELTA,25,264,29,1000,1018,yes,23,-1000
2025-05-20T14:04:04.295598,KXBTCD-25MAY2018-T107499.99,DELTA,25,264,29,1000,1019,yes,23,-100
2025-05-20T14:04:04.326516,KXBTCD-25MAY2018-T107499.99,DELTA,25,264,29,1000,1020,yes,22,1000
2025-05-20T14:04:04.727524,KXBTCD-25MAY2018-T107499.99,DELTA,25,264,29,1000,1021,yes,22,-1000
2025-05-20T14:04:04.727683,KXBTCD-25MAY2018-T107499.99,DELTA,25,264,29,1000,1022,no,70,-2000
2025-05-20T14:04:04.814887,KXBTCD-25MAY2018-T107499.99,DELTA,25,264,29,1000,1023,yes,23,1000
2025-05-20T14:04:04.825424,KXBTCD-25MAY2018-T107499.99,DELTA,25,264,29,1000,1024,no,41,2000
2025-05-20T14:04:04.848952,KXBTCD-25MAY2018-T107499.99,DELTA,25,264,29,1000,1025,no,60,-9
2025-05-20T14:04:04.908802,KXBTCD-25MAY2018-T107499.99,DELTA,25,264,29,1000,1026,no,69,-100
2025-05-20T14:04:05.288746,KXBTCD-25MAY2018-T107499.99,DELTA,25,364,29,1000,1027,yes,25,100
2025-05-20T14:04:05.957033,KXBTCD-25MAY2018-T107499.99,DELTA,25,364,29,1000,1028,no,67,100
2025-05-20T14:04:06.267857,KXBTCD-25MAY2018-T107499.99,DELTA,25,364,29,1000,1029,yes,23,-1000
2025-05-20T14:04:06.289212,KXBTCD-25MAY2018-T107499.99,DELTA,25,364,29,1000,1030,no,41,-2000
2025-05-20T14:04:06.350576,KXBTCD-25MAY2018-T107499.99,DELTA,25,364,29,1000,1031,no,41,2000
2025-05-20T14:04:06.351435,KXBTCD-25MAY2018-T107499.99,DELTA,25,364,29,1000,1032,yes,23,1000
2025-05-20T14:04:06.572129,KXBTCD-25MAY2018-T107499.99,DELTA,25,364,29,1000,1033,no,67,-100
2025-05-20T14:04:07.011816,KXBTCD-25MAY2018-T107499.99,DELTA,25,364,29,1000,1034,no,59,-3000
2025-05-20T14:04:07.050042,KXBTCD-25MAY2018-T107499.99,DELTA,25,364,29,1000,1035,no,52,3000
2025-05-20T14:04:07.129319,KXBTCD-25MAY2018-T107499.99,DELTA,25,364,29,1000,1036,yes,4,-9
2025-05-20T14:04:07.346663,KXBTCD-25MAY2018-T107499.99,DELTA,25,364,29,1000,1037,no,67,100
2025-05-20T14:04:07.568101,KXBTCD-25MAY2018-T107499.99,DELTA,25,364,29,1000,1038,no,67,-100
2025-05-20T14:04:08.484983,KXBTCD-25MAY2018-T107499.99,DELTA,25,364,29,1000,1039,no,68,100
2025-05-20T14:04:08.784458,KXBTCD-25MAY2018-T107499.99,DELTA,25,364,30,300,1040,no,71,-1000
2025-05-20T14:04:08.861643,KXBTCD-25MAY2018-T107499.99,DELTA,25,364,30,1300,1041,no,70,1000
2025-05-20T14:04:08.873336,KXBTCD-25MAY2018-T107499.99,DELTA,25,364,30,1300,1042,yes,23,-1000
2025-05-20T14:04:08.925157,KXBTCD-25MAY2018-T107499.99,DELTA,25,114,30,1300,1043,yes,25,-250
2025-05-20T14:04:08.925853,KXBTCD-25MAY2018-T107499.99,DELTA,25,1114,30,1300,1044,yes,25,1000
2025-05-20T14:04:08.926550,KXBTCD-25MAY2018-T107499.99,DELTA,25,1114,30,1000,1045,no,70,-300
2025-05-20T14:04:09.026082,KXBTCD-25MAY2018-T107499.99,DELTA,25,1114,32,100,1046,no,70,-1000
2025-05-20T14:04:09.062529,KXBTCD-25MAY2018-T107499.99,DELTA,27,150,32,100,1047,yes,27,150
2025-05-20T14:04:09.063538,KXBTCD-25MAY2018-T107499.99,DELTA,27,150,31,100,1048,no,69,100
2025-05-20T14:04:09.072187,KXBTCD-25MAY2018-T107499.99,DELTA,27,150,31,1100,1049,no,69,1000
2025-05-20T14:04:09.126717,KXBTCD-25MAY2018-T107499.99,DELTA,25,1114,31,1100,1050,yes,27,-150
2025-05-20T14:04:09.127660,KXBTCD-25MAY2018-T107499.99,DELTA,25,1114,31,100,1051,no,69,-1000
2025-05-20T14:04:09.128329,KXBTCD-25MAY2018-T107499.99,DELTA,25,1114,32,100,1052,no,69,-100
2025-05-20T14:04:09.151175,KXBTCD-25MAY2018-T107499.99,DELTA,25,1114,32,100,1053,no,53,9
2025-05-20T14:04:09.185733,KXBTCD-25MAY2018-T107499.99,DELTA,26,250,32,100,1054,yes,26,250
2025-05-20T14:04:09.186551,KXBTCD-25MAY2018-T107499.99,DELTA,26,250,30,1000,1055,no,70,1000
2025-05-20T14:04:09.187209,KXBTCD-25MAY2018-T107499.99,DELTA,26,250,30,1000,1056,no,69,300
2025-05-20T14:04:09.229970,KXBTCD-25MAY2018-T107499.99,DELTA,26,250,31,300,1057,no,70,-1000
2025-05-20T14:04:09.304847,KXBTCD-25MAY2018-T107499.99,DELTA,26,250,31,300,1058,yes,25,-1000
2025-05-20T14:04:09.324933,KXBTCD-25MAY2018-T107499.99,DELTA,26,250,30,1000,1059,no,70,1000
2025-05-20T14:04:09.369249,KXBTCD-25MAY2018-T107499.99,DELTA,26,250,30,1000,1060,yes,23,1000
2025-05-20T14:04:09.477359,KXBTCD-25MAY2018-T107499.99,DELTA,26,250,30,1000,1061,no,41,-2000
2025-05-20T14:04:09.477474,KXBTCD-25MAY2018-T107499.99,DELTA,25,114,30,1000,1062,yes,26,-250
2025-05-20T14:04:09.525663,KXBTCD-25MAY2018-T107499.99,DELTA,25,414,30,1000,1063,yes,25,300
2025-05-20T14:04:09.577230,KXBTCD-25MAY2018-T107499.99,DELTA,25,414,30,1000,1064,no,69,2000
2025-05-20T14:04:09.632337,KXBTCD-25MAY2018-T107499.99,DELTA,25,414,30,1000,1065,no,69,-2000
2025-05-20T14:04:09.685206,KXBTCD-25MAY2018-T107499.99,DELTA,25,414,30,1000,1066,no,41,2000
2025-05-20T14:04:10.045673,KXBTCD-25MAY2018-T107499.99,DELTA,25,414,30,1000,1067,no,41,-2000
2025-05-20T14:04:10.106222,KXBTCD-25MAY2018-T107499.99,DELTA,25,114,30,1000,1068,yes,25,-300
2025-05-20T14:04:10.126431,KXBTCD-25MAY2018-T107499.99,DELTA,25,114,30,1000,1069,no,69,-300
2025-05-20T14:04:10.207033,KXBTCD-25MAY2018-T107499.99,DELTA,25,114,30,1000,1070,no,69,2000
2025-05-20T14:04:10.207685,KXBTCD-25MAY2018-T107499.99,DELTA,25,114,30,1000,1071,yes,24,350
2025-05-20T14:04:10.225038,KXBTCD-25MAY2018-T107499.99,DELTA,25,114,31,2000,1072,no,70,-1000
2025-05-20T14:04:10.225898,KXBTCD-25MAY2018-T107499.99,DELTA,25,114,29,250,1073,no,71,250
2025-05-20T14:04:10.307051,KXBTCD-25MAY2018-T107499.99,DELTA,25,114,29,250,1074,no,69,-2000
2025-05-20T14:04:10.326753,KXBTCD-25MAY2018-T107499.99,DELTA,25,114,29,250,1075,yes,20,30
2025-05-20T14:04:10.327349,KXBTCD-25MAY2018-T107499.99,DELTA,25,114,29,250,1076,yes,22,-30
2025-05-20T14:04:10.327838,KXBTCD-25MAY2018-T107499.99,DELTA,25,114,29,250,1077,no,67,-30
2025-05-20T14:04:10.328313,KXBTCD-25MAY2018-T107499.99,DELTA,25,114,29,250,1078,no,69,30
2025-05-20T14:04:10.367915,KXBTCD-25MAY2018-T107499.99,DELTA,25,114,29,250,1079,yes,23,-1000
2025-05-20T14:04:10.388106,KXBTCD-25MAY2018-T107499.99,DELTA,25,114,29,250,1080,no,41,2000
2025-05-20T14:04:10.427892,KXBTCD-25MAY2018-T107499.99,DELTA,25,100,29,250,1081,yes,25,-14
2025-05-20T14:04:10.428617,KXBTCD-25MAY2018-T107499.99,DELTA,25,100,29,250,1082,yes,24,14
2025-05-20T14:04:10.429557,KXBTCD-25MAY2018-T107499.99,DELTA,25,100,29,250,1083,no,65,-14
2025-05-20T14:04:10.430138,KXBTCD-25MAY2018-T107499.99,DELTA,25,100,29,250,1084,no,67,14
2025-05-20T14:04:10.430834,KXBTCD-25MAY2018-T107499.99,DELTA,25,100,29,250,1085,yes,21,1000
2025-05-20T14:04:10.468140,KXBTCD-25MAY2018-T107499.99,DELTA,25,100,29,250,1086,yes,24,-350
2025-05-20T14:04:10.507120,KXBTCD-25MAY2018-T107499.99,DELTA,25,100,29,250,1087,yes,20,-30
2025-05-20T14:04:10.526083,KXBTCD-25MAY2018-T107499.99,DELTA,25,100,29,250,1088,yes,19,30
2025-05-20T14:04:10.526641,KXBTCD-25MAY2018-T107499.99,DELTA,25,100,29,250,1089,no,69,-30
2025-05-20T14:04:10.527116,KXBTCD-25MAY2018-T107499.99,DELTA,25,100,32,100,1090,no,71,-250
