timestamp,market_ticker,type,yes_bid_price_cents,yes_bid_qty,yes_ask_price_cents,yes_ask_qty_on_no_side,sequence_num,delta_side,delta_price_cents,delta_quantity
2025-05-21T17:01:59.387544,KXBTCD-25MAY2121-T108999.99,SNAPSHOT,74,1000,79,69,1,,,
2025-05-21T17:01:59.437449,KXBTCD-25MAY2121-T108999.99,DELTA,74,1000,79,69,2,yes,73,-100
2025-05-21T17:01:59.437915,KXBTCD-25MAY2121-T108999.99,DELTA,74,1000,79,69,3,no,20,-100
2025-05-21T17:01:59.518055,KXBTCD-25MAY2121-T108999.99,DELTA,68,69,79,69,4,yes,74,-1000
2025-05-21T17:01:59.578169,KXBTCD-25MAY2121-T108999.99,DELTA,69,1000,79,69,5,yes,69,1000
2025-05-21T17:02:00.481362,KXBTCD-25MAY2121-T108999.99,DELTA,74,100,79,69,6,yes,74,100
2025-05-21T17:02:00.483084,KXBTCD-25MAY2121-T108999.99,DELTA,74,100,79,69,7,no,18,100
2025-05-21T17:02:00.539218,KXBTCD-25MAY2121-T108999.99,DELTA,74,100,79,69,8,yes,69,-1000
2025-05-21T17:02:00.599496,KXBTCD-25MAY2121-T108999.99,DELTA,75,1000,79,69,9,yes,75,1000
2025-05-21T17:02:00.640377,KXBTCD-25MAY2121-T108999.99,DELTA,75,1000,79,69,10,yes,70,9
2025-05-21T17:02:01.772013,KXBTCD-25MAY2121-T108999.99,DELTA,75,1000,79,69,11,no,18,1000
2025-05-21T17:02:01.924426,KXBTCD-25MAY2121-T108999.99,DELTA,75,1000,79,69,12,no,4,-9
2025-05-21T17:02:01.925213,KXBTCD-25MAY2121-T108999.99,DELTA,75,1000,79,69,13,yes,70,-9
2025-05-21T17:02:01.979807,KXBTCD-25MAY2121-T108999.99,DELTA,75,1000,82,1100,14,no,21,-69
2025-05-21T17:02:01.980424,KXBTCD-25MAY2121-T108999.99,DELTA,75,1000,80,69,15,no,20,69
2025-05-21T17:02:02.098072,KXBTCD-25MAY2121-T108999.99,DELTA,75,1000,80,69,16,yes,68,-69
2025-05-21T17:02:02.098790,KXBTCD-25MAY2121-T108999.99,DELTA,75,1000,80,69,17,yes,69,69
2025-05-21T17:02:02.277263,KXBTCD-25MAY2121-T108999.99,DELTA,75,1000,80,69,18,no,18,-1000
2025-05-21T17:02:03.459033,KXBTCD-25MAY2121-T108999.99,DELTA,75,1000,80,69,19,yes,74,-100
2025-05-21T17:02:03.558030,KXBTCD-25MAY2121-T108999.99,DELTA,69,69,80,69,20,yes,75,-1000
2025-05-21T17:02:03.602487,KXBTCD-25MAY2121-T108999.99,DELTA,69,69,80,69,21,no,4,9
2025-05-21T17:02:03.602948,KXBTCD-25MAY2121-T108999.99,DELTA,70,1000,80,69,22,yes,70,1000
2025-05-21T17:02:03.938218,KXBTCD-25MAY2121-T108999.99,DELTA,70,1000,80,69,23,no,18,-100
2025-05-21T17:02:03.998484,KXBTCD-25MAY2121-T108999.99,DELTA,70,1000,96,9,24,no,20,-69
2025-05-21T17:02:03.998847,KXBTCD-25MAY2121-T108999.99,DELTA,70,1000,81,69,25,no,19,69
2025-05-21T17:02:04.658834,KXBTCD-25MAY2121-T108999.99,DELTA,70,1000,81,69,26,yes,69,-69
2025-05-21T17:02:04.659272,KXBTCD-25MAY2121-T108999.99,DELTA,70,1069,81,69,27,yes,70,69
2025-05-21T17:02:04.738608,KXBTCD-25MAY2121-T108999.99,DELTA,70,69,81,69,28,yes,70,-1000
2025-05-21T17:02:04.779849,KXBTCD-25MAY2121-T108999.99,DELTA,71,1000,81,69,29,yes,71,1000
2025-05-21T17:02:04.818411,KXBTCD-25MAY2121-T108999.99,DELTA,75,100,81,69,30,yes,75,100
2025-05-21T17:02:04.838460,KXBTCD-25MAY2121-T108999.99,DELTA,75,100,81,69,31,no,17,100
2025-05-21T17:02:04.898690,KXBTCD-25MAY2121-T108999.99,DELTA,75,100,81,69,32,yes,71,-1000
2025-05-21T17:02:04.998841,KXBTCD-25MAY2121-T108999.99,DELTA,76,1000,81,69,33,yes,76,1000
2025-05-21T17:02:05.418624,KXBTCD-25MAY2121-T108999.99,DELTA,76,1000,83,100,34,no,19,-69
2025-05-21T17:02:05.419032,KXBTCD-25MAY2121-T108999.99,DELTA,76,1000,82,69,35,no,18,69
2025-05-21T17:02:06.138262,KXBTCD-25MAY2121-T108999.99,DELTA,76,1000,82,69,36,yes,70,-69
2025-05-21T17:02:06.138684,KXBTCD-25MAY2121-T108999.99,DELTA,76,1000,82,69,37,yes,71,69
2025-05-21T17:02:06.198658,KXBTCD-25MAY2121-T108999.99,DELTA,76,1000,82,69,38,yes,75,-100
2025-05-21T17:02:06.257935,KXBTCD-25MAY2121-T108999.99,DELTA,71,69,82,69,39,yes,76,-1000
2025-05-21T17:02:06.318697,KXBTCD-25MAY2121-T108999.99,DELTA,72,1000,82,69,40,yes,72,1000
2025-05-21T17:02:07.376955,KXBTCD-25MAY2121-T108999.99,DELTA,72,1000,82,69,41,yes,71,-69
2025-05-21T17:02:07.377305,KXBTCD-25MAY2121-T108999.99,DELTA,72,1000,82,69,42,yes,70,69
2025-05-21T17:02:07.439658,KXBTCD-25MAY2121-T108999.99,DELTA,70,69,82,69,43,yes,72,-1000
2025-05-21T17:02:07.479167,KXBTCD-25MAY2121-T108999.99,DELTA,71,1000,82,69,44,yes,71,1000
2025-05-21T17:02:07.578549,KXBTCD-25MAY2121-T108999.99,DELTA,71,1000,83,100,45,no,18,-69
2025-05-21T17:02:07.579338,KXBTCD-25MAY2121-T108999.99,DELTA,71,1000,81,69,46,no,19,69
2025-05-21T17:02:07.798294,KXBTCD-25MAY2121-T108999.99,DELTA,75,100,81,69,47,yes,75,100
2025-05-21T17:02:07.857395,KXBTCD-25MAY2121-T108999.99,DELTA,75,100,81,69,48,yes,71,-1000
2025-05-21T17:02:07.898654,KXBTCD-25MAY2121-T108999.99,DELTA,76,1000,81,69,49,yes,76,1000
2025-05-21T17:02:08.258329,KXBTCD-25MAY2121-T108999.99,DELTA,76,1000,81,69,50,no,17,-100
2025-05-21T17:02:09.018662,KXBTCD-25MAY2121-T108999.99,DELTA,76,1000,81,69,51,no,18,100
2025-05-21T17:02:11.340161,KXBTCD-25MAY2121-T108999.99,DELTA,76,1000,82,100,52,no,19,-69
2025-05-21T17:02:11.340406,KXBTCD-25MAY2121-T108999.99,DELTA,76,1000,82,169,53,no,18,69
2025-05-21T17:02:11.880247,KXBTCD-25MAY2121-T108999.99,DELTA,76,1000,82,169,54,yes,70,-69
2025-05-21T17:02:11.881150,KXBTCD-25MAY2121-T108999.99,DELTA,76,1000,82,169,55,yes,71,69
2025-05-21T17:02:13.879184,KXBTCD-25MAY2121-T108999.99,DELTA,76,1000,82,69,56,no,18,-100
2025-05-21T17:02:14.365860,KXBTCD-25MAY2121-T108999.99,DELTA,76,1000,82,69,57,yes,75,-100
2025-05-21T17:02:14.458438,KXBTCD-25MAY2121-T108999.99,DELTA,71,69,82,69,58,yes,76,-1000
2025-05-21T17:02:14.498948,KXBTCD-25MAY2121-T108999.99,DELTA,72,1000,82,69,59,yes,72,1000
2025-05-21T17:02:14.920043,KXBTCD-25MAY2121-T108999.99,DELTA,72,1000,82,69,60,no,16,100
2025-05-21T17:02:15.479385,KXBTCD-25MAY2121-T108999.99,DELTA,76,100,82,69,61,yes,76,100
2025-05-21T17:02:15.558379,KXBTCD-25MAY2121-T108999.99,DELTA,76,100,82,69,62,yes,72,-1000
2025-05-21T17:02:15.598636,KXBTCD-25MAY2121-T108999.99,DELTA,77,1000,82,69,63,yes,77,1000
2025-05-21T17:02:15.880165,KXBTCD-25MAY2121-T108999.99,DELTA,77,1000,82,69,64,no,16,1000
2025-05-21T17:02:16.001225,KXBTCD-25MAY2121-T108999.99,DELTA,77,1000,82,69,65,no,4,-9
2025-05-21T17:02:16.401819,KXBTCD-25MAY2121-T108999.99,DELTA,77,1000,82,69,66,no,16,-100
2025-05-21T17:02:16.479963,KXBTCD-25MAY2121-T108999.99,DELTA,77,1000,82,69,67,no,16,-1000
2025-05-21T17:02:17.359083,KXBTCD-25MAY2121-T108999.99,DELTA,77,1000,82,69,68,no,17,100
2025-05-21T17:02:17.478681,KXBTCD-25MAY2121-T108999.99,DELTA,77,1000,82,69,69,no,4,9
2025-05-21T17:02:25.740695,KXBTCD-25MAY2121-T108999.99,DELTA,77,1000,82,69,70,no,17,-100
2025-05-21T17:02:25.959603,KXBTCD-25MAY2121-T108999.99,DELTA,77,1000,82,69,71,yes,76,-100
2025-05-21T17:02:26.019527,KXBTCD-25MAY2121-T108999.99,DELTA,71,69,82,69,72,yes,77,-1000
2025-05-21T17:02:26.060632,KXBTCD-25MAY2121-T108999.99,DELTA,72,1000,82,69,73,yes,72,1000
2025-05-21T17:02:26.839776,KXBTCD-25MAY2121-T108999.99,DELTA,72,1000,82,69,74,no,15,100
2025-05-21T17:02:27.439712,KXBTCD-25MAY2121-T108999.99,DELTA,72,1000,82,69,75,no,1,-3000
2025-05-21T17:02:27.498448,KXBTCD-25MAY2121-T108999.99,DELTA,77,100,82,69,76,yes,77,100
2025-05-21T17:02:27.561024,KXBTCD-25MAY2121-T108999.99,DELTA,77,100,82,69,77,yes,72,-1000
2025-05-21T17:02:27.618272,KXBTCD-25MAY2121-T108999.99,DELTA,78,1000,82,69,78,yes,78,1000
2025-05-21T17:02:27.917242,KXBTCD-25MAY2121-T108999.99,DELTA,78,1000,85,100,79,no,18,-69
2025-05-21T17:02:27.917831,KXBTCD-25MAY2121-T108999.99,DELTA,78,1000,83,69,80,no,17,69
2025-05-21T17:02:28.099397,KXBTCD-25MAY2121-T108999.99,DELTA,78,1000,83,69,81,yes,77,-100
2025-05-21T17:02:28.179048,KXBTCD-25MAY2121-T108999.99,DELTA,71,69,83,69,82,yes,78,-1000
2025-05-21T17:02:28.200718,KXBTCD-25MAY2121-T108999.99,DELTA,59,3000,83,69,83,yes,71,-69
2025-05-21T17:02:28.201147,KXBTCD-25MAY2121-T108999.99,DELTA,72,69,83,69,84,yes,72,69
2025-05-21T17:02:28.239908,KXBTCD-25MAY2121-T108999.99,DELTA,72,1069,83,69,85,yes,72,1000
2025-05-21T17:02:28.278257,KXBTCD-25MAY2121-T108999.99,DELTA,72,69,83,69,86,yes,72,-1000
2025-05-21T17:02:28.339249,KXBTCD-25MAY2121-T108999.99,DELTA,73,1000,83,69,87,yes,73,1000
2025-05-21T17:02:28.479068,KXBTCD-25MAY2121-T108999.99,DELTA,73,1000,83,69,88,yes,50,-200
2025-05-21T17:02:28.479839,KXBTCD-25MAY2121-T108999.99,DELTA,73,1000,83,69,89,yes,60,200
2025-05-21T17:02:28.579156,KXBTCD-25MAY2121-T108999.99,DELTA,73,1000,83,69,90,yes,51,-2000
2025-05-21T17:02:28.640683,KXBTCD-25MAY2121-T108999.99,DELTA,73,1000,83,69,91,yes,61,2000
2025-05-21T17:02:28.842808,KXBTCD-25MAY2121-T108999.99,DELTA,73,1000,85,100,92,no,17,-69
2025-05-21T17:02:28.843504,KXBTCD-25MAY2121-T108999.99,DELTA,73,1000,84,69,93,no,16,69
2025-05-21T17:02:29.040756,KXBTCD-25MAY2121-T108999.99,DELTA,73,1000,84,69,94,no,15,-100
2025-05-21T17:02:29.358330,KXBTCD-25MAY2121-T108999.99,DELTA,78,100,84,69,95,yes,78,100
2025-05-21T17:02:29.418759,KXBTCD-25MAY2121-T108999.99,DELTA,78,100,84,69,96,yes,73,-1000
2025-05-21T17:02:29.458503,KXBTCD-25MAY2121-T108999.99,DELTA,79,1000,84,69,97,yes,79,1000
2025-05-21T17:02:29.480396,KXBTCD-25MAY2121-T108999.99,DELTA,79,1000,84,69,98,yes,74,9
2025-05-21T17:02:29.598619,KXBTCD-25MAY2121-T108999.99,DELTA,79,1000,84,69,99,yes,72,-69
2025-05-21T17:02:29.598993,KXBTCD-25MAY2121-T108999.99,DELTA,79,1000,84,69,100,yes,73,69
2025-05-21T17:02:30.019385,KXBTCD-25MAY2121-T108999.99,DELTA,79,1000,84,69,101,no,14,100
2025-05-21T17:02:30.118415,KXBTCD-25MAY2121-T108999.99,DELTA,79,1000,84,69,102,yes,78,-100
2025-05-21T17:02:30.180267,KXBTCD-25MAY2121-T108999.99,DELTA,74,9,84,69,103,yes,79,-1000
2025-05-21T17:02:30.239493,KXBTCD-25MAY2121-T108999.99,DELTA,73,69,84,69,104,yes,74,-9
2025-05-21T17:02:30.259684,KXBTCD-25MAY2121-T108999.99,DELTA,74,1000,84,69,105,yes,74,1000
2025-05-21T17:02:30.977680,KXBTCD-25MAY2121-T108999.99,DELTA,74,1000,86,100,106,no,16,-69
2025-05-21T17:02:30.977933,KXBTCD-25MAY2121-T108999.99,DELTA,74,1000,85,69,107,no,15,69
2025-05-21T17:02:31.562159,KXBTCD-25MAY2121-T108999.99,DELTA,78,100,85,69,108,yes,78,100
2025-05-21T17:02:31.622213,KXBTCD-25MAY2121-T108999.99,DELTA,78,100,85,69,109,yes,74,-1000
2025-05-21T17:02:31.658796,KXBTCD-25MAY2121-T108999.99,DELTA,79,1000,85,69,110,yes,79,1000
2025-05-21T17:02:31.698254,KXBTCD-25MAY2121-T108999.99,DELTA,79,1000,85,69,111,yes,73,-69
2025-05-21T17:02:31.698583,KXBTCD-25MAY2121-T108999.99,DELTA,79,1000,85,69,112,yes,74,69
2025-05-21T17:02:32.185717,KXBTCD-25MAY2121-T108999.99,DELTA,79,1000,85,69,113,yes,78,-100
2025-05-21T17:02:32.399286,KXBTCD-25MAY2121-T108999.99,DELTA,74,69,85,69,114,yes,79,-1000
2025-05-21T17:02:32.597937,KXBTCD-25MAY2121-T108999.99,DELTA,75,1000,85,69,115,yes,75,1000
2025-05-21T17:02:33.898909,KXBTCD-25MAY2121-T108999.99,DELTA,78,100,85,69,116,yes,78,100
2025-05-21T17:02:33.980578,KXBTCD-25MAY2121-T108999.99,DELTA,78,100,85,69,117,yes,75,-1000
2025-05-21T17:02:34.079586,KXBTCD-25MAY2121-T108999.99,DELTA,79,1000,85,69,118,yes,79,1000
2025-05-21T17:02:36.959311,KXBTCD-25MAY2121-T108999.99,DELTA,79,1000,85,69,119,yes,78,-100
2025-05-21T17:02:37.118582,KXBTCD-25MAY2121-T108999.99,DELTA,74,69,85,69,120,yes,79,-1000
2025-05-21T17:02:37.178651,KXBTCD-25MAY2121-T108999.99,DELTA,75,1000,85,69,121,yes,75,1000
2025-05-21T17:02:37.537778,KXBTCD-25MAY2121-T108999.99,DELTA,75,1000,86,100,122,no,15,-69
2025-05-21T17:02:37.538118,KXBTCD-25MAY2121-T108999.99,DELTA,75,1000,86,169,123,no,14,69
2025-05-21T17:02:37.659156,KXBTCD-25MAY2121-T108999.99,DELTA,75,1000,86,169,124,yes,74,-69
2025-05-21T17:02:37.659849,KXBTCD-25MAY2121-T108999.99,DELTA,75,1069,86,169,125,yes,75,69
2025-05-21T17:02:37.719139,KXBTCD-25MAY2121-T108999.99,DELTA,75,69,86,169,126,yes,75,-1000
2025-05-21T17:02:37.783732,KXBTCD-25MAY2121-T108999.99,DELTA,76,1000,86,169,127,yes,76,1000
2025-05-21T17:02:37.841537,KXBTCD-25MAY2121-T108999.99,DELTA,76,1000,86,169,128,yes,62,9
2025-05-21T17:02:38.521463,KXBTCD-25MAY2121-T108999.99,DELTA,79,100,86,169,129,yes,79,100
2025-05-21T17:02:38.580376,KXBTCD-25MAY2121-T108999.99,DELTA,79,100,86,169,130,yes,76,-1000
2025-05-21T17:02:38.619653,KXBTCD-25MAY2121-T108999.99,DELTA,80,1000,86,169,131,yes,80,1000
2025-05-21T17:02:38.678035,KXBTCD-25MAY2121-T108999.99,DELTA,80,1000,86,169,132,yes,62,-9
2025-05-21T17:02:39.780953,KXBTCD-25MAY2121-T108999.99,DELTA,80,1000,86,169,133,yes,75,-69
2025-05-21T17:02:39.781508,KXBTCD-25MAY2121-T108999.99,DELTA,80,1000,86,169,134,yes,74,69
2025-05-21T17:02:39.882073,KXBTCD-25MAY2121-T108999.99,DELTA,80,1000,86,100,135,no,14,-69
2025-05-21T17:02:39.882549,KXBTCD-25MAY2121-T108999.99,DELTA,80,1000,85,69,136,no,15,69
2025-05-21T17:02:40.191942,KXBTCD-25MAY2121-T108999.99,DELTA,80,1000,86,100,137,no,15,-69
2025-05-21T17:02:40.192920,KXBTCD-25MAY2121-T108999.99,DELTA,80,1000,86,169,138,no,14,69
2025-05-21T17:02:40.482974,KXBTCD-25MAY2121-T108999.99,DELTA,80,1000,86,169,139,yes,74,-69
2025-05-21T17:02:40.483422,KXBTCD-25MAY2121-T108999.99,DELTA,80,1000,86,169,140,yes,75,69
2025-05-21T17:02:44.359522,KXBTCD-25MAY2121-T108999.99,DELTA,80,1000,86,69,141,no,14,-100
2025-05-21T17:02:44.623572,KXBTCD-25MAY2121-T108999.99,DELTA,80,1000,86,69,142,yes,79,-100
2025-05-21T17:02:44.718070,KXBTCD-25MAY2121-T108999.99,DELTA,75,69,86,69,143,yes,80,-1000
2025-05-21T17:02:44.759192,KXBTCD-25MAY2121-T108999.99,DELTA,76,1000,86,69,144,yes,76,1000
2025-05-21T17:02:44.977748,KXBTCD-25MAY2121-T108999.99,DELTA,76,1000,96,9,145,no,14,-69
2025-05-21T17:02:44.978197,KXBTCD-25MAY2121-T108999.99,DELTA,76,1000,87,69,146,no,13,69
2025-05-21T17:02:45.698961,KXBTCD-25MAY2121-T108999.99,DELTA,80,100,87,69,147,yes,80,100
2025-05-21T17:02:45.699772,KXBTCD-25MAY2121-T108999.99,DELTA,80,100,87,69,148,no,12,100
2025-05-21T17:02:45.719802,KXBTCD-25MAY2121-T108999.99,DELTA,80,100,87,69,149,yes,75,-69
2025-05-21T17:02:45.720441,KXBTCD-25MAY2121-T108999.99,DELTA,80,100,87,69,150,yes,76,69
2025-05-21T17:02:45.801211,KXBTCD-25MAY2121-T108999.99,DELTA,80,100,87,69,151,yes,76,-1000
2025-05-21T17:02:45.853218,KXBTCD-25MAY2121-T108999.99,DELTA,81,1000,87,69,152,yes,81,1000
2025-05-21T17:02:46.024748,KXBTCD-25MAY2121-T108999.99,DELTA,81,1000,87,69,153,yes,80,-100
2025-05-21T17:02:46.098974,KXBTCD-25MAY2121-T108999.99,DELTA,76,69,87,69,154,yes,81,-1000
2025-05-21T17:02:46.178684,KXBTCD-25MAY2121-T108999.99,DELTA,77,1000,87,69,155,yes,77,1000
2025-05-21T17:02:46.698970,KXBTCD-25MAY2121-T108999.99,DELTA,77,1000,87,69,156,no,12,-100
2025-05-21T17:02:46.817956,KXBTCD-25MAY2121-T108999.99,DELTA,77,1000,96,9,157,no,13,-69
2025-05-21T17:02:46.818330,KXBTCD-25MAY2121-T108999.99,DELTA,77,1000,88,69,158,no,12,69
2025-05-21T17:02:47.558967,KXBTCD-25MAY2121-T108999.99,DELTA,77,1000,88,69,159,yes,76,-69
2025-05-21T17:02:47.559846,KXBTCD-25MAY2121-T108999.99,DELTA,77,1069,88,69,160,yes,77,69
2025-05-21T17:02:47.641221,KXBTCD-25MAY2121-T108999.99,DELTA,77,69,88,69,161,yes,77,-1000
2025-05-21T17:02:47.678673,KXBTCD-25MAY2121-T108999.99,DELTA,78,1000,88,69,162,yes,78,1000
2025-05-21T17:02:49.018361,KXBTCD-25MAY2121-T108999.99,DELTA,78,1000,96,9,163,no,12,-69
2025-05-21T17:02:49.018793,KXBTCD-25MAY2121-T108999.99,DELTA,78,1000,89,69,164,no,11,69
2025-05-21T17:02:49.497741,KXBTCD-25MAY2121-T108999.99,DELTA,82,100,89,69,165,yes,82,100
2025-05-21T17:02:49.580052,KXBTCD-25MAY2121-T108999.99,DELTA,82,100,89,69,166,yes,78,-1000
2025-05-21T17:02:49.657687,KXBTCD-25MAY2121-T108999.99,DELTA,83,1000,89,69,167,yes,83,1000
2025-05-21T17:02:49.758328,KXBTCD-25MAY2121-T108999.99,DELTA,83,1000,89,69,168,yes,77,-69
2025-05-21T17:02:49.758734,KXBTCD-25MAY2121-T108999.99,DELTA,83,1000,89,69,169,yes,78,69
2025-05-21T17:02:50.698724,KXBTCD-25MAY2121-T108999.99,DELTA,83,1000,89,69,170,no,10,100
2025-05-21T17:02:51.518028,KXBTCD-25MAY2121-T108999.99,DELTA,83,1000,89,69,171,no,10,-100
2025-05-21T17:02:52.799458,KXBTCD-25MAY2121-T108999.99,DELTA,83,1000,89,169,172,no,11,100
2025-05-21T17:02:54.640557,KXBTCD-25MAY2121-T108999.99,DELTA,83,1000,89,100,173,no,11,-69
2025-05-21T17:02:54.641474,KXBTCD-25MAY2121-T108999.99,DELTA,83,1000,89,100,174,no,10,69
2025-05-21T17:02:55.417349,KXBTCD-25MAY2121-T108999.99,DELTA,83,1000,89,100,175,yes,78,-69
2025-05-21T17:02:55.417685,KXBTCD-25MAY2121-T108999.99,DELTA,83,1000,89,100,176,yes,79,69
2025-05-21T17:02:58.058041,KXBTCD-25MAY2121-T108999.99,DELTA,83,1000,89,100,177,yes,79,-69
2025-05-21T17:02:58.059041,KXBTCD-25MAY2121-T108999.99,DELTA,83,1000,89,100,178,yes,78,69
2025-05-21T17:02:58.618664,KXBTCD-25MAY2121-T108999.99,DELTA,83,1000,89,100,179,no,10,-69
2025-05-21T17:02:58.620475,KXBTCD-25MAY2121-T108999.99,DELTA,83,1000,89,169,180,no,11,69
2025-05-21T17:03:00.759372,KXBTCD-25MAY2121-T108999.99,DELTA,83,1000,89,169,181,no,8,200
2025-05-21T17:03:00.819261,KXBTCD-25MAY2121-T108999.99,DELTA,83,1000,89,169,182,no,9,1000
2025-05-21T17:03:01.237500,KXBTCD-25MAY2121-T108999.99,DELTA,83,1000,89,169,183,no,9,-1000
2025-05-21T17:03:01.278463,KXBTCD-25MAY2121-T108999.99,DELTA,83,1000,89,169,184,no,8,1000
2025-05-21T17:03:01.798746,KXBTCD-25MAY2121-T108999.99,DELTA,83,1000,89,169,185,no,8,-1000
2025-05-21T17:03:01.838979,KXBTCD-25MAY2121-T108999.99,DELTA,83,1000,89,169,186,no,9,1000
2025-05-21T17:03:03.258064,KXBTCD-25MAY2121-T108999.99,DELTA,83,1000,89,169,187,yes,78,-69
2025-05-21T17:03:03.258356,KXBTCD-25MAY2121-T108999.99,DELTA,83,1000,89,169,188,yes,77,69
2025-05-21T17:03:03.458754,KXBTCD-25MAY2121-T108999.99,DELTA,83,1000,89,69,189,no,11,-100
2025-05-21T17:03:03.459079,KXBTCD-25MAY2121-T108999.99,DELTA,83,1000,89,69,190,yes,82,-100
2025-05-21T17:03:03.538613,KXBTCD-25MAY2121-T108999.99,DELTA,77,69,89,69,191,yes,83,-1000
2025-05-21T17:03:03.557758,KXBTCD-25MAY2121-T108999.99,DELTA,77,69,89,69,192,no,4,-9
2025-05-21T17:03:03.577661,KXBTCD-25MAY2121-T108999.99,DELTA,78,1000,89,69,193,yes,78,1000
2025-05-21T17:03:04.018055,KXBTCD-25MAY2121-T108999.99,DELTA,78,1000,91,1000,194,no,11,-69
2025-05-21T17:03:04.018246,KXBTCD-25MAY2121-T108999.99,DELTA,78,1000,88,69,195,no,12,69
2025-05-21T17:03:04.518336,KXBTCD-25MAY2121-T108999.99,DELTA,80,100,88,69,196,yes,80,100
2025-05-21T17:03:04.518692,KXBTCD-25MAY2121-T108999.99,DELTA,80,100,88,169,197,no,12,100
2025-05-21T17:03:04.639552,KXBTCD-25MAY2121-T108999.99,DELTA,80,100,88,169,198,yes,78,-1000
2025-05-21T17:03:04.679772,KXBTCD-25MAY2121-T108999.99,DELTA,81,1000,88,169,199,yes,81,1000
2025-05-21T17:03:08.358853,KXBTCD-25MAY2121-T108999.99,DELTA,81,1000,88,169,200,yes,80,-100
2025-05-21T17:03:08.498707,KXBTCD-25MAY2121-T108999.99,DELTA,77,69,88,169,201,yes,81,-1000
2025-05-21T17:03:08.539713,KXBTCD-25MAY2121-T108999.99,DELTA,78,1000,88,169,202,yes,78,1000
2025-05-21T17:03:09.757309,KXBTCD-25MAY2121-T108999.99,DELTA,81,100,88,169,203,yes,81,100
2025-05-21T17:03:09.838543,KXBTCD-25MAY2121-T108999.99,DELTA,81,100,88,169,204,yes,78,-1000
2025-05-21T17:03:09.901962,KXBTCD-25MAY2121-T108999.99,DELTA,82,1000,88,169,205,yes,82,1000
2025-05-21T17:03:10.064814,KXBTCD-25MAY2121-T108999.99,DELTA,82,1000,88,169,206,yes,32,-1012
2025-05-21T17:03:16.639820,KXBTCD-25MAY2121-T108999.99,DELTA,82,1000,88,169,207,yes,32,1012
2025-05-21T17:03:20.437391,KXBTCD-25MAY2121-T108999.99,DELTA,82,1000,88,69,208,no,12,-100
2025-05-21T17:03:20.698486,KXBTCD-25MAY2121-T108999.99,DELTA,82,1000,88,69,209,yes,81,-100
2025-05-21T17:03:20.758697,KXBTCD-25MAY2121-T108999.99,DELTA,77,69,88,69,210,yes,82,-1000
2025-05-21T17:03:20.818826,KXBTCD-25MAY2121-T108999.99,DELTA,78,1000,88,69,211,yes,78,1000
2025-05-21T17:03:21.937815,KXBTCD-25MAY2121-T108999.99,DELTA,78,1000,91,1000,212,no,12,-69
2025-05-21T17:03:21.938284,KXBTCD-25MAY2121-T108999.99,DELTA,78,1000,89,69,213,no,11,69
2025-05-21T17:03:22.180384,KXBTCD-25MAY2121-T108999.99,DELTA,78,1000,89,69,214,no,10,100
2025-05-21T17:03:22.180701,KXBTCD-25MAY2121-T108999.99,DELTA,82,100,89,69,215,yes,82,100
2025-05-21T17:03:22.240261,KXBTCD-25MAY2121-T108999.99,DELTA,82,100,89,69,216,yes,78,-1000
2025-05-21T17:03:22.258678,KXBTCD-25MAY2121-T108999.99,DELTA,82,100,89,69,217,no,9,-1000
2025-05-21T17:03:22.298183,KXBTCD-25MAY2121-T108999.99,DELTA,83,1000,89,69,218,yes,83,1000
2025-05-21T17:03:22.299388,KXBTCD-25MAY2121-T108999.99,DELTA,83,1000,89,69,219,no,10,1000
2025-05-21T17:03:22.818207,KXBTCD-25MAY2121-T108999.99,DELTA,83,1000,89,69,220,yes,77,-69
2025-05-21T17:03:22.818550,KXBTCD-25MAY2121-T108999.99,DELTA,83,1000,89,69,221,yes,78,69
2025-05-21T17:03:22.939211,KXBTCD-25MAY2121-T108999.99,DELTA,83,1000,89,69,222,no,10,-100
2025-05-21T17:03:23.000624,KXBTCD-25MAY2121-T108999.99,DELTA,83,1000,89,69,223,no,10,-1000
2025-05-21T17:03:23.197115,KXBTCD-25MAY2121-T108999.99,DELTA,83,1000,89,69,224,no,8,2000
2025-05-21T17:03:23.858330,KXBTCD-25MAY2121-T108999.99,DELTA,83,1000,89,1069,225,no,11,1000
2025-05-21T17:03:23.877812,KXBTCD-25MAY2121-T108999.99,DELTA,83,1000,89,1069,226,yes,78,-69
2025-05-21T17:03:23.878128,KXBTCD-25MAY2121-T108999.99,DELTA,83,1000,89,1069,227,yes,77,69
2025-05-21T17:03:23.878288,KXBTCD-25MAY2121-T108999.99,DELTA,83,1000,89,1169,228,no,11,100
2025-05-21T17:03:24.719569,KXBTCD-25MAY2121-T108999.99,DELTA,83,1000,89,1100,229,no,11,-69
2025-05-21T17:03:24.720063,KXBTCD-25MAY2121-T108999.99,DELTA,83,1000,88,69,230,no,12,69
2025-05-21T17:03:27.700000,KXBTCD-25MAY2121-T108999.99,DELTA,83,1000,88,69,231,no,11,-100
2025-05-21T17:03:27.779043,KXBTCD-25MAY2121-T108999.99,DELTA,83,1000,88,69,232,yes,82,-100
2025-05-21T17:03:27.899814,KXBTCD-25MAY2121-T108999.99,DELTA,83,1000,88,69,233,no,11,-1000
2025-05-21T17:03:27.899985,KXBTCD-25MAY2121-T108999.99,DELTA,77,69,88,69,234,yes,83,-1000
2025-05-21T17:03:28.180691,KXBTCD-25MAY2121-T108999.99,DELTA,78,1000,88,69,235,yes,78,1000
2025-05-21T17:03:28.183759,KXBTCD-25MAY2121-T108999.99,DELTA,78,1000,88,69,236,no,9,1000
2025-05-21T17:03:28.777981,KXBTCD-25MAY2121-T108999.99,DELTA,80,100,88,69,237,yes,80,100
2025-05-21T17:03:28.799037,KXBTCD-25MAY2121-T108999.99,DELTA,80,100,88,169,238,no,12,100
2025-05-21T17:03:28.976952,KXBTCD-25MAY2121-T108999.99,DELTA,80,100,88,169,239,yes,78,-1000
2025-05-21T17:03:29.101092,KXBTCD-25MAY2121-T108999.99,DELTA,81,1000,88,169,240,yes,81,1000
2025-05-21T17:03:29.299168,KXBTCD-25MAY2121-T108999.99,DELTA,81,1000,88,169,241,yes,80,-100
2025-05-21T17:03:29.358515,KXBTCD-25MAY2121-T108999.99,DELTA,77,69,88,169,242,yes,81,-1000
2025-05-21T17:03:29.397747,KXBTCD-25MAY2121-T108999.99,DELTA,78,1000,88,169,243,yes,78,1000
2025-05-21T17:03:29.958946,KXBTCD-25MAY2121-T108999.99,DELTA,78,1000,88,169,244,no,11,35
2025-05-21T17:03:30.040801,KXBTCD-25MAY2121-T108999.99,DELTA,78,1000,88,169,245,no,9,-1000
2025-05-21T17:03:30.118709,KXBTCD-25MAY2121-T108999.99,DELTA,78,1000,88,169,246,no,11,1000
2025-05-21T17:03:30.158900,KXBTCD-25MAY2121-T108999.99,DELTA,78,1000,88,169,247,no,8,-2000
2025-05-21T17:03:30.159706,KXBTCD-25MAY2121-T108999.99,DELTA,78,1000,88,169,248,no,11,-1000
2025-05-21T17:03:30.201736,KXBTCD-25MAY2121-T108999.99,DELTA,78,1000,88,1169,249,no,12,1000
2025-05-21T17:03:30.219247,KXBTCD-25MAY2121-T108999.99,DELTA,78,1000,88,1169,250,no,9,2000
2025-05-21T17:03:30.560216,KXBTCD-25MAY2121-T108999.99,DELTA,78,1000,88,169,251,no,12,-1000
2025-05-21T17:03:30.560488,KXBTCD-25MAY2121-T108999.99,DELTA,81,100,88,169,252,yes,81,100
2025-05-21T17:03:30.599675,KXBTCD-25MAY2121-T108999.99,DELTA,81,100,87,1000,253,no,13,1000
2025-05-21T17:03:30.677917,KXBTCD-25MAY2121-T108999.99,DELTA,81,100,88,169,254,no,13,-1000
2025-05-21T17:03:30.701503,KXBTCD-25MAY2121-T108999.99,DELTA,81,100,88,169,255,yes,78,-1000
2025-05-21T17:03:30.737966,KXBTCD-25MAY2121-T108999.99,DELTA,81,100,88,1169,256,no,12,1000
2025-05-21T17:03:30.758279,KXBTCD-25MAY2121-T108999.99,DELTA,82,1000,88,1169,257,yes,82,1000
2025-05-21T17:03:30.858824,KXBTCD-25MAY2121-T108999.99,DELTA,82,1000,88,1169,258,yes,62,9
2025-05-21T17:03:31.158661,KXBTCD-25MAY2121-T108999.99,DELTA,82,1000,88,169,259,no,12,-1000
2025-05-21T17:03:31.198877,KXBTCD-25MAY2121-T108999.99,DELTA,82,1000,87,1000,260,no,13,1000
2025-05-21T17:03:31.238173,KXBTCD-25MAY2121-T108999.99,DELTA,82,1000,87,1000,261,yes,77,-69
2025-05-21T17:03:31.238564,KXBTCD-25MAY2121-T108999.99,DELTA,82,1000,87,1000,262,yes,75,69
2025-05-21T17:03:31.318851,KXBTCD-25MAY2121-T108999.99,DELTA,82,1000,87,1000,263,yes,81,-100
2025-05-21T17:03:31.337721,KXBTCD-25MAY2121-T108999.99,DELTA,82,1000,87,1000,264,no,12,-100
2025-05-21T17:03:31.379776,KXBTCD-25MAY2121-T108999.99,DELTA,75,69,87,1000,265,yes,82,-1000
2025-05-21T17:03:31.438052,KXBTCD-25MAY2121-T108999.99,DELTA,76,1000,87,1000,266,yes,76,1000
2025-05-21T17:03:31.479241,KXBTCD-25MAY2121-T108999.99,DELTA,76,1000,88,69,267,no,13,-1000
2025-05-21T17:03:31.538016,KXBTCD-25MAY2121-T108999.99,DELTA,76,1000,88,1069,268,no,12,1000
2025-05-21T17:03:31.577966,KXBTCD-25MAY2121-T108999.99,DELTA,76,1000,88,69,269,no,12,-1000
2025-05-21T17:03:31.658983,KXBTCD-25MAY2121-T108999.99,DELTA,76,1000,88,69,270,yes,62,-9
2025-05-21T17:03:31.679149,KXBTCD-25MAY2121-T108999.99,DELTA,76,1000,87,1000,271,no,13,1000
2025-05-21T17:03:32.165731,KXBTCD-25MAY2121-T108999.99,DELTA,79,100,87,1000,272,yes,79,100
2025-05-21T17:03:32.274676,KXBTCD-25MAY2121-T108999.99,DELTA,79,100,87,1000,273,yes,76,-1000
2025-05-21T17:03:32.276207,KXBTCD-25MAY2121-T108999.99,DELTA,80,1000,87,1000,274,yes,80,1000
2025-05-21T17:03:32.300364,KXBTCD-25MAY2121-T108999.99,DELTA,80,1000,87,1000,275,no,12,-69
2025-05-21T17:03:32.301563,KXBTCD-25MAY2121-T108999.99,DELTA,80,1000,87,1069,276,no,13,69
2025-05-21T17:03:32.537698,KXBTCD-25MAY2121-T108999.99,DELTA,80,1000,87,69,277,no,13,-1000
2025-05-21T17:03:32.577362,KXBTCD-25MAY2121-T108999.99,DELTA,80,1000,87,69,278,no,12,1000
2025-05-21T17:03:32.820964,KXBTCD-25MAY2121-T108999.99,DELTA,80,1000,87,69,279,no,12,-1000
2025-05-21T17:03:32.858103,KXBTCD-25MAY2121-T108999.99,DELTA,80,1000,87,1069,280,no,13,1000
2025-05-21T17:03:33.279493,KXBTCD-25MAY2121-T108999.99,DELTA,80,1000,87,1000,281,no,13,-69
2025-05-21T17:03:33.280089,KXBTCD-25MAY2121-T108999.99,DELTA,80,1000,86,69,282,no,14,69
2025-05-21T17:03:33.359480,KXBTCD-25MAY2121-T108999.99,DELTA,80,1000,86,69,283,no,13,-1000
2025-05-21T17:03:33.377917,KXBTCD-25MAY2121-T108999.99,DELTA,80,1000,86,69,284,no,13,100
2025-05-21T17:03:33.437949,KXBTCD-25MAY2121-T108999.99,DELTA,80,1000,86,69,285,no,12,1000
2025-05-21T17:03:33.517413,KXBTCD-25MAY2121-T108999.99,DELTA,80,1000,86,69,286,no,12,-1000
2025-05-21T17:03:33.599232,KXBTCD-25MAY2121-T108999.99,DELTA,80,1000,86,69,287,no,13,1000
2025-05-21T17:03:33.659162,KXBTCD-25MAY2121-T108999.99,DELTA,80,1000,86,69,288,no,13,-100
2025-05-21T17:03:33.719057,KXBTCD-25MAY2121-T108999.99,DELTA,80,1000,86,69,289,no,13,-1000
2025-05-21T17:03:33.779856,KXBTCD-25MAY2121-T108999.99,DELTA,80,1000,86,69,290,no,12,1000
2025-05-21T17:03:34.639473,KXBTCD-25MAY2121-T108999.99,DELTA,80,1000,86,169,291,no,14,100
2025-05-21T17:03:35.239734,KXBTCD-25MAY2121-T108999.99,DELTA,80,1000,86,169,292,no,8,-200
2025-05-21T17:03:35.240652,KXBTCD-25MAY2121-T108999.99,DELTA,80,1000,86,169,293,no,5,200
2025-05-21T17:03:35.300426,KXBTCD-25MAY2121-T108999.99,DELTA,80,1000,86,169,294,no,9,-2000
2025-05-21T17:03:35.358557,KXBTCD-25MAY2121-T108999.99,DELTA,80,1000,86,169,295,no,6,2000
2025-05-21T17:03:35.858947,KXBTCD-25MAY2121-T108999.99,DELTA,80,1000,86,169,296,no,12,-1000
2025-05-21T17:03:35.937714,KXBTCD-25MAY2121-T108999.99,DELTA,80,1000,86,169,297,no,11,1000
2025-05-21T17:03:35.979862,KXBTCD-25MAY2121-T108999.99,DELTA,80,1000,86,169,298,no,7,9
2025-05-21T17:03:36.120133,KXBTCD-25MAY2121-T108999.99,DELTA,80,1000,86,169,299,no,5,0
2025-05-21T17:03:36.698440,KXBTCD-25MAY2121-T108999.99,DELTA,80,1000,86,168,300,no,14,-1
2025-05-21T17:03:36.999213,KXBTCD-25MAY2121-T108999.99,DELTA,80,1000,86,168,301,no,7,-9
2025-05-21T17:03:38.918821,KXBTCD-25MAY2121-T108999.99,DELTA,80,1000,86,169,302,no,14,1
2025-05-21T17:03:38.978897,KXBTCD-25MAY2121-T108999.99,DELTA,80,1000,86,169,303,no,11,-1000
2025-05-21T17:03:39.061264,KXBTCD-25MAY2121-T108999.99,DELTA,80,1000,86,169,304,no,12,1000
2025-05-21T17:03:41.238773,KXBTCD-25MAY2121-T108999.99,DELTA,80,1000,86,169,305,no,12,-1000
2025-05-21T17:03:41.277945,KXBTCD-25MAY2121-T108999.99,DELTA,80,1000,86,169,306,no,11,1000
2025-05-21T17:03:41.418790,KXBTCD-25MAY2121-T108999.99,DELTA,80,1000,86,169,307,no,7,9
2025-05-21T17:03:42.059807,KXBTCD-25MAY2121-T108999.99,DELTA,80,1000,86,169,308,yes,79,-100
2025-05-21T17:03:42.078269,KXBTCD-25MAY2121-T108999.99,DELTA,80,1000,86,69,309,no,14,-100
2025-05-21T17:03:42.138978,KXBTCD-25MAY2121-T108999.99,DELTA,75,69,86,69,310,yes,80,-1000
2025-05-21T17:03:42.178806,KXBTCD-25MAY2121-T108999.99,DELTA,75,69,86,69,311,no,7,-9
2025-05-21T17:03:42.178968,KXBTCD-25MAY2121-T108999.99,DELTA,76,1000,86,69,312,yes,76,1000
2025-05-21T17:03:42.377831,KXBTCD-25MAY2121-T108999.99,DELTA,76,1000,86,69,313,no,11,-1000
2025-05-21T17:03:42.440118,KXBTCD-25MAY2121-T108999.99,DELTA,76,1000,86,69,314,no,11,1000
2025-05-21T17:03:42.974881,KXBTCD-25MAY2121-T108999.99,DELTA,76,1000,86,69,315,no,13,100
2025-05-21T17:03:42.975663,KXBTCD-25MAY2121-T108999.99,DELTA,79,100,86,69,316,yes,79,100
2025-05-21T17:03:43.097974,KXBTCD-25MAY2121-T108999.99,DELTA,79,100,86,69,317,yes,76,-1000
2025-05-21T17:03:43.157710,KXBTCD-25MAY2121-T108999.99,DELTA,80,1000,86,69,318,yes,80,1000
2025-05-21T17:03:43.237919,KXBTCD-25MAY2121-T108999.99,DELTA,80,1000,86,69,319,yes,79,-100
2025-05-21T17:03:43.298226,KXBTCD-25MAY2121-T108999.99,DELTA,75,69,86,69,320,yes,80,-1000
2025-05-21T17:03:43.339313,KXBTCD-25MAY2121-T108999.99,DELTA,76,1000,86,69,321,yes,76,1000
2025-05-21T17:03:43.398351,KXBTCD-25MAY2121-T108999.99,DELTA,76,1000,87,100,322,no,14,-69
2025-05-21T17:03:43.398719,KXBTCD-25MAY2121-T108999.99,DELTA,76,1000,87,169,323,no,13,69
2025-05-21T17:03:44.018696,KXBTCD-25MAY2121-T108999.99,DELTA,80,100,87,169,324,yes,80,100
2025-05-21T17:03:44.098857,KXBTCD-25MAY2121-T108999.99,DELTA,80,100,87,169,325,yes,76,-1000
2025-05-21T17:03:44.138513,KXBTCD-25MAY2121-T108999.99,DELTA,81,1000,87,169,326,yes,81,1000
2025-05-21T17:03:44.298238,KXBTCD-25MAY2121-T108999.99,DELTA,81,1000,87,169,327,yes,75,-69
2025-05-21T17:03:44.298565,KXBTCD-25MAY2121-T108999.99,DELTA,81,1000,87,169,328,yes,76,69
2025-05-21T17:03:44.558845,KXBTCD-25MAY2121-T108999.99,DELTA,81,1000,87,169,329,no,11,-1000
2025-05-21T17:03:44.619134,KXBTCD-25MAY2121-T108999.99,DELTA,81,1000,87,169,330,no,6,1000
2025-05-21T17:03:45.239930,KXBTCD-25MAY2121-T108999.99,DELTA,81,1000,87,169,331,no,6,-1000
2025-05-21T17:03:45.281114,KXBTCD-25MAY2121-T108999.99,DELTA,81,1000,87,169,332,no,11,1000
2025-05-21T17:03:45.358425,KXBTCD-25MAY2121-T108999.99,DELTA,81,1000,87,169,333,no,7,9
2025-05-21T17:03:46.980610,KXBTCD-25MAY2121-T108999.99,DELTA,81,1000,87,169,334,no,11,-1000
2025-05-21T17:03:47.038571,KXBTCD-25MAY2121-T108999.99,DELTA,81,1000,87,169,335,no,6,1000
2025-05-21T17:03:50.977683,KXBTCD-25MAY2121-T108999.99,DELTA,81,1000,87,169,336,no,6,-1000
2025-05-21T17:03:50.999720,KXBTCD-25MAY2121-T108999.99,DELTA,81,1000,87,169,337,no,11,1000
2025-05-21T17:03:51.798606,KXBTCD-25MAY2121-T108999.99,DELTA,81,1000,87,169,338,no,11,-1000
2025-05-21T17:03:51.837899,KXBTCD-25MAY2121-T108999.99,DELTA,81,1000,87,169,339,no,12,1000
2025-05-21T17:03:52.283110,KXBTCD-25MAY2121-T108999.99,DELTA,81,1000,87,169,340,no,12,-1000
2025-05-21T17:03:52.337691,KXBTCD-25MAY2121-T108999.99,DELTA,81,1000,87,169,341,no,12,1000
2025-05-21T17:03:53.079356,KXBTCD-25MAY2121-T108999.99,DELTA,81,1000,87,169,342,no,12,-1000
2025-05-21T17:03:53.538877,KXBTCD-25MAY2121-T108999.99,DELTA,81,1000,87,1169,343,no,13,1000
2025-05-21T17:03:54.138363,KXBTCD-25MAY2121-T108999.99,DELTA,81,1000,87,1169,344,yes,76,-69
2025-05-21T17:03:54.138624,KXBTCD-25MAY2121-T108999.99,DELTA,81,1000,87,1169,345,yes,75,69
2025-05-21T17:03:54.299289,KXBTCD-25MAY2121-T108999.99,DELTA,81,1000,87,1169,346,no,7,-9
2025-05-21T17:03:54.580100,KXBTCD-25MAY2121-T108999.99,DELTA,81,1000,87,1169,347,yes,80,-100
2025-05-21T17:03:54.641240,KXBTCD-25MAY2121-T108999.99,DELTA,75,69,87,1169,348,yes,81,-1000
2025-05-21T17:03:54.698595,KXBTCD-25MAY2121-T108999.99,DELTA,76,1000,87,1169,349,yes,76,1000
2025-05-21T17:03:54.919541,KXBTCD-25MAY2121-T108999.99,DELTA,76,1000,87,1100,350,no,13,-69
2025-05-21T17:03:54.919716,KXBTCD-25MAY2121-T108999.99,DELTA,76,1000,86,69,351,no,14,69
2025-05-21T17:03:54.937887,KXBTCD-25MAY2121-T108999.99,DELTA,76,1000,86,69,352,no,13,-100
2025-05-21T17:03:54.998903,KXBTCD-25MAY2121-T108999.99,DELTA,76,1000,86,69,353,no,13,-1000
2025-05-21T17:03:55.059887,KXBTCD-25MAY2121-T108999.99,DELTA,76,1000,86,69,354,no,12,1000
2025-05-21T17:03:55.118220,KXBTCD-25MAY2121-T108999.99,DELTA,76,1000,86,69,355,no,7,9
2025-05-21T17:03:55.898092,KXBTCD-25MAY2121-T108999.99,DELTA,76,1000,86,169,356,no,14,100
2025-05-21T17:03:55.898846,KXBTCD-25MAY2121-T108999.99,DELTA,78,100,86,169,357,yes,78,100
2025-05-21T17:03:56.038435,KXBTCD-25MAY2121-T108999.99,DELTA,78,100,86,169,358,no,7,-9
2025-05-21T17:03:56.119374,KXBTCD-25MAY2121-T108999.99,DELTA,78,100,86,169,359,yes,76,-1000
2025-05-21T17:03:56.159144,KXBTCD-25MAY2121-T108999.99,DELTA,79,1000,86,169,360,yes,79,1000
2025-05-21T17:03:59.978559,KXBTCD-25MAY2121-T108999.99,DELTA,79,1000,86,169,361,no,12,-1000
2025-05-21T17:04:00.023482,KXBTCD-25MAY2121-T108999.99,DELTA,79,1000,86,169,362,no,12,1000
2025-05-21T17:04:00.238097,KXBTCD-25MAY2121-T108999.99,DELTA,79,1000,86,169,363,no,12,-1000
2025-05-21T17:04:00.297672,KXBTCD-25MAY2121-T108999.99,DELTA,79,1000,86,169,364,no,12,1000
2025-05-21T17:04:00.578903,KXBTCD-25MAY2121-T108999.99,DELTA,79,1000,86,169,365,no,7,9
2025-05-21T17:04:01.217110,KXBTCD-25MAY2121-T108999.99,DELTA,79,1000,86,169,366,no,12,-1000
2025-05-21T17:04:01.238186,KXBTCD-25MAY2121-T108999.99,DELTA,79,1000,86,169,367,no,11,1000
2025-05-21T17:04:01.277527,KXBTCD-25MAY2121-T108999.99,DELTA,79,1000,86,169,368,no,11,-35
2025-05-21T17:04:01.357999,KXBTCD-25MAY2121-T108999.99,DELTA,79,1000,86,169,369,no,11,-1000
2025-05-21T17:04:01.397184,KXBTCD-25MAY2121-T108999.99,DELTA,79,1000,86,169,370,no,6,1000
2025-05-21T17:04:02.418437,KXBTCD-25MAY2121-T108999.99,DELTA,79,1000,86,169,371,yes,78,-100
2025-05-21T17:04:02.479778,KXBTCD-25MAY2121-T108999.99,DELTA,75,69,86,169,372,yes,79,-1000
2025-05-21T17:04:02.518148,KXBTCD-25MAY2121-T108999.99,DELTA,76,1000,86,169,373,yes,76,1000
2025-05-21T17:04:03.337846,KXBTCD-25MAY2121-T108999.99,DELTA,78,100,86,169,374,yes,78,100
2025-05-21T17:04:03.557439,KXBTCD-25MAY2121-T108999.99,DELTA,76,1000,86,169,375,yes,78,-100
2025-05-21T17:04:03.699112,KXBTCD-25MAY2121-T108999.99,DELTA,75,69,86,169,376,yes,76,-1000
2025-05-21T17:04:03.978464,KXBTCD-25MAY2121-T108999.99,DELTA,76,1000,86,169,377,yes,76,1000
2025-05-21T17:04:04.778283,KXBTCD-25MAY2121-T108999.99,DELTA,79,100,86,169,378,yes,79,100
2025-05-21T17:04:04.858678,KXBTCD-25MAY2121-T108999.99,DELTA,79,100,86,169,379,yes,76,-1000
2025-05-21T17:04:04.898823,KXBTCD-25MAY2121-T108999.99,DELTA,80,1000,86,169,380,yes,80,1000
2025-05-21T17:04:06.559104,KXBTCD-25MAY2121-T108999.99,DELTA,80,1000,86,169,381,yes,79,-100
2025-05-21T17:04:06.559479,KXBTCD-25MAY2121-T108999.99,DELTA,80,1000,86,69,382,no,14,-100
2025-05-21T17:04:06.619085,KXBTCD-25MAY2121-T108999.99,DELTA,75,69,86,69,383,yes,80,-1000
2025-05-21T17:04:06.678729,KXBTCD-25MAY2121-T108999.99,DELTA,76,1000,86,69,384,yes,76,1000
2025-05-21T17:04:07.179199,KXBTCD-25MAY2121-T108999.99,DELTA,76,1000,93,9,385,no,14,-69
2025-05-21T17:04:07.179619,KXBTCD-25MAY2121-T108999.99,DELTA,76,1000,87,69,386,no,13,69
2025-05-21T17:04:07.517502,KXBTCD-25MAY2121-T108999.99,DELTA,79,100,87,69,387,yes,79,100
2025-05-21T17:04:07.537738,KXBTCD-25MAY2121-T108999.99,DELTA,79,100,87,69,388,no,12,100
2025-05-21T17:04:07.578065,KXBTCD-25MAY2121-T108999.99,DELTA,79,100,87,69,389,yes,76,-1000
2025-05-21T17:04:07.677829,KXBTCD-25MAY2121-T108999.99,DELTA,79,100,87,69,390,yes,75,-69
2025-05-21T17:04:07.678138,KXBTCD-25MAY2121-T108999.99,DELTA,79,100,87,69,391,yes,76,69
2025-05-21T17:04:07.778124,KXBTCD-25MAY2121-T108999.99,DELTA,80,1000,87,69,392,yes,80,1000
2025-05-21T17:04:07.859726,KXBTCD-25MAY2121-T108999.99,DELTA,80,1000,87,69,393,yes,79,-100
2025-05-21T17:04:08.023238,KXBTCD-25MAY2121-T108999.99,DELTA,76,69,87,69,394,yes,80,-1000
2025-05-21T17:04:08.378166,KXBTCD-25MAY2121-T108999.99,DELTA,77,1000,87,69,395,yes,77,1000
2025-05-21T17:04:08.518082,KXBTCD-25MAY2121-T108999.99,DELTA,80,100,87,69,396,yes,80,100
2025-05-21T17:04:08.578644,KXBTCD-25MAY2121-T108999.99,DELTA,80,100,87,69,397,yes,77,-1000
2025-05-21T17:04:08.644091,KXBTCD-25MAY2121-T108999.99,DELTA,81,1000,87,69,398,yes,81,1000
2025-05-21T17:04:10.439288,KXBTCD-25MAY2121-T108999.99,DELTA,81,1000,87,69,399,yes,80,-100
2025-05-21T17:04:10.520727,KXBTCD-25MAY2121-T108999.99,DELTA,76,69,87,69,400,yes,81,-1000
2025-05-21T17:04:10.559365,KXBTCD-25MAY2121-T108999.99,DELTA,77,1000,87,69,401,yes,77,1000
2025-05-21T17:04:10.641045,KXBTCD-25MAY2121-T108999.99,DELTA,77,1000,88,100,402,no,13,-69
2025-05-21T17:04:10.641315,KXBTCD-25MAY2121-T108999.99,DELTA,77,1000,88,169,403,no,12,69
2025-05-21T17:04:11.918419,KXBTCD-25MAY2121-T108999.99,DELTA,77,1000,88,169,404,yes,76,-69
2025-05-21T17:04:11.918873,KXBTCD-25MAY2121-T108999.99,DELTA,77,1069,88,169,405,yes,77,69
2025-05-21T17:04:11.978129,KXBTCD-25MAY2121-T108999.99,DELTA,77,69,88,169,406,yes,77,-1000
2025-05-21T17:04:12.018822,KXBTCD-25MAY2121-T108999.99,DELTA,78,1000,88,169,407,yes,78,1000
2025-05-21T17:04:12.560801,KXBTCD-25MAY2121-T108999.99,DELTA,81,100,88,169,408,yes,81,100
2025-05-21T17:04:12.639239,KXBTCD-25MAY2121-T108999.99,DELTA,81,100,88,169,409,yes,78,-1000
2025-05-21T17:04:12.678344,KXBTCD-25MAY2121-T108999.99,DELTA,82,1000,88,169,410,yes,82,1000
2025-05-21T17:04:14.579236,KXBTCD-25MAY2121-T108999.99,DELTA,82,1000,88,169,411,no,6,-2000
2025-05-21T17:04:14.639878,KXBTCD-25MAY2121-T108999.99,DELTA,82,1000,88,169,412,no,5,2000
2025-05-21T17:04:15.174887,KXBTCD-25MAY2121-T108999.99,DELTA,82,1000,88,69,413,no,12,-100
2025-05-21T17:04:15.398439,KXBTCD-25MAY2121-T108999.99,DELTA,82,1000,88,69,414,yes,81,-100
2025-05-21T17:04:15.538331,KXBTCD-25MAY2121-T108999.99,DELTA,77,69,88,69,415,yes,82,-1000
2025-05-21T17:04:15.758608,KXBTCD-25MAY2121-T108999.99,DELTA,77,69,88,69,416,no,5,-2000
2025-05-21T17:04:15.818142,KXBTCD-25MAY2121-T108999.99,DELTA,77,69,88,69,417,no,6,2000
2025-05-21T17:04:16.237928,KXBTCD-25MAY2121-T108999.99,DELTA,78,1000,88,69,418,yes,78,1000
2025-05-21T17:04:16.358299,KXBTCD-25MAY2121-T108999.99,DELTA,82,100,88,69,419,yes,82,100
2025-05-21T17:04:16.358719,KXBTCD-25MAY2121-T108999.99,DELTA,82,100,88,69,420,no,10,100
2025-05-21T17:04:16.416683,KXBTCD-25MAY2121-T108999.99,DELTA,82,100,88,69,421,yes,78,-1000
2025-05-21T17:04:16.759239,KXBTCD-25MAY2121-T108999.99,DELTA,82,100,90,100,422,no,12,-69
2025-05-21T17:04:16.760552,KXBTCD-25MAY2121-T108999.99,DELTA,82,100,89,69,423,no,11,69
2025-05-21T17:04:16.782112,KXBTCD-25MAY2121-T108999.99,DELTA,83,1000,89,69,424,yes,83,1000
2025-05-21T17:04:17.579398,KXBTCD-25MAY2121-T108999.99,DELTA,83,1000,89,69,425,no,10,-100
2025-05-21T17:04:17.797972,KXBTCD-25MAY2121-T108999.99,DELTA,83,1000,89,69,426,yes,77,-69
2025-05-21T17:04:17.798231,KXBTCD-25MAY2121-T108999.99,DELTA,83,1000,89,69,427,yes,78,69
2025-05-21T17:04:18.739201,KXBTCD-25MAY2121-T108999.99,DELTA,83,1000,89,69,428,no,10,100
2025-05-21T17:04:18.798582,KXBTCD-25MAY2121-T108999.99,DELTA,83,1000,89,69,429,no,6,-2000
2025-05-21T17:04:18.858162,KXBTCD-25MAY2121-T108999.99,DELTA,83,1000,89,69,430,no,5,2000
2025-05-21T17:04:20.779250,KXBTCD-25MAY2121-T108999.99,DELTA,83,1000,90,100,431,no,11,-69
2025-05-21T17:04:20.779365,KXBTCD-25MAY2121-T108999.99,DELTA,83,1000,90,169,432,no,10,69
2025-05-21T17:04:20.878151,KXBTCD-25MAY2121-T108999.99,DELTA,83,1000,90,169,433,no,7,-9
2025-05-21T17:04:21.378734,KXBTCD-25MAY2121-T108999.99,DELTA,83,1000,90,169,434,no,5,-2000
2025-05-21T17:04:21.537801,KXBTCD-25MAY2121-T108999.99,DELTA,83,1000,90,169,435,yes,78,-69
2025-05-21T17:04:21.537949,KXBTCD-25MAY2121-T108999.99,DELTA,83,1000,90,169,436,yes,79,69
2025-05-21T17:04:21.964898,KXBTCD-25MAY2121-T108999.99,DELTA,83,1000,90,169,437,yes,82,-100
2025-05-21T17:04:22.099063,KXBTCD-25MAY2121-T108999.99,DELTA,79,69,90,169,438,yes,83,-1000
2025-05-21T17:04:22.159495,KXBTCD-25MAY2121-T108999.99,DELTA,80,1000,90,169,439,yes,80,1000
2025-05-21T17:04:22.324349,KXBTCD-25MAY2121-T108999.99,DELTA,80,1000,90,169,440,no,5,2000
2025-05-21T17:04:23.777309,KXBTCD-25MAY2121-T108999.99,DELTA,83,100,90,169,441,yes,83,100
2025-05-21T17:04:24.000780,KXBTCD-25MAY2121-T108999.99,DELTA,83,100,90,169,442,yes,80,-1000
2025-05-21T17:04:24.178778,KXBTCD-25MAY2121-T108999.99,DELTA,84,1000,90,169,443,yes,84,1000
2025-05-21T17:04:29.657855,KXBTCD-25MAY2121-T108999.99,DELTA,84,1000,90,169,444,no,5,-2000
2025-05-21T17:04:30.538375,KXBTCD-25MAY2121-T108999.99,DELTA,84,1000,90,100,445,no,10,-69
2025-05-21T17:04:30.539098,KXBTCD-25MAY2121-T108999.99,DELTA,84,1000,90,100,446,no,9,69
2025-05-21T17:04:30.597743,KXBTCD-25MAY2121-T108999.99,DELTA,84,1000,90,100,447,no,5,2000
2025-05-21T17:04:30.699647,KXBTCD-25MAY2121-T108999.99,DELTA,84,1000,90,100,448,no,5,-2000
2025-05-21T17:04:31.099127,KXBTCD-25MAY2121-T108999.99,DELTA,84,1000,90,100,449,no,5,2000
2025-05-21T17:04:31.181682,KXBTCD-25MAY2121-T108999.99,DELTA,84,1000,90,100,450,no,5,-2000
2025-05-21T17:04:31.299071,KXBTCD-25MAY2121-T108999.99,DELTA,84,1000,90,100,451,yes,79,-69
2025-05-21T17:04:31.299302,KXBTCD-25MAY2121-T108999.99,DELTA,84,1000,90,100,452,yes,80,69
2025-05-21T17:04:31.299395,KXBTCD-25MAY2121-T108999.99,DELTA,84,1000,90,100,453,no,5,2000
2025-05-21T17:04:32.338526,KXBTCD-25MAY2121-T108999.99,DELTA,84,1000,90,100,454,yes,80,-69
2025-05-21T17:04:32.338764,KXBTCD-25MAY2121-T108999.99,DELTA,84,1000,90,100,455,yes,79,69
2025-05-21T17:04:32.378529,KXBTCD-25MAY2121-T108999.99,DELTA,84,1000,90,100,456,yes,83,-100
2025-05-21T17:04:32.379943,KXBTCD-25MAY2121-T108999.99,DELTA,84,1000,91,69,457,no,10,-100
2025-05-21T17:04:32.458214,KXBTCD-25MAY2121-T108999.99,DELTA,79,69,91,69,458,yes,84,-1000
2025-05-21T17:04:32.678814,KXBTCD-25MAY2121-T108999.99,DELTA,80,1000,91,69,459,yes,80,1000
2025-05-21T17:04:32.838089,KXBTCD-25MAY2121-T108999.99,DELTA,80,1000,94,1000,460,no,9,-69
2025-05-21T17:04:32.838192,KXBTCD-25MAY2121-T108999.99,DELTA,80,1000,90,69,461,no,10,69
2025-05-21T17:04:33.299057,KXBTCD-25MAY2121-T108999.99,DELTA,83,100,90,69,462,yes,83,100
2025-05-21T17:04:33.299209,KXBTCD-25MAY2121-T108999.99,DELTA,83,100,90,69,463,no,9,100
2025-05-21T17:04:33.418843,KXBTCD-25MAY2121-T108999.99,DELTA,83,100,90,69,464,yes,80,-1000
2025-05-21T17:04:33.518831,KXBTCD-25MAY2121-T108999.99,DELTA,84,1000,90,69,465,yes,84,1000
2025-05-21T17:04:33.657823,KXBTCD-25MAY2121-T108999.99,DELTA,84,1000,90,69,466,no,5,-2000
2025-05-21T17:04:34.258288,KXBTCD-25MAY2121-T108999.99,DELTA,84,1000,90,69,467,no,5,2000
2025-05-21T17:04:42.239941,KXBTCD-25MAY2121-T108999.99,DELTA,84,1000,90,69,468,no,5,-2000
2025-05-21T17:04:42.240066,KXBTCD-25MAY2121-T108999.99,DELTA,84,1000,90,69,469,no,6,-1000
2025-05-21T17:04:42.358248,KXBTCD-25MAY2121-T108999.99,DELTA,84,1000,90,69,470,no,9,1000
2025-05-21T17:04:42.358459,KXBTCD-25MAY2121-T108999.99,DELTA,84,1000,90,69,471,no,6,2000
2025-05-21T17:04:42.381799,KXBTCD-25MAY2121-T108999.99,DELTA,84,1000,90,69,472,no,6,9
2025-05-21T17:04:42.639786,KXBTCD-25MAY2121-T108999.99,DELTA,84,1000,90,69,473,no,6,-2000
2025-05-21T17:04:42.656980,KXBTCD-25MAY2121-T108999.99,DELTA,84,1000,90,69,474,no,9,-1000
2025-05-21T17:04:42.777735,KXBTCD-25MAY2121-T108999.99,DELTA,84,1000,90,69,475,no,6,1000
2025-05-21T17:04:42.777906,KXBTCD-25MAY2121-T108999.99,DELTA,84,1000,90,69,476,no,5,2000
2025-05-21T17:04:43.317328,KXBTCD-25MAY2121-T108999.99,DELTA,84,1000,90,69,477,no,9,-100
2025-05-21T17:04:43.438400,KXBTCD-25MAY2121-T108999.99,DELTA,84,1000,90,69,478,no,6,-9
2025-05-21T17:04:43.457826,KXBTCD-25MAY2121-T108999.99,DELTA,84,1000,90,69,479,no,5,-2000
2025-05-21T17:04:43.556975,KXBTCD-25MAY2121-T108999.99,DELTA,84,1000,90,69,480,no,6,2000
2025-05-21T17:04:43.897301,KXBTCD-25MAY2121-T108999.99,DELTA,84,1000,90,69,481,no,6,-2000
2025-05-21T17:04:44.017987,KXBTCD-25MAY2121-T108999.99,DELTA,84,1000,90,69,482,no,5,2000
2025-05-21T17:04:44.260145,KXBTCD-25MAY2121-T108999.99,DELTA,84,1000,90,169,483,no,10,100
2025-05-21T17:04:54.357776,KXBTCD-25MAY2121-T108999.99,DELTA,84,1000,90,100,484,no,10,-69
2025-05-21T17:04:54.358229,KXBTCD-25MAY2121-T108999.99,DELTA,84,1000,90,100,485,no,9,69
2025-05-21T17:04:54.658537,KXBTCD-25MAY2121-T108999.99,DELTA,84,1000,90,100,486,yes,79,-69
2025-05-21T17:04:54.658735,KXBTCD-25MAY2121-T108999.99,DELTA,84,1000,90,100,487,yes,80,69
2025-05-21T17:04:57.297338,KXBTCD-25MAY2121-T108999.99,DELTA,86,1,90,100,488,yes,86,1
2025-05-21T17:04:58.338108,KXBTCD-25MAY2121-T108999.99,DELTA,86,1,91,69,489,no,10,-100
2025-05-21T17:04:58.559305,KXBTCD-25MAY2121-T108999.99,DELTA,86,1,91,69,490,yes,83,-100
2025-05-21T17:04:58.677692,KXBTCD-25MAY2121-T108999.99,DELTA,86,1,91,69,491,yes,84,-1000
2025-05-21T17:04:58.797917,KXBTCD-25MAY2121-T108999.99,DELTA,86,1,91,69,492,yes,81,1000
2025-05-21T17:04:59.239707,KXBTCD-25MAY2121-T108999.99,DELTA,86,1,91,169,493,no,9,100
2025-05-21T17:04:59.798047,KXBTCD-25MAY2121-T108999.99,DELTA,86,1,91,169,494,yes,83,100
2025-05-21T17:04:59.917478,KXBTCD-25MAY2121-T108999.99,DELTA,86,1,91,169,495,yes,81,-1000
2025-05-21T17:05:00.059682,KXBTCD-25MAY2121-T108999.99,DELTA,86,1,91,169,496,yes,84,1000
2025-05-21T17:05:01.223632,KXBTCD-25MAY2121-T108999.99,DELTA,86,1,91,169,497,no,2,250
2025-05-21T17:05:01.223822,KXBTCD-25MAY2121-T108999.99,DELTA,86,1,91,169,498,yes,70,250
2025-05-21T17:05:01.223907,KXBTCD-25MAY2121-T108999.99,DELTA,86,1,91,169,499,no,4,250
2025-05-21T17:05:01.223969,KXBTCD-25MAY2121-T108999.99,DELTA,86,1,91,169,500,yes,68,250
2025-05-21T17:05:01.224031,KXBTCD-25MAY2121-T108999.99,DELTA,86,1,91,169,501,yes,72,250
2025-05-21T17:05:01.224089,KXBTCD-25MAY2121-T108999.99,DELTA,86,1,91,169,502,yes,66,250
2025-05-21T17:05:01.224144,KXBTCD-25MAY2121-T108999.99,DELTA,86,1,91,169,503,yes,64,250
2025-05-21T17:05:01.338457,KXBTCD-25MAY2121-T108999.99,DELTA,86,1,91,169,504,yes,61,-2000
2025-05-21T17:05:01.497605,KXBTCD-25MAY2121-T108999.99,DELTA,86,1,91,169,505,yes,73,2000
2025-05-21T17:05:01.658112,KXBTCD-25MAY2121-T108999.99,DELTA,86,1,91,169,506,no,5,1250
2025-05-21T17:05:02.137535,KXBTCD-25MAY2121-T108999.99,DELTA,86,1,91,169,507,yes,83,-100
2025-05-21T17:05:02.258527,KXBTCD-25MAY2121-T108999.99,DELTA,86,1,91,169,508,yes,84,-1000
2025-05-21T17:05:02.398934,KXBTCD-25MAY2121-T108999.99,DELTA,86,1,91,169,509,yes,81,1000
2025-05-21T17:05:03.137396,KXBTCD-25MAY2121-T108999.99,DELTA,86,1,91,169,510,yes,74,250
2025-05-21T17:05:03.446087,KXBTCD-25MAY2121-T108999.99,DELTA,86,1,91,169,511,yes,64,-250
2025-05-21T17:05:03.446196,KXBTCD-25MAY2121-T108999.99,DELTA,86,1,91,169,512,yes,73,-2000
2025-05-21T17:05:03.446271,KXBTCD-25MAY2121-T108999.99,DELTA,86,1,91,169,513,yes,84,100
2025-05-21T17:05:03.578179,KXBTCD-25MAY2121-T108999.99,DELTA,86,1,91,169,514,yes,75,1250
2025-05-21T17:05:03.578314,KXBTCD-25MAY2121-T108999.99,DELTA,86,1,91,169,515,yes,75,2000
2025-05-21T17:05:03.722253,KXBTCD-25MAY2121-T108999.99,DELTA,86,1,91,169,516,yes,81,-1000
2025-05-21T17:05:03.838941,KXBTCD-25MAY2121-T108999.99,DELTA,86,1,91,169,517,yes,85,1000
2025-05-21T17:05:04.117469,KXBTCD-25MAY2121-T108999.99,DELTA,86,1,91,169,518,yes,64,250
2025-05-21T17:05:04.158810,KXBTCD-25MAY2121-T108999.99,DELTA,86,1,91,169,519,yes,74,-250
2025-05-21T17:05:04.318007,KXBTCD-25MAY2121-T108999.99,DELTA,86,1,91,169,520,yes,75,-2000
2025-05-21T17:05:04.339891,KXBTCD-25MAY2121-T108999.99,DELTA,86,1,91,169,521,yes,75,-1250
2025-05-21T17:05:04.439679,KXBTCD-25MAY2121-T108999.99,DELTA,86,1,91,169,522,yes,73,2000
2025-05-21T17:05:09.859542,KXBTCD-25MAY2121-T108999.99,DELTA,86,1,91,169,523,yes,73,1250
2025-05-21T17:05:09.859670,KXBTCD-25MAY2121-T108999.99,DELTA,86,1,91,169,524,no,5,-2000
2025-05-21T17:05:09.878180,KXBTCD-25MAY2121-T108999.99,DELTA,86,1,91,169,525,no,6,-1000
2025-05-21T17:05:09.998099,KXBTCD-25MAY2121-T108999.99,DELTA,86,1,91,1169,526,no,9,1000
2025-05-21T17:05:09.998277,KXBTCD-25MAY2121-T108999.99,DELTA,86,1,91,1169,527,no,6,2000
2025-05-21T17:05:10.457767,KXBTCD-25MAY2121-T108999.99,DELTA,86,1,91,1169,528,yes,80,-69
2025-05-21T17:05:10.458364,KXBTCD-25MAY2121-T108999.99,DELTA,86,1,91,1169,529,yes,79,69
2025-05-21T17:05:10.937105,KXBTCD-25MAY2121-T108999.99,DELTA,86,1,91,1100,530,no,9,-69
2025-05-21T17:05:10.937306,KXBTCD-25MAY2121-T108999.99,DELTA,86,1,90,69,531,no,10,69
2025-05-21T17:05:12.044650,KXBTCD-25MAY2121-T108999.99,DELTA,86,1,90,69,532,yes,73,-1250
2025-05-21T17:05:12.060897,KXBTCD-25MAY2121-T108999.99,DELTA,86,1,90,69,533,no,6,-2000
2025-05-21T17:05:12.061076,KXBTCD-25MAY2121-T108999.99,DELTA,86,1,90,69,534,no,9,-1000
2025-05-21T17:05:12.197585,KXBTCD-25MAY2121-T108999.99,DELTA,86,1,90,69,535,no,9,1000
2025-05-21T17:05:12.197753,KXBTCD-25MAY2121-T108999.99,DELTA,86,1,90,69,536,yes,73,1250
2025-05-21T17:05:12.198838,KXBTCD-25MAY2121-T108999.99,DELTA,86,1,90,69,537,no,6,2000
2025-05-21T17:05:12.497325,KXBTCD-25MAY2121-T108999.99,DELTA,86,1,90,69,538,yes,73,-1250
2025-05-21T17:05:12.517819,KXBTCD-25MAY2121-T108999.99,DELTA,86,1,90,69,539,no,6,-2000
2025-05-21T17:05:12.517949,KXBTCD-25MAY2121-T108999.99,DELTA,86,1,90,69,540,no,9,-1000
2025-05-21T17:05:12.660055,KXBTCD-25MAY2121-T108999.99,DELTA,86,1,90,69,541,no,6,1000
2025-05-21T17:05:12.661412,KXBTCD-25MAY2121-T108999.99,DELTA,86,1,90,69,542,no,5,2000
2025-05-21T17:05:12.698166,KXBTCD-25MAY2121-T108999.99,DELTA,86,1,90,69,543,yes,73,1250
2025-05-21T17:05:12.778463,KXBTCD-25MAY2121-T108999.99,DELTA,86,1,90,69,544,no,5,-2000
2025-05-21T17:05:12.796979,KXBTCD-25MAY2121-T108999.99,DELTA,86,1,90,69,545,no,6,-1000
2025-05-21T17:05:12.920231,KXBTCD-25MAY2121-T108999.99,DELTA,86,1,90,69,546,no,6,2000
2025-05-21T17:05:12.920367,KXBTCD-25MAY2121-T108999.99,DELTA,86,1,90,69,547,no,9,1000
2025-05-21T17:05:13.178293,KXBTCD-25MAY2121-T108999.99,DELTA,86,1,90,69,548,no,6,250
2025-05-21T17:05:13.338885,KXBTCD-25MAY2121-T108999.99,DELTA,86,1,90,69,549,no,5,-1250
2025-05-21T17:05:13.457884,KXBTCD-25MAY2121-T108999.99,DELTA,86,1,90,69,550,no,7,1250
2025-05-21T17:05:14.197145,KXBTCD-25MAY2121-T108999.99,DELTA,86,1,90,69,551,yes,72,-250
2025-05-21T17:05:14.197269,KXBTCD-25MAY2121-T108999.99,DELTA,86,1,90,69,552,yes,62,250
2025-05-21T17:05:14.338192,KXBTCD-25MAY2121-T108999.99,DELTA,86,1,90,69,553,yes,73,-2000
2025-05-21T17:05:14.338305,KXBTCD-25MAY2121-T108999.99,DELTA,86,1,90,69,554,yes,73,-1250
2025-05-21T17:05:14.358699,KXBTCD-25MAY2121-T108999.99,DELTA,86,1,90,69,555,no,6,9
2025-05-21T17:05:14.398647,KXBTCD-25MAY2121-T108999.99,DELTA,86,1,90,69,556,no,6,-2000
2025-05-21T17:05:14.398760,KXBTCD-25MAY2121-T108999.99,DELTA,86,1,90,69,557,no,9,-1000
2025-05-21T17:05:14.477509,KXBTCD-25MAY2121-T108999.99,DELTA,86,1,90,69,558,no,6,-9
2025-05-21T17:05:14.477639,KXBTCD-25MAY2121-T108999.99,DELTA,86,1,90,69,559,yes,71,2000
2025-05-21T17:05:14.477706,KXBTCD-25MAY2121-T108999.99,DELTA,86,1,90,69,560,yes,71,1250
2025-05-21T17:05:14.538079,KXBTCD-25MAY2121-T108999.99,DELTA,86,1,90,1069,561,no,10,1000
2025-05-21T17:05:14.538188,KXBTCD-25MAY2121-T108999.99,DELTA,86,1,90,1069,562,no,7,2000
2025-05-21T17:05:14.677881,KXBTCD-25MAY2121-T108999.99,DELTA,86,1,90,1069,563,yes,84,-100
2025-05-21T17:05:14.818313,KXBTCD-25MAY2121-T108999.99,DELTA,86,1,90,1069,564,yes,85,-1000
2025-05-21T17:05:14.838833,KXBTCD-25MAY2121-T108999.99,DELTA,86,1,90,1069,565,yes,79,-69
2025-05-21T17:05:14.839020,KXBTCD-25MAY2121-T108999.99,DELTA,86,1,90,1069,566,yes,78,69
2025-05-21T17:05:14.950024,KXBTCD-25MAY2121-T108999.99,DELTA,86,1,90,1069,567,no,9,-100
2025-05-21T17:05:14.957968,KXBTCD-25MAY2121-T108999.99,DELTA,86,1,90,1069,568,yes,80,1000
2025-05-21T17:05:15.079038,KXBTCD-25MAY2121-T108999.99,DELTA,86,1,90,1069,569,yes,80,-1000
2025-05-21T17:05:15.219430,KXBTCD-25MAY2121-T108999.99,DELTA,86,1,90,1069,570,yes,79,1000
2025-05-21T17:05:15.377613,KXBTCD-25MAY2121-T108999.99,DELTA,86,1,90,1000,571,no,10,-69
2025-05-21T17:05:15.377789,KXBTCD-25MAY2121-T108999.99,DELTA,86,1,89,69,572,no,11,69
2025-05-21T17:05:15.517251,KXBTCD-25MAY2121-T108999.99,DELTA,86,1,89,69,573,no,10,-1000
2025-05-21T17:05:15.538434,KXBTCD-25MAY2121-T108999.99,DELTA,86,1,89,69,574,yes,82,100
2025-05-21T17:05:15.636960,KXBTCD-25MAY2121-T108999.99,DELTA,86,1,89,69,575,no,7,1000
2025-05-21T17:05:15.659923,KXBTCD-25MAY2121-T108999.99,DELTA,86,1,89,69,576,yes,79,-1000
2025-05-21T17:05:15.757438,KXBTCD-25MAY2121-T108999.99,DELTA,86,1,89,69,577,yes,83,1000
2025-05-21T17:05:16.157581,KXBTCD-25MAY2121-T108999.99,DELTA,86,1,89,69,578,no,10,100
2025-05-21T17:05:16.297802,KXBTCD-25MAY2121-T108999.99,DELTA,86,1,89,69,579,no,7,-1000
2025-05-21T17:05:16.378401,KXBTCD-25MAY2121-T108999.99,DELTA,86,1,89,69,580,no,10,-100
2025-05-21T17:05:16.417297,KXBTCD-25MAY2121-T108999.99,DELTA,86,1,89,69,581,no,10,1000
2025-05-21T17:05:16.536963,KXBTCD-25MAY2121-T108999.99,DELTA,86,1,89,69,582,no,10,-1000
2025-05-21T17:05:16.636432,KXBTCD-25MAY2121-T108999.99,DELTA,86,1,89,69,583,no,7,1000
2025-05-21T17:05:17.357280,KXBTCD-25MAY2121-T108999.99,DELTA,86,1,89,169,584,no,11,100
2025-05-21T17:05:17.457875,KXBTCD-25MAY2121-T108999.99,DELTA,86,1,89,169,585,no,7,-2000
2025-05-21T17:05:17.558523,KXBTCD-25MAY2121-T108999.99,DELTA,86,1,89,169,586,no,7,2000
2025-05-21T17:05:17.897839,KXBTCD-25MAY2121-T108999.99,DELTA,86,1,89,169,587,yes,71,-1250
2025-05-21T17:05:17.898053,KXBTCD-25MAY2121-T108999.99,DELTA,86,1,89,169,588,no,7,-2000
2025-05-21T17:05:18.018474,KXBTCD-25MAY2121-T108999.99,DELTA,86,1,89,169,589,no,6,2000
2025-05-21T17:05:21.417886,KXBTCD-25MAY2121-T108999.99,DELTA,86,1,89,100,590,no,11,-69
2025-05-21T17:05:21.418052,KXBTCD-25MAY2121-T108999.99,DELTA,86,1,89,100,591,no,10,69
2025-05-21T17:05:22.200475,KXBTCD-25MAY2121-T108999.99,DELTA,86,1,89,100,592,yes,78,-69
2025-05-21T17:05:22.200595,KXBTCD-25MAY2121-T108999.99,DELTA,86,1,89,100,593,yes,79,69
2025-05-21T17:05:23.399062,KXBTCD-25MAY2121-T108999.99,DELTA,86,1,89,100,594,yes,79,-69
2025-05-21T17:05:23.399188,KXBTCD-25MAY2121-T108999.99,DELTA,86,1,89,100,595,yes,78,69
2025-05-21T17:05:23.998119,KXBTCD-25MAY2121-T108999.99,DELTA,86,1,89,100,596,no,10,-69
2025-05-21T17:05:23.998314,KXBTCD-25MAY2121-T108999.99,DELTA,86,1,89,169,597,no,11,69
2025-05-21T17:05:26.377783,KXBTCD-25MAY2121-T108999.99,DELTA,86,1,89,169,598,yes,71,1250
2025-05-21T17:05:26.678611,KXBTCD-25MAY2121-T108999.99,DELTA,86,1,89,169,599,no,6,-2000
2025-05-21T17:05:26.797884,KXBTCD-25MAY2121-T108999.99,DELTA,86,1,89,169,600,no,7,2000
2025-05-21T17:05:26.917272,KXBTCD-25MAY2121-T108999.99,DELTA,86,1,89,169,601,no,7,-2000
2025-05-21T17:05:27.027400,KXBTCD-25MAY2121-T108999.99,DELTA,86,1,89,169,602,no,6,2000
2025-05-21T17:05:27.440128,KXBTCD-25MAY2121-T108999.99,DELTA,86,1,89,169,603,yes,71,-1250
2025-05-21T17:05:34.199346,KXBTCD-25MAY2121-T108999.99,DELTA,86,1,89,169,604,yes,71,1250
2025-05-21T17:05:34.399081,KXBTCD-25MAY2121-T108999.99,DELTA,86,1,89,169,605,yes,71,-1250
2025-05-21T17:05:35.078949,KXBTCD-25MAY2121-T108999.99,DELTA,86,1,89,69,606,no,11,-100
2025-05-21T17:05:35.632219,KXBTCD-25MAY2121-T108999.99,DELTA,86,1,89,69,607,yes,71,1250
2025-05-21T17:05:35.632405,KXBTCD-25MAY2121-T108999.99,DELTA,86,1,89,69,608,no,6,-2000
2025-05-21T17:05:35.697357,KXBTCD-25MAY2121-T108999.99,DELTA,86,1,89,69,609,no,7,2000
2025-05-21T17:05:36.276846,KXBTCD-25MAY2121-T108999.99,DELTA,86,1,89,69,610,no,8,250
2025-05-21T17:05:36.398919,KXBTCD-25MAY2121-T108999.99,DELTA,86,1,89,69,611,yes,71,-1250
2025-05-21T17:05:36.496906,KXBTCD-25MAY2121-T108999.99,DELTA,86,1,89,69,612,no,10,100
2025-05-21T17:05:36.497122,KXBTCD-25MAY2121-T108999.99,DELTA,86,1,89,69,613,no,7,-2000
2025-05-21T17:05:36.698274,KXBTCD-25MAY2121-T108999.99,DELTA,86,1,89,69,614,no,6,2000
2025-05-21T17:05:36.780094,KXBTCD-25MAY2121-T108999.99,DELTA,86,1,89,69,615,no,7,-1000
2025-05-21T17:05:37.018333,KXBTCD-25MAY2121-T108999.99,DELTA,86,1,89,69,616,yes,71,1250
2025-05-21T17:05:37.179017,KXBTCD-25MAY2121-T108999.99,DELTA,86,1,89,69,617,no,10,1000
2025-05-21T17:05:37.798826,KXBTCD-25MAY2121-T108999.99,DELTA,86,1,89,69,618,no,6,-2000
2025-05-21T17:05:37.798979,KXBTCD-25MAY2121-T108999.99,DELTA,86,1,89,69,619,no,7,-1250
2025-05-21T17:05:37.858749,KXBTCD-25MAY2121-T108999.99,DELTA,86,1,89,69,620,no,7,1250
2025-05-21T17:05:37.876910,KXBTCD-25MAY2121-T108999.99,DELTA,86,1,89,69,621,no,6,2000
2025-05-21T17:05:37.917307,KXBTCD-25MAY2121-T108999.99,DELTA,86,1,89,69,622,yes,71,-1250
2025-05-21T17:05:37.917403,KXBTCD-25MAY2121-T108999.99,DELTA,86,1,89,69,623,no,10,-1000
2025-05-21T17:05:38.177367,KXBTCD-25MAY2121-T108999.99,DELTA,86,1,89,69,624,no,9,1000
2025-05-21T17:05:38.298885,KXBTCD-25MAY2121-T108999.99,DELTA,86,1,89,69,625,yes,82,-100
2025-05-21T17:05:38.358425,KXBTCD-25MAY2121-T108999.99,DELTA,86,1,89,69,626,yes,83,-1000
2025-05-21T17:05:38.418979,KXBTCD-25MAY2121-T108999.99,DELTA,86,1,89,69,627,yes,79,1000
2025-05-21T17:05:38.617883,KXBTCD-25MAY2121-T108999.99,DELTA,86,1,89,69,628,yes,71,1250
2025-05-21T17:05:38.898031,KXBTCD-25MAY2121-T108999.99,DELTA,86,1,89,69,629,yes,71,-1250
2025-05-21T17:05:39.019229,KXBTCD-25MAY2121-T108999.99,DELTA,86,1,89,69,630,yes,71,1250
2025-05-21T17:05:39.137823,KXBTCD-25MAY2121-T108999.99,DELTA,86,1,89,69,631,no,6,-2000
2025-05-21T17:05:39.137944,KXBTCD-25MAY2121-T108999.99,DELTA,86,1,89,69,632,no,9,-1000
2025-05-21T17:05:39.157501,KXBTCD-25MAY2121-T108999.99,DELTA,86,1,89,69,633,no,7,-1250
2025-05-21T17:05:39.198760,KXBTCD-25MAY2121-T108999.99,DELTA,86,1,89,69,634,no,10,1000
2025-05-21T17:05:39.198889,KXBTCD-25MAY2121-T108999.99,DELTA,86,1,89,69,635,no,8,1250
2025-05-21T17:05:39.198962,KXBTCD-25MAY2121-T108999.99,DELTA,86,1,89,69,636,no,7,2000
2025-05-21T17:05:39.537878,KXBTCD-25MAY2121-T108999.99,DELTA,86,1,89,69,637,yes,83,100
2025-05-21T17:05:39.857911,KXBTCD-25MAY2121-T108999.99,DELTA,86,1,89,69,638,yes,79,-1000
2025-05-21T17:05:39.958294,KXBTCD-25MAY2121-T108999.99,DELTA,86,1,89,69,639,yes,79,9
2025-05-21T17:05:40.042149,KXBTCD-25MAY2121-T108999.99,DELTA,86,1,89,69,640,yes,84,1000
2025-05-21T17:05:40.578324,KXBTCD-25MAY2121-T108999.99,DELTA,86,1,89,69,641,no,7,-2000
2025-05-21T17:05:40.578527,KXBTCD-25MAY2121-T108999.99,DELTA,86,1,89,69,642,no,10,-1000
2025-05-21T17:05:40.598324,KXBTCD-25MAY2121-T108999.99,DELTA,86,1,89,69,643,no,8,-1250
2025-05-21T17:05:40.636889,KXBTCD-25MAY2121-T108999.99,DELTA,86,1,89,69,644,no,7,1250
2025-05-21T17:05:40.657190,KXBTCD-25MAY2121-T108999.99,DELTA,86,1,89,69,645,no,6,2000
2025-05-21T17:05:40.718159,KXBTCD-25MAY2121-T108999.99,DELTA,86,1,89,69,646,yes,79,-9
2025-05-21T17:05:40.960338,KXBTCD-25MAY2121-T108999.99,DELTA,86,1,89,69,647,yes,71,-1250
2025-05-21T17:05:41.317717,KXBTCD-25MAY2121-T108999.99,DELTA,86,1,89,69,648,no,9,1000
2025-05-21T17:05:44.979891,KXBTCD-25MAY2121-T108999.99,DELTA,86,1,89,69,649,no,6,-2000
2025-05-21T17:05:44.998297,KXBTCD-25MAY2121-T108999.99,DELTA,86,1,89,69,650,no,9,-1000
2025-05-21T17:05:44.999551,KXBTCD-25MAY2121-T108999.99,DELTA,86,1,89,69,651,no,7,-1250
2025-05-21T17:05:45.079108,KXBTCD-25MAY2121-T108999.99,DELTA,86,1,89,69,652,no,7,1250
2025-05-21T17:05:45.079226,KXBTCD-25MAY2121-T108999.99,DELTA,86,1,89,69,653,no,6,2000
2025-05-21T17:05:45.099296,KXBTCD-25MAY2121-T108999.99,DELTA,86,1,89,69,654,no,9,1000
2025-05-21T17:05:45.937839,KXBTCD-25MAY2121-T108999.99,DELTA,86,1,89,69,655,no,6,-2000
2025-05-21T17:05:45.959204,KXBTCD-25MAY2121-T108999.99,DELTA,86,1,89,69,656,no,9,-1000
2025-05-21T17:05:45.959366,KXBTCD-25MAY2121-T108999.99,DELTA,86,1,89,69,657,no,7,-1250
2025-05-21T17:05:46.018825,KXBTCD-25MAY2121-T108999.99,DELTA,86,1,89,69,658,no,6,2000
2025-05-21T17:05:46.018969,KXBTCD-25MAY2121-T108999.99,DELTA,86,1,89,69,659,no,7,1250
2025-05-21T17:05:46.498079,KXBTCD-25MAY2121-T108999.99,DELTA,86,1,89,69,660,no,9,1000
2025-05-21T17:05:53.659453,KXBTCD-25MAY2121-T108999.99,DELTA,86,1,89,69,661,no,6,-2000
2025-05-21T17:05:53.678954,KXBTCD-25MAY2121-T108999.99,DELTA,86,1,89,69,662,no,9,-1000
2025-05-21T17:05:53.679046,KXBTCD-25MAY2121-T108999.99,DELTA,86,1,89,69,663,no,7,-1250
2025-05-21T17:05:53.817639,KXBTCD-25MAY2121-T108999.99,DELTA,86,1,89,69,664,no,6,1250
2025-05-21T17:05:53.817756,KXBTCD-25MAY2121-T108999.99,DELTA,86,1,89,69,665,no,8,1000
2025-05-21T17:05:53.817835,KXBTCD-25MAY2121-T108999.99,DELTA,86,1,89,69,666,no,5,2000
2025-05-21T17:05:53.919143,KXBTCD-25MAY2121-T108999.99,DELTA,86,1,89,69,667,no,5,-2000
2025-05-21T17:05:53.919269,KXBTCD-25MAY2121-T108999.99,DELTA,86,1,89,69,668,no,8,-1000
2025-05-21T17:05:53.938971,KXBTCD-25MAY2121-T108999.99,DELTA,86,1,89,69,669,no,6,-1250
2025-05-21T17:05:53.999430,KXBTCD-25MAY2121-T108999.99,DELTA,86,1,89,69,670,no,6,2000
2025-05-21T17:05:53.999544,KXBTCD-25MAY2121-T108999.99,DELTA,86,1,89,69,671,no,7,1250
2025-05-21T17:05:53.999613,KXBTCD-25MAY2121-T108999.99,DELTA,86,1,89,69,672,no,9,1000
2025-05-21T17:05:59.941676,KXBTCD-25MAY2121-T108999.99,DELTA,86,1,89,69,673,no,6,-2000
2025-05-21T17:05:59.959066,KXBTCD-25MAY2121-T108999.99,DELTA,86,1,89,69,674,no,9,-1000
2025-05-21T17:05:59.959189,KXBTCD-25MAY2121-T108999.99,DELTA,86,1,89,69,675,no,7,-1250
2025-05-21T17:06:00.018810,KXBTCD-25MAY2121-T108999.99,DELTA,86,1,89,69,676,no,8,1000
2025-05-21T17:06:00.038892,KXBTCD-25MAY2121-T108999.99,DELTA,86,1,89,69,677,no,6,1250
2025-05-21T17:06:00.039015,KXBTCD-25MAY2121-T108999.99,DELTA,86,1,89,69,678,no,5,2000
2025-05-21T17:06:00.139083,KXBTCD-25MAY2121-T108999.99,DELTA,86,1,89,69,679,no,8,-250
2025-05-21T17:06:00.218548,KXBTCD-25MAY2121-T108999.99,DELTA,86,1,89,69,680,no,8,-1000
2025-05-21T17:06:00.277405,KXBTCD-25MAY2121-T108999.99,DELTA,86,1,89,69,681,no,7,1000
2025-05-21T17:06:00.578575,KXBTCD-25MAY2121-T108999.99,DELTA,86,1,89,69,682,yes,72,250
2025-05-21T17:06:00.578696,KXBTCD-25MAY2121-T108999.99,DELTA,86,1,89,69,683,yes,74,250
2025-05-21T17:06:00.599259,KXBTCD-25MAY2121-T108999.99,DELTA,86,1,89,69,684,no,8,250
2025-05-21T17:06:00.599349,KXBTCD-25MAY2121-T108999.99,DELTA,86,1,89,69,685,yes,64,-250
2025-05-21T17:06:00.599419,KXBTCD-25MAY2121-T108999.99,DELTA,86,1,89,69,686,yes,62,-250
2025-05-21T17:06:00.679924,KXBTCD-25MAY2121-T108999.99,DELTA,86,1,89,69,687,yes,71,-2000
2025-05-21T17:06:00.719490,KXBTCD-25MAY2121-T108999.99,DELTA,86,1,89,69,688,no,7,-1000
2025-05-21T17:06:00.719596,KXBTCD-25MAY2121-T108999.99,DELTA,86,1,89,69,689,yes,75,1250
2025-05-21T17:06:00.820255,KXBTCD-25MAY2121-T108999.99,DELTA,86,1,89,69,690,yes,75,2000
2025-05-21T17:06:00.839434,KXBTCD-25MAY2121-T108999.99,DELTA,86,1,89,69,691,no,8,1000
2025-05-21T17:06:01.038072,KXBTCD-25MAY2121-T108999.99,DELTA,86,1,89,69,692,yes,83,-100
2025-05-21T17:06:01.057957,KXBTCD-25MAY2121-T108999.99,DELTA,86,1,89,69,693,no,10,-100
2025-05-21T17:06:01.118161,KXBTCD-25MAY2121-T108999.99,DELTA,86,1,89,69,694,yes,84,-1000
2025-05-21T17:06:01.197280,KXBTCD-25MAY2121-T108999.99,DELTA,86,1,89,69,695,yes,79,1000
2025-05-21T17:06:01.238725,KXBTCD-25MAY2121-T108999.99,DELTA,86,1,89,69,696,yes,76,250
2025-05-21T17:06:01.239977,KXBTCD-25MAY2121-T108999.99,DELTA,86,1,89,69,697,yes,66,-250
2025-05-21T17:06:01.377421,KXBTCD-25MAY2121-T108999.99,DELTA,86,1,89,69,698,yes,75,-2000
2025-05-21T17:06:01.378098,KXBTCD-25MAY2121-T108999.99,DELTA,86,1,89,69,699,yes,75,-1250
2025-05-21T17:06:01.777922,KXBTCD-25MAY2121-T108999.99,DELTA,86,1,89,69,700,yes,77,1250
2025-05-21T17:06:01.778072,KXBTCD-25MAY2121-T108999.99,DELTA,86,1,89,69,701,yes,77,2000
2025-05-21T17:06:02.679139,KXBTCD-25MAY2121-T108999.99,DELTA,86,1,92,1250,702,no,11,-69
2025-05-21T17:06:02.679260,KXBTCD-25MAY2121-T108999.99,DELTA,86,1,90,69,703,no,10,69
2025-05-21T17:06:02.757578,KXBTCD-25MAY2121-T108999.99,DELTA,86,1,90,69,704,no,8,100
2025-05-21T17:06:02.758298,KXBTCD-25MAY2121-T108999.99,DELTA,86,1,90,69,705,yes,84,100
2025-05-21T17:06:02.839346,KXBTCD-25MAY2121-T108999.99,DELTA,86,1,90,69,706,yes,79,-1000
2025-05-21T17:06:02.997983,KXBTCD-25MAY2121-T108999.99,DELTA,86,1,90,69,707,yes,85,1000
2025-05-21T17:06:03.378600,KXBTCD-25MAY2121-T108999.99,DELTA,86,1,90,69,708,yes,78,-69
2025-05-21T17:06:03.378732,KXBTCD-25MAY2121-T108999.99,DELTA,86,1,90,69,709,yes,79,69
2025-05-21T17:06:05.158437,KXBTCD-25MAY2121-T108999.99,DELTA,86,1,90,319,710,no,10,250
2025-05-21T17:06:06.138832,KXBTCD-25MAY2121-T108999.99,DELTA,86,1,90,319,711,no,8,-100
2025-05-21T17:06:06.139003,KXBTCD-25MAY2121-T108999.99,DELTA,86,1,90,319,712,yes,66,250
2025-05-21T17:06:06.139095,KXBTCD-25MAY2121-T108999.99,DELTA,86,1,90,319,713,yes,76,-250
2025-05-21T17:06:06.218411,KXBTCD-25MAY2121-T108999.99,DELTA,86,1,90,319,714,yes,77,-2000
2025-05-21T17:06:06.238840,KXBTCD-25MAY2121-T108999.99,DELTA,86,1,90,319,715,yes,77,-1250
2025-05-21T17:06:06.277315,KXBTCD-25MAY2121-T108999.99,DELTA,86,1,90,319,716,yes,75,2000
2025-05-21T17:06:06.277462,KXBTCD-25MAY2121-T108999.99,DELTA,86,1,90,319,717,yes,75,1250
2025-05-21T17:06:06.900050,KXBTCD-25MAY2121-T108999.99,DELTA,86,1,90,319,718,no,5,-2000
2025-05-21T17:06:06.918385,KXBTCD-25MAY2121-T108999.99,DELTA,86,1,90,319,719,no,8,-1000
2025-05-21T17:06:06.918509,KXBTCD-25MAY2121-T108999.99,DELTA,86,1,90,319,720,no,6,-1250
2025-05-21T17:06:06.999142,KXBTCD-25MAY2121-T108999.99,DELTA,86,1,90,319,721,no,6,2000
2025-05-21T17:06:06.999308,KXBTCD-25MAY2121-T108999.99,DELTA,86,1,90,319,722,no,9,1000
2025-05-21T17:06:06.999395,KXBTCD-25MAY2121-T108999.99,DELTA,86,1,90,319,723,no,7,1250
2025-05-21T17:06:07.159303,KXBTCD-25MAY2121-T108999.99,DELTA,86,1,90,319,724,no,9,100
2025-05-21T17:06:07.799953,KXBTCD-25MAY2121-T108999.99,DELTA,86,1,90,319,725,yes,79,-69
2025-05-21T17:06:07.800088,KXBTCD-25MAY2121-T108999.99,DELTA,86,1,90,319,726,yes,78,69
2025-05-21T17:06:08.180770,KXBTCD-25MAY2121-T108999.99,DELTA,86,1,90,250,727,no,10,-69
2025-05-21T17:06:08.180884,KXBTCD-25MAY2121-T108999.99,DELTA,86,1,89,69,728,no,11,69
2025-05-21T17:06:08.218087,KXBTCD-25MAY2121-T108999.99,DELTA,86,1,89,69,729,yes,84,-100
2025-05-21T17:06:08.297694,KXBTCD-25MAY2121-T108999.99,DELTA,86,1,89,69,730,yes,85,-1000
2025-05-21T17:06:08.400743,KXBTCD-25MAY2121-T108999.99,DELTA,86,1,89,69,731,yes,79,1000
2025-05-21T17:06:08.400865,KXBTCD-25MAY2121-T108999.99,DELTA,86,1,89,69,732,no,6,-2000
2025-05-21T17:06:08.402050,KXBTCD-25MAY2121-T108999.99,DELTA,86,1,89,69,733,no,9,-1000
2025-05-21T17:06:08.418516,KXBTCD-25MAY2121-T108999.99,DELTA,86,1,89,69,734,no,7,-1250
2025-05-21T17:06:08.437646,KXBTCD-25MAY2121-T108999.99,DELTA,86,1,89,69,735,no,9,-100
2025-05-21T17:06:08.518162,KXBTCD-25MAY2121-T108999.99,DELTA,86,1,89,69,736,no,8,1250
2025-05-21T17:06:08.518273,KXBTCD-25MAY2121-T108999.99,DELTA,86,1,89,69,737,no,7,2000
2025-05-21T17:06:08.518668,KXBTCD-25MAY2121-T108999.99,DELTA,86,1,89,69,738,no,10,1000
2025-05-21T17:06:08.718272,KXBTCD-25MAY2121-T108999.99,DELTA,86,1,89,69,739,yes,64,250
2025-05-21T17:06:08.739135,KXBTCD-25MAY2121-T108999.99,DELTA,86,1,89,69,740,yes,74,-250
2025-05-21T17:06:08.838739,KXBTCD-25MAY2121-T108999.99,DELTA,86,1,89,69,741,yes,75,-2000
2025-05-21T17:06:08.857887,KXBTCD-25MAY2121-T108999.99,DELTA,86,1,89,69,742,yes,75,-1250
2025-05-21T17:06:08.939143,KXBTCD-25MAY2121-T108999.99,DELTA,86,1,89,69,743,yes,73,1250
2025-05-21T17:06:08.958385,KXBTCD-25MAY2121-T108999.99,DELTA,86,1,89,69,744,yes,73,2000
2025-05-21T17:06:09.238962,KXBTCD-25MAY2121-T108999.99,DELTA,86,1,88,250,745,no,12,250
2025-05-21T17:06:09.297269,KXBTCD-25MAY2121-T108999.99,DELTA,86,1,88,250,746,no,2,-250
2025-05-21T17:06:09.397913,KXBTCD-25MAY2121-T108999.99,DELTA,86,1,88,250,747,yes,81,100
2025-05-21T17:06:09.397999,KXBTCD-25MAY2121-T108999.99,DELTA,86,1,88,250,748,no,11,100
2025-05-21T17:06:09.457796,KXBTCD-25MAY2121-T108999.99,DELTA,86,1,88,250,749,yes,79,-1000
2025-05-21T17:06:09.496555,KXBTCD-25MAY2121-T108999.99,DELTA,86,1,88,250,750,yes,82,1000
2025-05-21T17:06:10.597083,KXBTCD-25MAY2121-T108999.99,DELTA,86,1,88,250,751,yes,78,-69
2025-05-21T17:06:10.597215,KXBTCD-25MAY2121-T108999.99,DELTA,86,1,88,250,752,yes,77,69
2025-05-21T17:06:10.880763,KXBTCD-25MAY2121-T108999.99,DELTA,86,1,88,250,753,no,11,-69
2025-05-21T17:06:10.880925,KXBTCD-25MAY2121-T108999.99,DELTA,86,1,88,319,754,no,12,69
2025-05-21T17:06:13.778029,KXBTCD-25MAY2121-T108999.99,DELTA,86,1,88,319,755,no,7,-2000
2025-05-21T17:06:13.779222,KXBTCD-25MAY2121-T108999.99,DELTA,86,1,88,319,756,no,10,-1000
2025-05-21T17:06:13.797625,KXBTCD-25MAY2121-T108999.99,DELTA,86,1,88,319,757,no,8,-1250
2025-05-21T17:06:13.859292,KXBTCD-25MAY2121-T108999.99,DELTA,86,1,88,319,758,no,9,1000
2025-05-21T17:06:13.859402,KXBTCD-25MAY2121-T108999.99,DELTA,86,1,88,319,759,no,7,1250
2025-05-21T17:06:13.859477,KXBTCD-25MAY2121-T108999.99,DELTA,86,1,88,319,760,no,6,2000
2025-05-21T17:06:14.217581,KXBTCD-25MAY2121-T108999.99,DELTA,86,1,88,250,761,no,12,-69
2025-05-21T17:06:14.217689,KXBTCD-25MAY2121-T108999.99,DELTA,86,1,88,250,762,no,11,69
2025-05-21T17:06:14.457410,KXBTCD-25MAY2121-T108999.99,DELTA,86,1,88,250,763,yes,81,-100
2025-05-21T17:06:14.517641,KXBTCD-25MAY2121-T108999.99,DELTA,86,1,88,250,764,yes,82,-1000
2025-05-21T17:06:14.579196,KXBTCD-25MAY2121-T108999.99,DELTA,86,1,88,250,765,no,6,-2000
2025-05-21T17:06:14.579547,KXBTCD-25MAY2121-T108999.99,DELTA,86,1,88,250,766,no,9,-1000
2025-05-21T17:06:14.598465,KXBTCD-25MAY2121-T108999.99,DELTA,86,1,88,250,767,yes,78,1000
2025-05-21T17:06:14.598676,KXBTCD-25MAY2121-T108999.99,DELTA,86,1,88,250,768,no,7,-1250
2025-05-21T17:06:14.677061,KXBTCD-25MAY2121-T108999.99,DELTA,86,1,88,250,769,no,8,1250
2025-05-21T17:06:14.677191,KXBTCD-25MAY2121-T108999.99,DELTA,86,1,88,250,770,no,10,1000
2025-05-21T17:06:14.677266,KXBTCD-25MAY2121-T108999.99,DELTA,86,1,88,250,771,no,7,2000
2025-05-21T17:06:14.778306,KXBTCD-25MAY2121-T108999.99,DELTA,86,1,88,250,772,yes,77,-69
2025-05-21T17:06:14.778444,KXBTCD-25MAY2121-T108999.99,DELTA,86,1,88,250,773,yes,78,69
2025-05-21T17:06:14.857941,KXBTCD-25MAY2121-T108999.99,DELTA,86,1,88,250,774,yes,78,-1000
2025-05-21T17:06:14.897838,KXBTCD-25MAY2121-T108999.99,DELTA,86,1,88,250,775,yes,79,1000
2025-05-21T17:06:15.158712,KXBTCD-25MAY2121-T108999.99,DELTA,86,1,88,250,776,yes,81,100
2025-05-21T17:06:15.223859,KXBTCD-25MAY2121-T108999.99,DELTA,86,1,88,250,777,yes,79,-1000
2025-05-21T17:06:15.278300,KXBTCD-25MAY2121-T108999.99,DELTA,86,1,88,250,778,yes,82,1000
2025-05-21T17:06:15.360208,KXBTCD-25MAY2121-T108999.99,DELTA,86,1,88,250,779,no,7,-2000
2025-05-21T17:06:15.378499,KXBTCD-25MAY2121-T108999.99,DELTA,86,1,88,250,780,no,10,-1000
2025-05-21T17:06:15.378600,KXBTCD-25MAY2121-T108999.99,DELTA,86,1,88,250,781,no,8,-1250
2025-05-21T17:06:15.477939,KXBTCD-25MAY2121-T108999.99,DELTA,86,1,88,250,782,no,9,1000
2025-05-21T17:06:15.499233,KXBTCD-25MAY2121-T108999.99,DELTA,86,1,88,250,783,no,7,1250
2025-05-21T17:06:15.499323,KXBTCD-25MAY2121-T108999.99,DELTA,86,1,88,250,784,no,6,2000
2025-05-21T17:06:16.059007,KXBTCD-25MAY2121-T108999.99,DELTA,86,1,88,250,785,yes,32,-1012
2025-05-21T17:06:16.179228,KXBTCD-25MAY2121-T108999.99,DELTA,86,1,89,169,786,no,12,-250
2025-05-21T17:06:16.179354,KXBTCD-25MAY2121-T108999.99,DELTA,86,1,89,169,787,no,2,250
2025-05-21T17:06:16.278974,KXBTCD-25MAY2121-T108999.99,DELTA,86,1,89,169,788,yes,81,-100
2025-05-21T17:06:16.279127,KXBTCD-25MAY2121-T108999.99,DELTA,86,1,89,169,789,yes,64,-250
2025-05-21T17:06:16.317375,KXBTCD-25MAY2121-T108999.99,DELTA,86,1,89,169,790,yes,74,250
2025-05-21T17:06:16.398068,KXBTCD-25MAY2121-T108999.99,DELTA,86,1,89,169,791,yes,82,-1000
2025-05-21T17:06:16.479970,KXBTCD-25MAY2121-T108999.99,DELTA,86,1,89,169,792,yes,79,1000
2025-05-21T17:06:16.480080,KXBTCD-25MAY2121-T108999.99,DELTA,86,1,89,169,793,yes,73,-2000
2025-05-21T17:06:16.480153,KXBTCD-25MAY2121-T108999.99,DELTA,86,1,89,169,794,yes,73,-1250
2025-05-21T17:06:16.558848,KXBTCD-25MAY2121-T108999.99,DELTA,86,1,89,169,795,yes,75,1250
2025-05-21T17:06:16.559017,KXBTCD-25MAY2121-T108999.99,DELTA,86,1,89,169,796,yes,75,2000
2025-05-21T17:06:16.639575,KXBTCD-25MAY2121-T108999.99,DELTA,86,2,89,169,797,yes,86,1
2025-05-21T17:06:17.577499,KXBTCD-25MAY2121-T108999.99,DELTA,86,2,89,169,798,yes,82,100
2025-05-21T17:06:17.638789,KXBTCD-25MAY2121-T108999.99,DELTA,86,2,89,169,799,yes,79,-1000
2025-05-21T17:06:17.677441,KXBTCD-25MAY2121-T108999.99,DELTA,86,2,89,169,800,yes,83,1000
2025-05-21T17:06:18.298036,KXBTCD-25MAY2121-T108999.99,DELTA,86,2,89,69,801,no,11,-100
2025-05-21T17:06:18.677314,KXBTCD-25MAY2121-T108999.99,DELTA,86,2,89,69,802,no,6,-2000
2025-05-21T17:06:18.699271,KXBTCD-25MAY2121-T108999.99,DELTA,86,2,89,69,803,no,9,-1000
2025-05-21T17:06:18.699373,KXBTCD-25MAY2121-T108999.99,DELTA,86,2,89,69,804,no,7,-1250
2025-05-21T17:06:18.778279,KXBTCD-25MAY2121-T108999.99,DELTA,86,2,89,69,805,no,5,2000
2025-05-21T17:06:18.778387,KXBTCD-25MAY2121-T108999.99,DELTA,86,2,89,69,806,no,8,1000
2025-05-21T17:06:18.778457,KXBTCD-25MAY2121-T108999.99,DELTA,86,2,89,69,807,no,6,1250
2025-05-21T17:06:18.818740,KXBTCD-25MAY2121-T108999.99,DELTA,86,2,89,69,808,no,5,-2000
2025-05-21T17:06:18.838008,KXBTCD-25MAY2121-T108999.99,DELTA,86,2,89,69,809,no,8,-1000
2025-05-21T17:06:18.838111,KXBTCD-25MAY2121-T108999.99,DELTA,86,2,89,69,810,no,6,-1250
2025-05-21T17:06:18.898615,KXBTCD-25MAY2121-T108999.99,DELTA,86,2,89,69,811,no,7,1250
2025-05-21T17:06:18.898723,KXBTCD-25MAY2121-T108999.99,DELTA,86,2,89,69,812,no,9,1000
2025-05-21T17:06:18.898798,KXBTCD-25MAY2121-T108999.99,DELTA,86,2,89,69,813,no,6,2000
2025-05-21T17:06:19.178285,KXBTCD-25MAY2121-T108999.99,DELTA,86,2,89,69,814,no,9,100
2025-05-21T17:06:19.664393,KXBTCD-25MAY2121-T108999.99,DELTA,86,2,89,69,815,no,9,-100
2025-05-21T17:06:20.159167,KXBTCD-25MAY2121-T108999.99,DELTA,86,2,89,69,816,no,10,100
2025-05-21T17:06:22.317696,KXBTCD-25MAY2121-T108999.99,DELTA,86,2,89,69,817,no,6,-2000
2025-05-21T17:06:22.339052,KXBTCD-25MAY2121-T108999.99,DELTA,86,2,89,69,818,no,9,-1000
2025-05-21T17:06:22.339159,KXBTCD-25MAY2121-T108999.99,DELTA,86,2,89,69,819,no,7,-1250
2025-05-21T17:06:22.418189,KXBTCD-25MAY2121-T108999.99,DELTA,86,2,89,69,820,no,6,1250
2025-05-21T17:06:22.418335,KXBTCD-25MAY2121-T108999.99,DELTA,86,2,89,69,821,no,8,1000
2025-05-21T17:06:22.418410,KXBTCD-25MAY2121-T108999.99,DELTA,86,2,89,69,822,no,5,2000
2025-05-21T17:06:22.837896,KXBTCD-25MAY2121-T108999.99,DELTA,86,2,89,69,823,yes,82,-100
2025-05-21T17:06:22.898690,KXBTCD-25MAY2121-T108999.99,DELTA,86,2,89,69,824,yes,83,-1000
2025-05-21T17:06:22.957535,KXBTCD-25MAY2121-T108999.99,DELTA,86,2,89,69,825,yes,79,1000
2025-05-21T17:06:22.998995,KXBTCD-25MAY2121-T108999.99,DELTA,86,2,89,69,826,no,5,-2000
2025-05-21T17:06:22.999858,KXBTCD-25MAY2121-T108999.99,DELTA,86,2,89,69,827,no,8,-1000
2025-05-21T17:06:23.018275,KXBTCD-25MAY2121-T108999.99,DELTA,86,2,89,69,828,no,6,-1250
2025-05-21T17:06:23.118834,KXBTCD-25MAY2121-T108999.99,DELTA,86,2,89,69,829,no,6,2000
2025-05-21T17:06:23.118956,KXBTCD-25MAY2121-T108999.99,DELTA,86,2,89,69,830,no,7,1250
2025-05-21T17:06:23.119051,KXBTCD-25MAY2121-T108999.99,DELTA,86,2,89,69,831,no,9,1000
2025-05-21T17:06:24.117802,KXBTCD-25MAY2121-T108999.99,DELTA,86,2,89,69,832,yes,82,100
2025-05-21T17:06:24.198454,KXBTCD-25MAY2121-T108999.99,DELTA,86,2,89,69,833,yes,79,-1000
2025-05-21T17:06:24.236616,KXBTCD-25MAY2121-T108999.99,DELTA,86,2,89,69,834,yes,83,1000
2025-05-21T17:06:28.320054,KXBTCD-25MAY2121-T108999.99,DELTA,86,2,89,69,835,no,6,-2000
2025-05-21T17:06:28.342273,KXBTCD-25MAY2121-T108999.99,DELTA,86,2,89,69,836,no,9,-1000
2025-05-21T17:06:28.342374,KXBTCD-25MAY2121-T108999.99,DELTA,86,2,89,69,837,no,7,-1250
2025-05-21T17:06:28.438519,KXBTCD-25MAY2121-T108999.99,DELTA,86,2,89,69,838,no,8,1000
2025-05-21T17:06:28.438619,KXBTCD-25MAY2121-T108999.99,DELTA,86,2,89,69,839,no,6,1250
2025-05-21T17:06:28.439286,KXBTCD-25MAY2121-T108999.99,DELTA,86,2,89,69,840,no,5,2000
2025-05-21T17:06:28.797450,KXBTCD-25MAY2121-T108999.99,DELTA,86,2,89,69,841,yes,32,1012
2025-05-21T17:06:29.318554,KXBTCD-25MAY2121-T108999.99,DELTA,86,2,89,69,842,yes,82,-100
2025-05-21T17:06:29.376409,KXBTCD-25MAY2121-T108999.99,DELTA,86,2,89,69,843,yes,83,-1000
2025-05-21T17:06:29.418964,KXBTCD-25MAY2121-T108999.99,DELTA,86,2,89,69,844,yes,79,1000
2025-05-21T17:06:30.438088,KXBTCD-25MAY2121-T108999.99,DELTA,86,2,89,69,845,yes,82,100
2025-05-21T17:06:30.517391,KXBTCD-25MAY2121-T108999.99,DELTA,86,2,89,69,846,yes,79,-1000
2025-05-21T17:06:30.558945,KXBTCD-25MAY2121-T108999.99,DELTA,86,2,89,69,847,yes,83,1000
2025-05-21T17:06:30.758365,KXBTCD-25MAY2121-T108999.99,DELTA,86,2,89,69,848,yes,82,-100
2025-05-21T17:06:30.838521,KXBTCD-25MAY2121-T108999.99,DELTA,86,2,89,69,849,yes,83,-1000
2025-05-21T17:06:30.877447,KXBTCD-25MAY2121-T108999.99,DELTA,86,2,89,69,850,yes,79,1000
2025-05-21T17:06:32.337735,KXBTCD-25MAY2121-T108999.99,DELTA,86,2,89,69,851,yes,83,100
2025-05-21T17:06:32.396602,KXBTCD-25MAY2121-T108999.99,DELTA,86,2,89,69,852,yes,79,-1000
2025-05-21T17:06:32.438709,KXBTCD-25MAY2121-T108999.99,DELTA,86,2,89,69,853,yes,84,1000
2025-05-21T17:06:32.438860,KXBTCD-25MAY2121-T108999.99,DELTA,86,2,89,69,854,yes,80,9
2025-05-21T17:06:33.820655,KXBTCD-25MAY2121-T108999.99,DELTA,86,2,89,69,855,no,5,-2000
2025-05-21T17:06:33.820897,KXBTCD-25MAY2121-T108999.99,DELTA,86,2,89,69,856,no,8,-1000
2025-05-21T17:06:33.838058,KXBTCD-25MAY2121-T108999.99,DELTA,86,2,89,69,857,no,6,-1250
2025-05-21T17:06:33.897325,KXBTCD-25MAY2121-T108999.99,DELTA,86,2,89,69,858,no,7,1250
2025-05-21T17:06:33.918718,KXBTCD-25MAY2121-T108999.99,DELTA,86,2,89,69,859,no,6,2000
2025-05-21T17:06:33.918813,KXBTCD-25MAY2121-T108999.99,DELTA,86,2,89,69,860,no,9,1000
2025-05-21T17:06:33.978983,KXBTCD-25MAY2121-T108999.99,DELTA,86,2,89,69,861,yes,80,-9
2025-05-21T17:06:34.201066,KXBTCD-25MAY2121-T108999.99,DELTA,86,2,88,250,862,no,12,250
2025-05-21T17:06:34.201170,KXBTCD-25MAY2121-T108999.99,DELTA,86,2,88,250,863,no,2,-250
2025-05-21T17:06:34.398039,KXBTCD-25MAY2121-T108999.99,DELTA,86,2,88,250,864,no,6,-2000
2025-05-21T17:06:34.477797,KXBTCD-25MAY2121-T108999.99,DELTA,86,2,88,250,865,no,9,-1000
2025-05-21T17:06:34.499787,KXBTCD-25MAY2121-T108999.99,DELTA,86,2,88,250,866,no,7,-1250
2025-05-21T17:06:34.808296,KXBTCD-25MAY2121-T108999.99,DELTA,86,2,88,250,867,no,7,2000
2025-05-21T17:06:34.808615,KXBTCD-25MAY2121-T108999.99,DELTA,86,2,88,250,868,yes,64,250
2025-05-21T17:06:34.808722,KXBTCD-25MAY2121-T108999.99,DELTA,86,2,88,250,869,no,8,1250
2025-05-21T17:06:34.808795,KXBTCD-25MAY2121-T108999.99,DELTA,86,2,88,250,870,yes,74,-250
2025-05-21T17:06:34.808862,KXBTCD-25MAY2121-T108999.99,DELTA,86,2,88,250,871,no,10,1000
2025-05-21T17:06:34.900198,KXBTCD-25MAY2121-T108999.99,DELTA,86,2,88,250,872,yes,75,-2000
2025-05-21T17:06:34.999876,KXBTCD-25MAY2121-T108999.99,DELTA,86,2,88,250,873,yes,75,-1250
2025-05-21T17:06:35.080635,KXBTCD-25MAY2121-T108999.99,DELTA,86,2,88,250,874,yes,73,1250
2025-05-21T17:06:35.080742,KXBTCD-25MAY2121-T108999.99,DELTA,86,2,88,250,875,yes,73,2000
2025-05-21T17:06:35.498742,KXBTCD-25MAY2121-T108999.99,DELTA,86,2,88,250,876,yes,78,-69
2025-05-21T17:06:35.498856,KXBTCD-25MAY2121-T108999.99,DELTA,86,2,88,250,877,yes,77,69
2025-05-21T17:06:35.699179,KXBTCD-25MAY2121-T108999.99,DELTA,86,2,88,250,878,no,7,-2000
2025-05-21T17:06:35.900003,KXBTCD-25MAY2121-T108999.99,DELTA,86,2,88,250,879,no,10,-1000
2025-05-21T17:06:35.977728,KXBTCD-25MAY2121-T108999.99,DELTA,86,2,88,250,880,no,8,-1250
2025-05-21T17:06:36.179808,KXBTCD-25MAY2121-T108999.99,DELTA,86,2,88,250,881,no,7,1250
2025-05-21T17:06:36.179929,KXBTCD-25MAY2121-T108999.99,DELTA,86,2,88,250,882,no,6,2000
2025-05-21T17:06:36.180011,KXBTCD-25MAY2121-T108999.99,DELTA,86,2,88,250,883,no,9,1000
2025-05-21T17:06:36.198588,KXBTCD-25MAY2121-T108999.99,DELTA,86,2,88,250,884,no,10,-100
2025-05-21T17:06:36.297222,KXBTCD-25MAY2121-T108999.99,DELTA,86,2,88,250,885,yes,83,-100
2025-05-21T17:06:36.471063,KXBTCD-25MAY2121-T108999.99,DELTA,86,2,88,250,886,no,6,-2000
2025-05-21T17:06:36.652703,KXBTCD-25MAY2121-T108999.99,DELTA,86,2,88,250,887,yes,84,-1000
2025-05-21T17:06:36.654051,KXBTCD-25MAY2121-T108999.99,DELTA,86,2,88,250,888,no,9,-1000
2025-05-21T17:06:36.668927,KXBTCD-25MAY2121-T108999.99,DELTA,86,2,88,250,889,yes,78,1000
2025-05-21T17:06:36.877724,KXBTCD-25MAY2121-T108999.99,DELTA,86,2,88,250,890,no,7,-1250
2025-05-21T17:06:36.879548,KXBTCD-25MAY2121-T108999.99,DELTA,86,2,88,250,891,no,11,-69
2025-05-21T17:06:36.879631,KXBTCD-25MAY2121-T108999.99,DELTA,86,2,88,319,892,no,12,69
2025-05-21T17:06:37.000654,KXBTCD-25MAY2121-T108999.99,DELTA,86,2,88,319,893,no,10,1000
2025-05-21T17:06:37.000771,KXBTCD-25MAY2121-T108999.99,DELTA,86,2,88,319,894,no,7,2000
2025-05-21T17:06:37.000845,KXBTCD-25MAY2121-T108999.99,DELTA,86,2,88,319,895,no,8,1250
2025-05-21T17:06:38.180948,KXBTCD-25MAY2121-T108999.99,DELTA,86,2,88,319,896,no,11,100
2025-05-21T17:06:38.197896,KXBTCD-25MAY2121-T108999.99,DELTA,86,2,88,319,897,yes,81,100
2025-05-21T17:06:38.298097,KXBTCD-25MAY2121-T108999.99,DELTA,86,2,88,319,898,yes,78,-1000
2025-05-21T17:06:38.368667,KXBTCD-25MAY2121-T108999.99,DELTA,86,2,88,319,899,yes,82,1000
2025-05-21T17:06:41.158781,KXBTCD-25MAY2121-T108999.99,DELTA,86,2,88,319,900,no,7,-2000
2025-05-21T17:06:41.158902,KXBTCD-25MAY2121-T108999.99,DELTA,86,2,88,319,901,no,10,-1000
2025-05-21T17:06:41.178331,KXBTCD-25MAY2121-T108999.99,DELTA,86,2,88,319,902,no,8,-1250
2025-05-21T17:06:41.257678,KXBTCD-25MAY2121-T108999.99,DELTA,86,2,88,319,903,no,7,1250
2025-05-21T17:06:41.257808,KXBTCD-25MAY2121-T108999.99,DELTA,86,2,88,319,904,no,9,1000
2025-05-21T17:06:41.257884,KXBTCD-25MAY2121-T108999.99,DELTA,86,2,88,319,905,no,6,2000
2025-05-21T17:06:42.537535,KXBTCD-25MAY2121-T108999.99,DELTA,86,2,88,319,906,no,6,-2000
2025-05-21T17:06:42.557622,KXBTCD-25MAY2121-T108999.99,DELTA,86,2,88,319,907,no,9,-1000
2025-05-21T17:06:42.558811,KXBTCD-25MAY2121-T108999.99,DELTA,86,2,88,319,908,no,7,-1250
2025-05-21T17:06:42.638542,KXBTCD-25MAY2121-T108999.99,DELTA,86,2,88,319,909,no,7,2000
2025-05-21T17:06:42.638655,KXBTCD-25MAY2121-T108999.99,DELTA,86,2,88,319,910,no,8,1250
2025-05-21T17:06:42.638735,KXBTCD-25MAY2121-T108999.99,DELTA,86,2,88,319,911,no,10,1000
2025-05-21T17:06:44.519591,KXBTCD-25MAY2121-T108999.99,DELTA,86,2,88,319,912,no,7,-2000
2025-05-21T17:06:44.519746,KXBTCD-25MAY2121-T108999.99,DELTA,86,2,88,319,913,no,10,-1000
2025-05-21T17:06:44.537961,KXBTCD-25MAY2121-T108999.99,DELTA,86,2,88,319,914,no,8,-1250
2025-05-21T17:06:44.619334,KXBTCD-25MAY2121-T108999.99,DELTA,86,2,88,319,915,no,9,1000
2025-05-21T17:06:44.619441,KXBTCD-25MAY2121-T108999.99,DELTA,86,2,88,319,916,no,7,1250
2025-05-21T17:06:44.619505,KXBTCD-25MAY2121-T108999.99,DELTA,86,2,88,319,917,no,6,2000
2025-05-21T17:06:45.077846,KXBTCD-25MAY2121-T108999.99,DELTA,86,2,88,319,918,no,6,-2000
2025-05-21T17:06:45.097459,KXBTCD-25MAY2121-T108999.99,DELTA,86,2,88,319,919,no,9,-1000
2025-05-21T17:06:45.098126,KXBTCD-25MAY2121-T108999.99,DELTA,86,2,88,319,920,no,7,-1250
2025-05-21T17:06:45.177623,KXBTCD-25MAY2121-T108999.99,DELTA,86,2,88,319,921,no,6,2000
2025-05-21T17:06:45.177791,KXBTCD-25MAY2121-T108999.99,DELTA,86,2,88,319,922,no,9,1000
2025-05-21T17:06:45.177863,KXBTCD-25MAY2121-T108999.99,DELTA,86,2,88,319,923,no,7,1250
2025-05-21T17:06:47.417468,KXBTCD-25MAY2121-T108999.99,DELTA,86,2,88,319,924,no,6,-2000
2025-05-21T17:06:47.438116,KXBTCD-25MAY2121-T108999.99,DELTA,86,2,88,319,925,no,9,-1000
2025-05-21T17:06:47.438960,KXBTCD-25MAY2121-T108999.99,DELTA,86,2,88,319,926,no,7,-1250
2025-05-21T17:06:47.477732,KXBTCD-25MAY2121-T108999.99,DELTA,86,2,88,319,927,no,6,2000
2025-05-21T17:06:47.498845,KXBTCD-25MAY2121-T108999.99,DELTA,86,2,88,319,928,no,9,1000
2025-05-21T17:06:47.498996,KXBTCD-25MAY2121-T108999.99,DELTA,86,2,88,319,929,no,7,1250
2025-05-21T17:06:47.598679,KXBTCD-25MAY2121-T108999.99,DELTA,86,2,88,319,930,no,6,-2000
2025-05-21T17:06:47.619261,KXBTCD-25MAY2121-T108999.99,DELTA,86,2,88,319,931,no,9,-1000
2025-05-21T17:06:47.619515,KXBTCD-25MAY2121-T108999.99,DELTA,86,2,88,319,932,no,7,-1250
2025-05-21T17:06:47.679363,KXBTCD-25MAY2121-T108999.99,DELTA,86,2,88,319,933,no,6,2000
2025-05-21T17:06:47.679560,KXBTCD-25MAY2121-T108999.99,DELTA,86,2,88,319,934,no,9,1000
2025-05-21T17:06:47.679833,KXBTCD-25MAY2121-T108999.99,DELTA,86,2,88,319,935,no,7,1250
2025-05-21T17:06:47.739525,KXBTCD-25MAY2121-T108999.99,DELTA,86,2,88,319,936,no,6,-2000
2025-05-21T17:06:47.739833,KXBTCD-25MAY2121-T108999.99,DELTA,86,2,88,319,937,no,9,-1000
2025-05-21T17:06:47.758513,KXBTCD-25MAY2121-T108999.99,DELTA,86,2,88,319,938,no,7,-1250
2025-05-21T17:06:47.818285,KXBTCD-25MAY2121-T108999.99,DELTA,86,2,88,319,939,no,8,1250
2025-05-21T17:06:47.818438,KXBTCD-25MAY2121-T108999.99,DELTA,86,2,88,319,940,no,7,2000
2025-05-21T17:06:47.818519,KXBTCD-25MAY2121-T108999.99,DELTA,86,2,88,319,941,no,10,1000
2025-05-21T17:06:50.098674,KXBTCD-25MAY2121-T108999.99,DELTA,86,2,88,319,942,no,11,-100
2025-05-21T17:06:50.738754,KXBTCD-25MAY2121-T108999.99,DELTA,86,2,88,319,943,no,7,-2000
2025-05-21T17:06:50.759681,KXBTCD-25MAY2121-T108999.99,DELTA,86,2,88,319,944,no,10,-1000
2025-05-21T17:06:50.759802,KXBTCD-25MAY2121-T108999.99,DELTA,86,2,88,319,945,no,8,-1250
2025-05-21T17:06:50.860555,KXBTCD-25MAY2121-T108999.99,DELTA,86,2,88,319,946,no,8,2000
2025-05-21T17:06:50.860697,KXBTCD-25MAY2121-T108999.99,DELTA,86,2,88,319,947,no,9,1250
2025-05-21T17:06:50.860765,KXBTCD-25MAY2121-T108999.99,DELTA,86,2,88,319,948,no,11,1000
2025-05-21T17:06:51.239365,KXBTCD-25MAY2121-T108999.99,DELTA,86,2,88,319,949,yes,77,-69
2025-05-21T17:06:51.239598,KXBTCD-25MAY2121-T108999.99,DELTA,86,2,88,319,950,yes,76,69
2025-05-21T17:06:51.397738,KXBTCD-25MAY2121-T108999.99,DELTA,86,2,88,419,951,no,12,100
2025-05-21T17:06:51.697859,KXBTCD-25MAY2121-T108999.99,DELTA,86,2,88,419,952,no,8,-2000
2025-05-21T17:06:51.718645,KXBTCD-25MAY2121-T108999.99,DELTA,86,2,88,419,953,no,11,-1000
2025-05-21T17:06:51.718751,KXBTCD-25MAY2121-T108999.99,DELTA,86,2,88,419,954,no,9,-1250
2025-05-21T17:06:51.778272,KXBTCD-25MAY2121-T108999.99,DELTA,86,2,88,419,955,no,9,2000
2025-05-21T17:06:51.778405,KXBTCD-25MAY2121-T108999.99,DELTA,86,2,88,1419,956,no,12,1000
2025-05-21T17:06:51.779486,KXBTCD-25MAY2121-T108999.99,DELTA,86,2,88,1419,957,no,10,1250
2025-05-21T17:06:52.038665,KXBTCD-25MAY2121-T108999.99,DELTA,86,2,88,1350,958,no,12,-69
2025-05-21T17:06:52.038816,KXBTCD-25MAY2121-T108999.99,DELTA,86,2,87,69,959,no,13,69
2025-05-21T17:06:52.139282,KXBTCD-25MAY2121-T108999.99,DELTA,86,2,87,69,960,yes,72,-250
2025-05-21T17:06:52.157285,KXBTCD-25MAY2121-T108999.99,DELTA,86,2,87,69,961,yes,62,250
2025-05-21T17:06:52.198631,KXBTCD-25MAY2121-T108999.99,DELTA,86,2,87,69,962,yes,73,-2000
2025-05-21T17:06:52.218485,KXBTCD-25MAY2121-T108999.99,DELTA,86,2,87,69,963,yes,73,-1250
2025-05-21T17:06:52.278047,KXBTCD-25MAY2121-T108999.99,DELTA,86,2,87,69,964,yes,71,2000
2025-05-21T17:06:52.278167,KXBTCD-25MAY2121-T108999.99,DELTA,86,2,87,69,965,yes,71,1250
2025-05-21T17:06:52.318165,KXBTCD-25MAY2121-T108999.99,DELTA,86,2,87,69,966,yes,81,-100
2025-05-21T17:06:52.338843,KXBTCD-25MAY2121-T108999.99,DELTA,86,2,87,69,967,no,12,-100
2025-05-21T17:06:52.437097,KXBTCD-25MAY2121-T108999.99,DELTA,86,2,87,69,968,yes,82,-1000
2025-05-21T17:06:52.477589,KXBTCD-25MAY2121-T108999.99,DELTA,86,2,87,69,969,yes,77,1000
2025-05-21T17:06:52.698393,KXBTCD-25MAY2121-T108999.99,DELTA,86,2,87,69,970,yes,76,-69
2025-05-21T17:06:52.698611,KXBTCD-25MAY2121-T108999.99,DELTA,86,2,87,69,971,yes,75,69
2025-05-21T17:06:52.778696,KXBTCD-25MAY2121-T108999.99,DELTA,86,2,87,69,972,yes,77,-1000
2025-05-21T17:06:52.798000,KXBTCD-25MAY2121-T108999.99,DELTA,86,2,88,1250,973,no,13,-69
2025-05-21T17:06:52.798135,KXBTCD-25MAY2121-T108999.99,DELTA,86,2,88,1319,974,no,12,69
2025-05-21T17:06:52.839070,KXBTCD-25MAY2121-T108999.99,DELTA,86,2,88,1319,975,yes,76,1000
2025-05-21T17:06:53.376901,KXBTCD-25MAY2121-T108999.99,DELTA,86,2,87,100,976,no,13,100
2025-05-21T17:06:54.178498,KXBTCD-25MAY2121-T108999.99,DELTA,86,2,87,100,977,yes,79,100
2025-05-21T17:06:54.238672,KXBTCD-25MAY2121-T108999.99,DELTA,86,2,87,100,978,yes,76,-1000
2025-05-21T17:06:54.318405,KXBTCD-25MAY2121-T108999.99,DELTA,86,2,87,100,979,yes,80,1000
2025-05-21T17:06:54.577062,KXBTCD-25MAY2121-T108999.99,DELTA,86,2,87,100,980,no,9,-2000
2025-05-21T17:06:54.597323,KXBTCD-25MAY2121-T108999.99,DELTA,86,2,87,100,981,no,12,-1000
2025-05-21T17:06:54.597456,KXBTCD-25MAY2121-T108999.99,DELTA,86,2,87,100,982,no,10,-1250
2025-05-21T17:06:54.817851,KXBTCD-25MAY2121-T108999.99,DELTA,86,2,87,100,983,no,9,1250
2025-05-21T17:06:54.817971,KXBTCD-25MAY2121-T108999.99,DELTA,86,2,87,100,984,no,11,1000
2025-05-21T17:06:54.836845,KXBTCD-25MAY2121-T108999.99,DELTA,86,2,87,100,985,no,8,2000
2025-05-21T17:06:55.078673,KXBTCD-25MAY2121-T108999.99,DELTA,86,2,87,100,986,no,12,-69
2025-05-21T17:06:55.078785,KXBTCD-25MAY2121-T108999.99,DELTA,86,2,87,169,987,no,13,69
2025-05-21T17:06:55.178315,KXBTCD-25MAY2121-T108999.99,DELTA,86,2,87,169,988,yes,62,-250
2025-05-21T17:06:55.178424,KXBTCD-25MAY2121-T108999.99,DELTA,86,2,87,169,989,yes,72,250
2025-05-21T17:06:55.258324,KXBTCD-25MAY2121-T108999.99,DELTA,86,2,87,169,990,yes,71,-2000
2025-05-21T17:06:55.258445,KXBTCD-25MAY2121-T108999.99,DELTA,86,2,87,169,991,yes,71,-1250
2025-05-21T17:06:55.338247,KXBTCD-25MAY2121-T108999.99,DELTA,86,2,87,169,992,yes,73,2000
2025-05-21T17:06:55.338356,KXBTCD-25MAY2121-T108999.99,DELTA,86,2,87,169,993,yes,73,1250
2025-05-21T17:06:55.357705,KXBTCD-25MAY2121-T108999.99,DELTA,86,2,87,169,994,yes,79,-100
2025-05-21T17:06:55.417831,KXBTCD-25MAY2121-T108999.99,DELTA,86,2,87,169,995,yes,80,-1000
2025-05-21T17:06:55.459507,KXBTCD-25MAY2121-T108999.99,DELTA,86,2,87,169,996,yes,76,1000
2025-05-21T17:06:56.577021,KXBTCD-25MAY2121-T108999.99,DELTA,86,2,87,169,997,yes,75,-69
2025-05-21T17:06:56.577175,KXBTCD-25MAY2121-T108999.99,DELTA,86,2,87,169,998,yes,76,69
2025-05-21T17:06:56.639186,KXBTCD-25MAY2121-T108999.99,DELTA,86,2,87,169,999,yes,76,-1000
2025-05-21T17:06:56.697264,KXBTCD-25MAY2121-T108999.99,DELTA,86,2,87,169,1000,yes,77,1000
2025-05-21T17:06:56.978247,KXBTCD-25MAY2121-T108999.99,DELTA,86,2,87,169,1001,yes,80,100
2025-05-21T17:06:57.038059,KXBTCD-25MAY2121-T108999.99,DELTA,86,2,87,169,1002,yes,77,-1000
2025-05-21T17:06:57.097708,KXBTCD-25MAY2121-T108999.99,DELTA,86,2,87,169,1003,yes,81,1000
2025-05-21T17:07:00.818285,KXBTCD-25MAY2121-T108999.99,DELTA,86,2,87,169,1004,no,8,-2000
2025-05-21T17:07:00.840601,KXBTCD-25MAY2121-T108999.99,DELTA,86,2,87,169,1005,no,11,-1000
2025-05-21T17:07:00.840690,KXBTCD-25MAY2121-T108999.99,DELTA,86,2,87,169,1006,no,9,-1250
2025-05-21T17:07:01.040269,KXBTCD-25MAY2121-T108999.99,DELTA,86,2,87,169,1007,no,11,1000
2025-05-21T17:07:01.040368,KXBTCD-25MAY2121-T108999.99,DELTA,86,2,87,169,1008,no,8,2000
2025-05-21T17:07:01.040431,KXBTCD-25MAY2121-T108999.99,DELTA,86,2,87,169,1009,no,9,1250
2025-05-21T17:07:01.237620,KXBTCD-25MAY2121-T108999.99,DELTA,86,2,87,169,1010,no,8,-2000
2025-05-21T17:07:01.259357,KXBTCD-25MAY2121-T108999.99,DELTA,86,2,87,169,1011,no,11,-1000
2025-05-21T17:07:01.259451,KXBTCD-25MAY2121-T108999.99,DELTA,86,2,87,169,1012,no,9,-1250
2025-05-21T17:07:01.397674,KXBTCD-25MAY2121-T108999.99,DELTA,86,2,87,169,1013,no,9,2000
2025-05-21T17:07:01.398446,KXBTCD-25MAY2121-T108999.99,DELTA,86,2,87,169,1014,no,12,1000
2025-05-21T17:07:01.398533,KXBTCD-25MAY2121-T108999.99,DELTA,86,2,87,169,1015,no,10,1250
2025-05-21T17:07:01.498198,KXBTCD-25MAY2121-T108999.99,DELTA,86,2,87,169,1016,no,9,-2000
2025-05-21T17:07:01.518156,KXBTCD-25MAY2121-T108999.99,DELTA,86,2,87,169,1017,no,12,-1000
2025-05-21T17:07:01.519281,KXBTCD-25MAY2121-T108999.99,DELTA,86,2,87,169,1018,no,10,-1250
2025-05-21T17:07:01.656996,KXBTCD-25MAY2121-T108999.99,DELTA,86,2,87,169,1019,yes,76,-69
2025-05-21T17:07:01.657151,KXBTCD-25MAY2121-T108999.99,DELTA,86,2,87,169,1020,yes,75,69
2025-05-21T17:07:01.758682,KXBTCD-25MAY2121-T108999.99,DELTA,86,2,87,169,1021,no,8,2000
2025-05-21T17:07:01.778789,KXBTCD-25MAY2121-T108999.99,DELTA,86,2,87,169,1022,no,11,1000
2025-05-21T17:07:01.957177,KXBTCD-25MAY2121-T108999.99,DELTA,86,2,87,169,1023,no,9,1250
2025-05-21T17:07:03.178013,KXBTCD-25MAY2121-T108999.99,DELTA,86,2,87,169,1024,yes,72,-250
2025-05-21T17:07:03.197274,KXBTCD-25MAY2121-T108999.99,DELTA,86,2,87,169,1025,yes,62,250
2025-05-21T17:07:03.258079,KXBTCD-25MAY2121-T108999.99,DELTA,86,2,87,169,1026,yes,73,-2000
2025-05-21T17:07:03.259221,KXBTCD-25MAY2121-T108999.99,DELTA,86,2,87,169,1027,yes,73,-1250
2025-05-21T17:07:03.318205,KXBTCD-25MAY2121-T108999.99,DELTA,86,2,87,169,1028,yes,71,2000
2025-05-21T17:07:03.318317,KXBTCD-25MAY2121-T108999.99,DELTA,86,2,87,169,1029,yes,71,1250
2025-05-21T17:07:04.778522,KXBTCD-25MAY2121-T108999.99,DELTA,86,2,87,169,1030,no,8,-2000
2025-05-21T17:07:04.779261,KXBTCD-25MAY2121-T108999.99,DELTA,86,2,87,169,1031,no,11,-1000
2025-05-21T17:07:04.799706,KXBTCD-25MAY2121-T108999.99,DELTA,86,2,87,169,1032,no,9,-1250
2025-05-21T17:07:04.958758,KXBTCD-25MAY2121-T108999.99,DELTA,86,2,87,169,1033,no,12,1000
2025-05-21T17:07:04.958860,KXBTCD-25MAY2121-T108999.99,DELTA,86,2,87,169,1034,no,9,2000
2025-05-21T17:07:04.958931,KXBTCD-25MAY2121-T108999.99,DELTA,86,2,87,169,1035,no,10,1250
2025-05-21T17:07:06.141339,KXBTCD-25MAY2121-T108999.99,DELTA,86,1,87,169,1036,yes,86,-1
2025-05-21T17:07:06.141484,KXBTCD-25MAY2121-T108999.99,DELTA,81,1000,87,169,1037,yes,86,-1
2025-05-21T17:07:06.198008,KXBTCD-25MAY2121-T108999.99,DELTA,81,1000,87,169,1038,yes,73,1
2025-05-21T17:07:06.198160,KXBTCD-25MAY2121-T108999.99,DELTA,81,1000,87,169,1039,no,4,-250
2025-05-21T17:07:06.198235,KXBTCD-25MAY2121-T108999.99,DELTA,81,1000,87,169,1040,yes,73,1
2025-05-21T17:07:06.217562,KXBTCD-25MAY2121-T108999.99,DELTA,81,1000,86,250,1041,no,14,250
2025-05-21T17:07:06.301431,KXBTCD-25MAY2121-T108999.99,DELTA,81,1000,86,250,1042,yes,80,-100
2025-05-21T17:07:06.358017,KXBTCD-25MAY2121-T108999.99,DELTA,75,69,86,250,1043,yes,81,-1000
2025-05-21T17:07:06.417943,KXBTCD-25MAY2121-T108999.99,DELTA,76,1000,86,250,1044,yes,76,1000
2025-05-21T17:07:06.478153,KXBTCD-25MAY2121-T108999.99,DELTA,76,1000,86,250,1045,yes,73,-1
2025-05-21T17:07:06.478265,KXBTCD-25MAY2121-T108999.99,DELTA,76,1000,86,250,1046,yes,73,-1
2025-05-21T17:07:06.503868,KXBTCD-25MAY2121-T108999.99,DELTA,76,1000,86,250,1047,no,9,-2000
2025-05-21T17:07:06.519589,KXBTCD-25MAY2121-T108999.99,DELTA,76,1000,86,250,1048,no,12,-1000
2025-05-21T17:07:06.519715,KXBTCD-25MAY2121-T108999.99,DELTA,76,1000,86,250,1049,no,10,-1250
2025-05-21T17:07:06.559842,KXBTCD-25MAY2121-T108999.99,DELTA,76,1000,86,250,1050,yes,74,2
2025-05-21T17:07:06.658883,KXBTCD-25MAY2121-T108999.99,DELTA,76,1000,86,250,1051,no,8,2000
2025-05-21T17:07:06.659005,KXBTCD-25MAY2121-T108999.99,DELTA,76,1000,86,250,1052,no,11,1000
2025-05-21T17:07:06.698218,KXBTCD-25MAY2121-T108999.99,DELTA,76,1000,86,250,1053,no,9,1250
2025-05-21T17:07:06.858516,KXBTCD-25MAY2121-T108999.99,DELTA,76,1000,86,250,1054,yes,75,-69
2025-05-21T17:07:06.858634,KXBTCD-25MAY2121-T108999.99,DELTA,76,1000,86,250,1055,yes,74,69
2025-05-21T17:07:06.973600,KXBTCD-25MAY2121-T108999.99,DELTA,74,71,86,250,1056,yes,76,-1000
2025-05-21T17:07:06.997903,KXBTCD-25MAY2121-T108999.99,DELTA,75,1000,86,250,1057,yes,75,1000
2025-05-21T17:07:07.018371,KXBTCD-25MAY2121-T108999.99,DELTA,75,1000,86,250,1058,no,4,250
2025-05-21T17:07:07.018511,KXBTCD-25MAY2121-T108999.99,DELTA,75,1000,87,169,1059,no,14,-250
2025-05-21T17:07:07.378962,KXBTCD-25MAY2121-T108999.99,DELTA,79,100,87,169,1060,yes,79,100
2025-05-21T17:07:07.438129,KXBTCD-25MAY2121-T108999.99,DELTA,79,100,87,169,1061,yes,75,-1000
2025-05-21T17:07:07.498315,KXBTCD-25MAY2121-T108999.99,DELTA,80,1000,87,169,1062,yes,80,1000
2025-05-21T17:07:07.919078,KXBTCD-25MAY2121-T108999.99,DELTA,80,1000,87,169,1063,yes,79,-100
2025-05-21T17:07:07.980921,KXBTCD-25MAY2121-T108999.99,DELTA,74,71,87,169,1064,yes,80,-1000
2025-05-21T17:07:08.020029,KXBTCD-25MAY2121-T108999.99,DELTA,75,1000,87,169,1065,yes,75,1000
2025-05-21T17:07:08.137689,KXBTCD-25MAY2121-T108999.99,DELTA,75,1000,87,169,1066,yes,62,-250
2025-05-21T17:07:08.137809,KXBTCD-25MAY2121-T108999.99,DELTA,75,1000,87,169,1067,yes,72,250
2025-05-21T17:07:08.180624,KXBTCD-25MAY2121-T108999.99,DELTA,75,1000,87,100,1068,no,13,-69
2025-05-21T17:07:08.180779,KXBTCD-25MAY2121-T108999.99,DELTA,75,1000,85,69,1069,no,15,69
2025-05-21T17:07:08.217981,KXBTCD-25MAY2121-T108999.99,DELTA,75,1000,85,69,1070,yes,71,-2000
2025-05-21T17:07:08.238214,KXBTCD-25MAY2121-T108999.99,DELTA,75,1000,85,69,1071,yes,71,-1250
2025-05-21T17:07:08.337869,KXBTCD-25MAY2121-T108999.99,DELTA,75,1000,85,69,1072,yes,73,1250
2025-05-21T17:07:08.339139,KXBTCD-25MAY2121-T108999.99,DELTA,75,1000,85,69,1073,no,8,-2000
2025-05-21T17:07:08.339276,KXBTCD-25MAY2121-T108999.99,DELTA,75,1000,85,69,1074,yes,73,2000
2025-05-21T17:07:08.339351,KXBTCD-25MAY2121-T108999.99,DELTA,75,1000,85,69,1075,no,11,-1000
2025-05-21T17:07:08.358428,KXBTCD-25MAY2121-T108999.99,DELTA,75,1000,85,69,1076,no,9,-1250
2025-05-21T17:07:08.437790,KXBTCD-25MAY2121-T108999.99,DELTA,75,1000,85,69,1077,no,10,1250
2025-05-21T17:07:08.437928,KXBTCD-25MAY2121-T108999.99,DELTA,75,1000,85,69,1078,no,12,1000
2025-05-21T17:07:08.438005,KXBTCD-25MAY2121-T108999.99,DELTA,75,1000,85,69,1079,no,9,2000
2025-05-21T17:07:08.858580,KXBTCD-25MAY2121-T108999.99,DELTA,75,1000,87,100,1080,no,15,-69
2025-05-21T17:07:08.858709,KXBTCD-25MAY2121-T108999.99,DELTA,75,1000,86,69,1081,no,14,69
2025-05-21T17:07:09.157714,KXBTCD-25MAY2121-T108999.99,DELTA,75,1000,86,69,1082,yes,72,-250
2025-05-21T17:07:09.159052,KXBTCD-25MAY2121-T108999.99,DELTA,75,1000,86,69,1083,yes,62,250
2025-05-21T17:07:09.218027,KXBTCD-25MAY2121-T108999.99,DELTA,75,1000,86,69,1084,yes,73,-2000
2025-05-21T17:07:09.240533,KXBTCD-25MAY2121-T108999.99,DELTA,75,1000,86,69,1085,yes,73,-1250
2025-05-21T17:07:09.278739,KXBTCD-25MAY2121-T108999.99,DELTA,75,1000,86,69,1086,yes,71,1250
2025-05-21T17:07:09.278911,KXBTCD-25MAY2121-T108999.99,DELTA,75,1000,86,69,1087,yes,71,2000
2025-05-21T17:07:09.438243,KXBTCD-25MAY2121-T108999.99,DELTA,80,100,86,69,1088,yes,80,100
2025-05-21T17:07:09.497943,KXBTCD-25MAY2121-T108999.99,DELTA,80,100,86,69,1089,yes,75,-1000
2025-05-21T17:07:09.545051,KXBTCD-25MAY2121-T108999.99,DELTA,81,1000,86,69,1090,yes,81,1000
2025-05-21T17:07:09.737085,KXBTCD-25MAY2121-T108999.99,DELTA,81,1000,86,69,1091,yes,74,-69
2025-05-21T17:07:09.737302,KXBTCD-25MAY2121-T108999.99,DELTA,81,1000,86,69,1092,yes,75,69
2025-05-21T17:07:10.138030,KXBTCD-25MAY2121-T108999.99,DELTA,81,1000,86,319,1093,no,14,250
2025-05-21T17:07:10.138209,KXBTCD-25MAY2121-T108999.99,DELTA,81,1000,86,319,1094,no,4,-250
2025-05-21T17:07:10.958590,KXBTCD-25MAY2121-T108999.99,DELTA,81,1000,86,319,1095,no,9,-2000
2025-05-21T17:07:10.958725,KXBTCD-25MAY2121-T108999.99,DELTA,81,1000,86,319,1096,no,12,-1000
2025-05-21T17:07:10.979053,KXBTCD-25MAY2121-T108999.99,DELTA,81,1000,86,319,1097,no,10,-1250
2025-05-21T17:07:11.118514,KXBTCD-25MAY2121-T108999.99,DELTA,81,1000,86,319,1098,no,9,1250
2025-05-21T17:07:11.118652,KXBTCD-25MAY2121-T108999.99,DELTA,81,1000,86,319,1099,no,11,1000
2025-05-21T17:07:11.118725,KXBTCD-25MAY2121-T108999.99,DELTA,81,1000,86,319,1100,no,8,2000
2025-05-21T17:07:11.159982,KXBTCD-25MAY2121-T108999.99,DELTA,81,1000,86,319,1101,yes,62,-250
2025-05-21T17:07:11.160093,KXBTCD-25MAY2121-T108999.99,DELTA,81,1000,86,319,1102,yes,72,250
2025-05-21T17:07:11.160161,KXBTCD-25MAY2121-T108999.99,DELTA,81,1000,86,319,1103,no,4,250
2025-05-21T17:07:11.160218,KXBTCD-25MAY2121-T108999.99,DELTA,81,1000,86,69,1104,no,14,-250
2025-05-21T17:07:11.217710,KXBTCD-25MAY2121-T108999.99,DELTA,81,1000,86,69,1105,yes,71,-2000
2025-05-21T17:07:11.237969,KXBTCD-25MAY2121-T108999.99,DELTA,81,1000,86,69,1106,yes,71,-1250
2025-05-21T17:07:11.300659,KXBTCD-25MAY2121-T108999.99,DELTA,81,1000,86,69,1107,yes,73,2000
2025-05-21T17:07:11.300828,KXBTCD-25MAY2121-T108999.99,DELTA,81,1000,86,69,1108,yes,73,1250
2025-05-21T17:07:16.179574,KXBTCD-25MAY2121-T108999.99,DELTA,81,1000,86,69,1109,yes,74,-2
