timestamp,market_ticker,type,yes_bid_price_cents,yes_bid_qty,yes_ask_price_cents,yes_ask_qty_on_no_side,sequence_num,delta_side,delta_price_cents,delta_quantity
2025-05-20T15:17:36.279452,KXBTCD-25MAY2019-T106249.99,SNAPSHOT,46,1025,57,4250,1,,,
2025-05-20T15:17:36.559981,KXBTCD-25MAY2019-T106249.99,DELTA,46,1125,57,4250,2,yes,46,100
2025-05-20T15:17:36.621713,KXBTCD-25MAY2019-T106249.99,DELTA,46,125,57,4250,3,yes,46,-1000
2025-05-20T15:17:36.657374,KXBTCD-25MAY2019-T106249.99,DELTA,47,1000,57,4250,4,yes,47,1000
2025-05-20T15:17:36.697610,KXBTCD-25MAY2019-T106249.99,DELTA,46,125,57,4250,5,yes,47,-1000
2025-05-20T15:17:36.738122,KXBTCD-25MAY2019-T106249.99,DELTA,46,1125,57,4250,6,yes,46,1000
2025-05-20T15:17:37.000453,KXBTCD-25MAY2019-T106249.99,DELTA,46,125,57,4250,7,yes,46,-1000
2025-05-20T15:17:37.039271,KXBTCD-25MAY2019-T106249.99,DELTA,47,1000,57,4250,8,yes,47,1000
2025-05-20T15:17:37.146315,KXBTCD-25MAY2019-T106249.99,DELTA,47,1000,57,4250,9,yes,45,-4200
2025-05-20T15:17:37.146544,KXBTCD-25MAY2019-T106249.99,DELTA,46,125,57,4250,10,yes,47,-1000
2025-05-20T15:17:37.146896,KXBTCD-25MAY2019-T106249.99,DELTA,46,4325,57,4250,11,yes,46,4200
2025-05-20T15:17:37.178142,KXBTCD-25MAY2019-T106249.99,DELTA,46,5325,57,4250,12,yes,46,1000
2025-05-20T15:17:37.178504,KXBTCD-25MAY2019-T106249.99,DELTA,46,5325,57,4250,13,yes,45,-20000
2025-05-20T15:17:37.238999,KXBTCD-25MAY2019-T106249.99,DELTA,46,5325,57,4250,14,yes,7,20000
2025-05-20T15:17:37.358552,KXBTCD-25MAY2019-T106249.99,DELTA,46,5225,57,4250,15,yes,46,-100
2025-05-20T15:17:37.359645,KXBTCD-25MAY2019-T106249.99,DELTA,46,4225,57,4250,16,yes,46,-1000
2025-05-20T15:17:37.399331,KXBTCD-25MAY2019-T106249.99,DELTA,47,1000,57,4250,17,yes,47,1000
2025-05-20T15:17:37.439607,KXBTCD-25MAY2019-T106249.99,DELTA,47,1000,57,3000,18,no,43,-1250
2025-05-20T15:17:37.480123,KXBTCD-25MAY2019-T106249.99,DELTA,47,1000,57,3000,19,no,42,1250
2025-05-20T15:17:37.519683,KXBTCD-25MAY2019-T106249.99,DELTA,47,1000,57,3000,20,yes,46,-4200
2025-05-20T15:17:37.579369,KXBTCD-25MAY2019-T106249.99,DELTA,47,1000,57,3000,21,yes,7,-20000
2025-05-20T15:17:37.580272,KXBTCD-25MAY2019-T106249.99,DELTA,47,5200,57,3000,22,yes,47,4200
2025-05-20T15:17:37.580893,KXBTCD-25MAY2019-T106249.99,DELTA,47,5200,57,3000,23,yes,42,-1250
2025-05-20T15:17:37.599232,KXBTCD-25MAY2019-T106249.99,DELTA,47,4200,57,3000,24,yes,47,-1000
2025-05-20T15:17:37.638091,KXBTCD-25MAY2019-T106249.99,DELTA,47,4200,57,3000,25,yes,7,20000
2025-05-20T15:17:37.638421,KXBTCD-25MAY2019-T106249.99,DELTA,47,4200,57,3000,26,yes,43,1250
2025-05-20T15:17:37.659606,KXBTCD-25MAY2019-T106249.99,DELTA,47,5200,57,3000,27,yes,47,1000
2025-05-20T15:17:38.150477,KXBTCD-25MAY2019-T106249.99,DELTA,47,4200,57,3000,28,yes,47,-1000
2025-05-20T15:17:38.150719,KXBTCD-25MAY2019-T106249.99,DELTA,47,4200,57,3000,29,yes,43,-1250
2025-05-20T15:17:38.151059,KXBTCD-25MAY2019-T106249.99,DELTA,47,4200,57,3000,30,no,42,-1250
2025-05-20T15:17:38.158385,KXBTCD-25MAY2019-T106249.99,DELTA,47,4200,57,3000,31,yes,42,1250
2025-05-20T15:17:38.158510,KXBTCD-25MAY2019-T106249.99,DELTA,47,4200,57,3000,32,yes,45,1000
2025-05-20T15:17:38.158613,KXBTCD-25MAY2019-T106249.99,DELTA,47,4200,57,4250,33,no,43,1250
2025-05-20T15:17:38.199207,KXBTCD-25MAY2019-T106249.99,DELTA,47,4200,57,4250,34,yes,45,-1000
2025-05-20T15:17:38.238191,KXBTCD-25MAY2019-T106249.99,DELTA,47,4200,57,3000,35,no,43,-1250
2025-05-20T15:17:38.260234,KXBTCD-25MAY2019-T106249.99,DELTA,47,5200,57,3000,36,yes,47,1000
2025-05-20T15:17:38.279771,KXBTCD-25MAY2019-T106249.99,DELTA,47,5200,57,4250,37,no,43,1250
2025-05-20T15:17:38.420330,KXBTCD-25MAY2019-T106249.99,DELTA,47,1000,57,4250,38,yes,47,-4200
2025-05-20T15:17:38.479490,KXBTCD-25MAY2019-T106249.99,DELTA,47,1000,57,4250,39,yes,42,-1250
2025-05-20T15:17:38.480554,KXBTCD-25MAY2019-T106249.99,DELTA,47,1000,57,4250,40,yes,46,4200
2025-05-20T15:17:38.481283,KXBTCD-25MAY2019-T106249.99,DELTA,47,1000,57,3000,41,no,43,-1250
2025-05-20T15:17:38.498798,KXBTCD-25MAY2019-T106249.99,DELTA,46,4225,57,3000,42,yes,47,-1000
2025-05-20T15:17:38.538755,KXBTCD-25MAY2019-T106249.99,DELTA,46,4225,57,4250,43,no,43,1250
2025-05-20T15:17:38.557900,KXBTCD-25MAY2019-T106249.99,DELTA,47,1000,57,4250,44,yes,47,1000
2025-05-20T15:17:38.578236,KXBTCD-25MAY2019-T106249.99,DELTA,47,1000,57,4250,45,yes,42,1250
2025-05-20T15:17:38.618389,KXBTCD-25MAY2019-T106249.99,DELTA,47,1000,57,3000,46,no,43,-1250
2025-05-20T15:17:38.618531,KXBTCD-25MAY2019-T106249.99,DELTA,47,1000,57,3000,47,yes,7,-20000
2025-05-20T15:17:38.638369,KXBTCD-25MAY2019-T106249.99,DELTA,47,1000,57,3000,48,yes,42,-1250
2025-05-20T15:17:38.678981,KXBTCD-25MAY2019-T106249.99,DELTA,47,1000,57,3000,49,no,42,1250
2025-05-20T15:17:38.679147,KXBTCD-25MAY2019-T106249.99,DELTA,47,1000,57,3000,50,yes,46,20000
2025-05-20T15:17:38.698037,KXBTCD-25MAY2019-T106249.99,DELTA,47,1000,57,3000,51,yes,43,1250
2025-05-20T15:17:38.892331,KXBTCD-25MAY2019-T106249.99,DELTA,47,1000,57,3000,52,no,6,-4860
2025-05-20T15:17:38.893469,KXBTCD-25MAY2019-T106249.99,DELTA,47,1000,57,3000,53,no,8,3645
2025-05-20T15:17:38.939809,KXBTCD-25MAY2019-T106249.99,DELTA,47,1000,57,3000,54,no,7,-20000
2025-05-20T15:17:38.940517,KXBTCD-25MAY2019-T106249.99,DELTA,47,1100,57,3000,55,yes,47,100
2025-05-20T15:17:38.983158,KXBTCD-25MAY2019-T106249.99,DELTA,47,1100,57,3000,56,no,9,20000
2025-05-20T15:17:38.999777,KXBTCD-25MAY2019-T106249.99,DELTA,47,1100,57,3000,57,yes,46,-20000
2025-05-20T15:17:39.000670,KXBTCD-25MAY2019-T106249.99,DELTA,47,1100,57,3000,58,yes,43,-1250
2025-05-20T15:17:39.019669,KXBTCD-25MAY2019-T106249.99,DELTA,47,1100,57,3000,59,no,42,-1250
2025-05-20T15:17:39.062007,KXBTCD-25MAY2019-T106249.99,DELTA,47,1100,57,3000,60,yes,7,20000
2025-05-20T15:17:39.062878,KXBTCD-25MAY2019-T106249.99,DELTA,47,1100,57,3000,61,yes,42,1250
2025-05-20T15:17:39.092832,KXBTCD-25MAY2019-T106249.99,DELTA,47,1100,57,4250,62,no,43,1250
2025-05-20T15:17:39.121773,KXBTCD-25MAY2019-T106249.99,DELTA,47,1100,57,4250,63,yes,44,250
2025-05-20T15:17:39.140397,KXBTCD-25MAY2019-T106249.99,DELTA,47,1100,57,4250,64,yes,34,-250
2025-05-20T15:17:39.183167,KXBTCD-25MAY2019-T106249.99,DELTA,47,1100,57,4250,65,yes,43,-2000
2025-05-20T15:17:39.239547,KXBTCD-25MAY2019-T106249.99,DELTA,47,1100,57,4250,66,yes,44,2000
2025-05-20T15:17:39.292513,KXBTCD-25MAY2019-T106249.99,DELTA,47,1100,57,3000,67,no,43,-1250
2025-05-20T15:17:39.299448,KXBTCD-25MAY2019-T106249.99,DELTA,47,1100,57,3000,68,yes,7,-20000
2025-05-20T15:17:39.300374,KXBTCD-25MAY2019-T106249.99,DELTA,47,1100,57,3000,69,yes,44,-2000
2025-05-20T15:17:39.318912,KXBTCD-25MAY2019-T106249.99,DELTA,47,1100,57,3000,70,yes,42,-1250
2025-05-20T15:17:39.319799,KXBTCD-25MAY2019-T106249.99,DELTA,47,1100,57,3000,71,yes,46,14
2025-05-20T15:17:39.320418,KXBTCD-25MAY2019-T106249.99,DELTA,47,1100,57,3000,72,yes,44,-14
2025-05-20T15:17:39.321534,KXBTCD-25MAY2019-T106249.99,DELTA,47,1100,57,3000,73,yes,44,-30
2025-05-20T15:17:39.322128,KXBTCD-25MAY2019-T106249.99,DELTA,47,1100,57,3000,74,no,37,14
2025-05-20T15:17:39.322556,KXBTCD-25MAY2019-T106249.99,DELTA,47,1100,57,3000,75,no,38,-14
2025-05-20T15:17:39.322945,KXBTCD-25MAY2019-T106249.99,DELTA,47,1100,57,3000,76,yes,46,30
2025-05-20T15:17:39.338923,KXBTCD-25MAY2019-T106249.99,DELTA,47,1100,57,3000,77,no,35,30
2025-05-20T15:17:39.339516,KXBTCD-25MAY2019-T106249.99,DELTA,47,1100,57,3000,78,no,37,-30
2025-05-20T15:17:39.339823,KXBTCD-25MAY2019-T106249.99,DELTA,47,1100,57,3000,79,no,42,1250
2025-05-20T15:17:39.393180,KXBTCD-25MAY2019-T106249.99,DELTA,47,1100,57,3000,80,yes,43,1250
2025-05-20T15:17:39.393809,KXBTCD-25MAY2019-T106249.99,DELTA,47,1100,57,3000,81,yes,45,2000
2025-05-20T15:17:39.394147,KXBTCD-25MAY2019-T106249.99,DELTA,47,1100,57,3000,82,yes,46,20000
2025-05-20T15:17:39.399087,KXBTCD-25MAY2019-T106249.99,DELTA,47,1100,57,3000,83,yes,46,-4200
2025-05-20T15:17:39.442692,KXBTCD-25MAY2019-T106249.99,DELTA,47,5300,57,3000,84,yes,47,4200
2025-05-20T15:17:39.461089,KXBTCD-25MAY2019-T106249.99,DELTA,47,5300,57,3000,85,yes,46,-20000
2025-05-20T15:17:39.519034,KXBTCD-25MAY2019-T106249.99,DELTA,47,5300,57,3000,86,yes,7,20000
2025-05-20T15:17:39.659712,KXBTCD-25MAY2019-T106249.99,DELTA,47,5300,57,3000,87,yes,7,-20000
2025-05-20T15:17:39.660796,KXBTCD-25MAY2019-T106249.99,DELTA,47,4300,57,3000,88,yes,47,-1000
2025-05-20T15:17:39.679770,KXBTCD-25MAY2019-T106249.99,DELTA,47,4300,57,3000,89,yes,43,-1250
2025-05-20T15:17:39.680521,KXBTCD-25MAY2019-T106249.99,DELTA,47,4300,57,3000,90,no,42,-1250
2025-05-20T15:17:39.739521,KXBTCD-25MAY2019-T106249.99,DELTA,48,1000,57,3000,91,yes,48,1000
2025-05-20T15:17:39.740126,KXBTCD-25MAY2019-T106249.99,DELTA,48,1000,57,3000,92,yes,47,20000
2025-05-20T15:17:39.759499,KXBTCD-25MAY2019-T106249.99,DELTA,48,1000,57,3000,93,no,41,1250
2025-05-20T15:17:39.760286,KXBTCD-25MAY2019-T106249.99,DELTA,48,1000,57,3000,94,yes,44,1250
2025-05-20T15:17:39.879277,KXBTCD-25MAY2019-T106249.99,DELTA,48,1000,57,3000,95,yes,47,-20000
2025-05-20T15:17:39.899354,KXBTCD-25MAY2019-T106249.99,DELTA,48,1000,57,3000,96,yes,44,-1250
2025-05-20T15:17:39.900094,KXBTCD-25MAY2019-T106249.99,DELTA,48,1000,57,3000,97,no,41,-1250
2025-05-20T15:17:39.952276,KXBTCD-25MAY2019-T106249.99,DELTA,48,1000,57,3000,98,yes,43,1250
2025-05-20T15:17:39.953118,KXBTCD-25MAY2019-T106249.99,DELTA,48,1000,57,3000,99,yes,7,20000
2025-05-20T15:17:39.953681,KXBTCD-25MAY2019-T106249.99,DELTA,48,1000,57,3000,100,no,42,1250
2025-05-20T15:17:40.042445,KXBTCD-25MAY2019-T106249.99,DELTA,48,1000,57,3000,101,no,8,-3645
2025-05-20T15:17:40.100264,KXBTCD-25MAY2019-T106249.99,DELTA,48,1000,57,3000,102,no,9,-20000
2025-05-20T15:17:40.399671,KXBTCD-25MAY2019-T106249.99,DELTA,48,1000,57,3000,103,yes,47,-100
2025-05-20T15:17:41.080001,KXBTCD-25MAY2019-T106249.99,DELTA,48,1000,57,3000,104,yes,6,-4860
2025-05-20T15:17:41.081200,KXBTCD-25MAY2019-T106249.99,DELTA,48,1000,57,3000,105,yes,8,3645
2025-05-20T15:17:41.119973,KXBTCD-25MAY2019-T106249.99,DELTA,48,1000,57,3000,106,no,4,7290
2025-05-20T15:17:41.159127,KXBTCD-25MAY2019-T106249.99,DELTA,48,1000,57,3000,107,yes,7,-20000
2025-05-20T15:17:41.179463,KXBTCD-25MAY2019-T106249.99,DELTA,48,1000,57,3000,108,no,5,20000
2025-05-20T15:17:41.199452,KXBTCD-25MAY2019-T106249.99,DELTA,48,1000,57,3000,109,yes,9,20000
2025-05-20T15:17:41.599838,KXBTCD-25MAY2019-T106249.99,DELTA,48,1100,57,3000,110,yes,48,100
2025-05-20T15:17:41.861109,KXBTCD-25MAY2019-T106249.99,DELTA,48,1100,57,3000,111,yes,9,-20000
2025-05-20T15:17:41.862405,KXBTCD-25MAY2019-T106249.99,DELTA,48,1100,57,3000,112,yes,46,-25
2025-05-20T15:17:41.862680,KXBTCD-25MAY2019-T106249.99,DELTA,48,1100,57,3000,113,yes,47,25
2025-05-20T15:17:41.862874,KXBTCD-25MAY2019-T106249.99,DELTA,48,1100,57,3000,114,yes,43,-1250
2025-05-20T15:17:41.879696,KXBTCD-25MAY2019-T106249.99,DELTA,48,1100,57,3000,115,no,42,-1250
2025-05-20T15:17:41.923973,KXBTCD-25MAY2019-T106249.99,DELTA,48,1100,57,3000,116,yes,44,1250
2025-05-20T15:17:41.924730,KXBTCD-25MAY2019-T106249.99,DELTA,48,1100,57,3000,117,no,41,1250
2025-05-20T15:17:41.939226,KXBTCD-25MAY2019-T106249.99,DELTA,48,1100,57,3000,118,yes,47,20000
2025-05-20T15:17:41.978603,KXBTCD-25MAY2019-T106249.99,DELTA,48,1100,57,3000,119,no,42,-250
2025-05-20T15:17:41.979359,KXBTCD-25MAY2019-T106249.99,DELTA,48,1100,57,3000,120,no,32,250
2025-05-20T15:17:42.019519,KXBTCD-25MAY2019-T106249.99,DELTA,48,100,57,3000,121,yes,48,-1000
2025-05-20T15:17:42.042571,KXBTCD-25MAY2019-T106249.99,DELTA,48,100,57,1000,122,no,43,-2000
2025-05-20T15:17:42.043301,KXBTCD-25MAY2019-T106249.99,DELTA,48,100,59,1250,123,no,43,-1000
2025-05-20T15:17:42.099778,KXBTCD-25MAY2019-T106249.99,DELTA,48,100,59,3250,124,no,41,2000
2025-05-20T15:17:42.100128,KXBTCD-25MAY2019-T106249.99,DELTA,48,100,59,4250,125,no,41,1000
2025-05-20T15:17:42.119399,KXBTCD-25MAY2019-T106249.99,DELTA,48,100,59,4250,126,yes,8,-3645
2025-05-20T15:17:42.119863,KXBTCD-25MAY2019-T106249.99,DELTA,48,100,59,4250,127,yes,6,4860
2025-05-20T15:17:42.120235,KXBTCD-25MAY2019-T106249.99,DELTA,49,1000,59,4250,128,yes,49,1000
2025-05-20T15:17:42.163789,KXBTCD-25MAY2019-T106249.99,DELTA,49,1000,59,4250,129,no,4,-7290
2025-05-20T15:17:42.164442,KXBTCD-25MAY2019-T106249.99,DELTA,49,1000,59,4250,130,no,6,4860
2025-05-20T15:17:42.219646,KXBTCD-25MAY2019-T106249.99,DELTA,49,1000,59,4250,131,no,5,-20000
2025-05-20T15:17:42.280253,KXBTCD-25MAY2019-T106249.99,DELTA,49,1000,59,4250,132,no,7,20000
2025-05-20T15:17:42.619574,KXBTCD-25MAY2019-T106249.99,DELTA,48,100,59,4250,133,yes,49,-1000
2025-05-20T15:17:42.679344,KXBTCD-25MAY2019-T106249.99,DELTA,48,1100,59,4250,134,yes,48,1000
2025-05-20T15:17:42.780601,KXBTCD-25MAY2019-T106249.99,DELTA,48,100,59,4250,135,yes,48,-1000
2025-05-20T15:17:42.846950,KXBTCD-25MAY2019-T106249.99,DELTA,49,1000,59,4250,136,yes,49,1000
2025-05-20T15:17:43.178867,KXBTCD-25MAY2019-T106249.99,DELTA,49,1000,59,4250,137,no,6,-4860
2025-05-20T15:17:43.179113,KXBTCD-25MAY2019-T106249.99,DELTA,49,1000,59,4250,138,no,8,3645
2025-05-20T15:17:43.239751,KXBTCD-25MAY2019-T106249.99,DELTA,49,1000,59,4250,139,no,7,-20000
2025-05-20T15:17:43.279967,KXBTCD-25MAY2019-T106249.99,DELTA,49,1000,59,4250,140,no,9,20000
2025-05-20T15:17:44.246361,KXBTCD-25MAY2019-T106249.99,DELTA,49,1000,59,4250,141,no,8,-3645
2025-05-20T15:17:44.247106,KXBTCD-25MAY2019-T106249.99,DELTA,49,1000,59,4250,142,no,10,2916
2025-05-20T15:17:44.251396,KXBTCD-25MAY2019-T106249.99,DELTA,49,1000,59,4250,143,no,9,-20000
2025-05-20T15:17:45.199770,KXBTCD-25MAY2019-T106249.99,DELTA,49,1000,59,4250,144,yes,48,-100
2025-05-20T15:17:45.200922,KXBTCD-25MAY2019-T106249.99,DELTA,49,1000,59,4250,145,no,10,-2916
2025-05-20T15:17:45.201678,KXBTCD-25MAY2019-T106249.99,DELTA,49,1000,59,4250,146,no,4,7290
2025-05-20T15:17:45.260368,KXBTCD-25MAY2019-T106249.99,DELTA,49,1000,59,4250,147,no,5,20000
2025-05-20T15:17:45.261524,KXBTCD-25MAY2019-T106249.99,DELTA,47,24225,59,4250,148,yes,49,-1000
2025-05-20T15:17:45.319211,KXBTCD-25MAY2019-T106249.99,DELTA,48,1000,59,4250,149,yes,48,1000
2025-05-20T15:17:46.261000,KXBTCD-25MAY2019-T106249.99,DELTA,48,1000,59,4250,150,yes,47,30
2025-05-20T15:17:46.261182,KXBTCD-25MAY2019-T106249.99,DELTA,48,1000,59,4250,151,yes,46,-30
2025-05-20T15:17:46.261275,KXBTCD-25MAY2019-T106249.99,DELTA,48,1014,59,4250,152,yes,48,14
2025-05-20T15:17:46.261351,KXBTCD-25MAY2019-T106249.99,DELTA,48,1014,59,4250,153,yes,46,-14
2025-05-20T15:17:46.261420,KXBTCD-25MAY2019-T106249.99,DELTA,48,1014,59,4250,154,no,35,-30
2025-05-20T15:17:46.261488,KXBTCD-25MAY2019-T106249.99,DELTA,48,1014,59,4250,155,no,34,30
2025-05-20T15:17:46.261549,KXBTCD-25MAY2019-T106249.99,DELTA,48,1014,59,4250,156,no,37,-14
2025-05-20T15:17:46.261609,KXBTCD-25MAY2019-T106249.99,DELTA,48,1014,59,4250,157,no,35,14
2025-05-20T15:17:46.599480,KXBTCD-25MAY2019-T106249.99,DELTA,49,100,59,4250,158,yes,49,100
2025-05-20T15:17:46.659190,KXBTCD-25MAY2019-T106249.99,DELTA,49,100,59,4250,159,yes,48,-1000
2025-05-20T15:17:46.699777,KXBTCD-25MAY2019-T106249.99,DELTA,49,1100,59,4250,160,yes,49,1000
2025-05-20T15:17:47.775434,KXBTCD-25MAY2019-T106249.99,DELTA,49,100,59,4250,161,yes,49,-1000
2025-05-20T15:17:47.798587,KXBTCD-25MAY2019-T106249.99,DELTA,49,100,59,4250,162,yes,48,1000
2025-05-20T15:17:48.390042,KXBTCD-25MAY2019-T106249.99,DELTA,49,100,59,4250,163,no,4,-7290
2025-05-20T15:17:48.391170,KXBTCD-25MAY2019-T106249.99,DELTA,49,100,59,4250,164,no,6,4860
2025-05-20T15:17:48.398896,KXBTCD-25MAY2019-T106249.99,DELTA,49,100,59,4250,165,no,5,-20000
2025-05-20T15:17:48.439264,KXBTCD-25MAY2019-T106249.99,DELTA,49,100,59,4250,166,no,7,20000
2025-05-20T15:17:49.320574,KXBTCD-25MAY2019-T106249.99,DELTA,49,100,59,4250,167,yes,47,-20000
2025-05-20T15:17:49.321758,KXBTCD-25MAY2019-T106249.99,DELTA,49,100,59,4250,168,yes,1,8000
2025-05-20T15:17:49.338853,KXBTCD-25MAY2019-T106249.99,DELTA,49,100,59,4250,169,yes,45,-2000
2025-05-20T15:17:49.339483,KXBTCD-25MAY2019-T106249.99,DELTA,49,100,59,4250,170,yes,48,-1000
2025-05-20T15:17:49.357900,KXBTCD-25MAY2019-T106249.99,DELTA,49,100,59,4250,171,yes,44,-1250
2025-05-20T15:17:49.358700,KXBTCD-25MAY2019-T106249.99,DELTA,49,100,59,3000,172,no,41,-1250
2025-05-20T15:17:49.419205,KXBTCD-25MAY2019-T106249.99,DELTA,49,100,59,3000,173,yes,47,2000
2025-05-20T15:17:49.420120,KXBTCD-25MAY2019-T106249.99,DELTA,49,100,59,3000,174,yes,48,20000
2025-05-20T15:17:49.420761,KXBTCD-25MAY2019-T106249.99,DELTA,49,100,59,3000,175,no,40,1250
2025-05-20T15:17:49.421486,KXBTCD-25MAY2019-T106249.99,DELTA,49,100,59,3000,176,yes,45,1250
2025-05-20T15:17:49.421955,KXBTCD-25MAY2019-T106249.99,DELTA,49,1100,59,3000,177,yes,49,1000
2025-05-20T15:17:50.949644,KXBTCD-25MAY2019-T106249.99,DELTA,49,1100,59,3000,178,no,6,-4860
2025-05-20T15:17:50.950769,KXBTCD-25MAY2019-T106249.99,DELTA,49,1100,59,3000,179,no,8,3645
2025-05-20T15:17:50.951531,KXBTCD-25MAY2019-T106249.99,DELTA,49,1100,59,3000,180,no,7,-20000
2025-05-20T15:17:50.971165,KXBTCD-25MAY2019-T106249.99,DELTA,49,1100,59,3000,181,no,9,20000
2025-05-20T15:17:51.869470,KXBTCD-25MAY2019-T106249.99,DELTA,49,1100,59,3000,182,no,8,-3645
2025-05-20T15:17:51.870552,KXBTCD-25MAY2019-T106249.99,DELTA,49,1100,59,3000,183,no,10,2916
2025-05-20T15:17:51.918657,KXBTCD-25MAY2019-T106249.99,DELTA,49,1100,59,3000,184,no,9,-20000
2025-05-20T15:17:52.639144,KXBTCD-25MAY2019-T106249.99,DELTA,49,1100,59,3000,185,yes,48,-20000
2025-05-20T15:17:52.641759,KXBTCD-25MAY2019-T106249.99,DELTA,49,1100,59,3000,186,yes,47,-2000
2025-05-20T15:17:52.660567,KXBTCD-25MAY2019-T106249.99,DELTA,49,100,59,3000,187,yes,49,-1000
2025-05-20T15:17:52.661372,KXBTCD-25MAY2019-T106249.99,DELTA,49,100,59,3000,188,yes,45,-1250
2025-05-20T15:17:52.679308,KXBTCD-25MAY2019-T106249.99,DELTA,49,100,59,3000,189,yes,1,-8000
2025-05-20T15:17:52.680045,KXBTCD-25MAY2019-T106249.99,DELTA,49,100,59,3000,190,no,40,-1250
2025-05-20T15:17:52.720759,KXBTCD-25MAY2019-T106249.99,DELTA,49,100,59,3000,191,yes,48,1000
2025-05-20T15:17:52.721668,KXBTCD-25MAY2019-T106249.99,DELTA,49,100,59,4250,192,no,41,1250
2025-05-20T15:17:52.722400,KXBTCD-25MAY2019-T106249.99,DELTA,49,100,59,4250,193,yes,47,20000
2025-05-20T15:17:52.739364,KXBTCD-25MAY2019-T106249.99,DELTA,49,100,59,4250,194,yes,45,2000
2025-05-20T15:17:52.740127,KXBTCD-25MAY2019-T106249.99,DELTA,49,100,59,4250,195,yes,44,1250
2025-05-20T15:17:52.820163,KXBTCD-25MAY2019-T106249.99,DELTA,49,100,59,4250,196,no,10,-2916
2025-05-20T15:17:52.821196,KXBTCD-25MAY2019-T106249.99,DELTA,49,100,59,4250,197,no,4,7290
2025-05-20T15:17:52.879606,KXBTCD-25MAY2019-T106249.99,DELTA,49,100,59,4250,198,no,5,20000
2025-05-20T15:17:53.340120,KXBTCD-25MAY2019-T106249.99,DELTA,49,100,59,4250,199,yes,47,-20000
2025-05-20T15:17:53.341178,KXBTCD-25MAY2019-T106249.99,DELTA,49,100,59,4250,200,yes,44,-1250
2025-05-20T15:17:53.379175,KXBTCD-25MAY2019-T106249.99,DELTA,49,100,59,4250,201,yes,7,20000
2025-05-20T15:17:53.398451,KXBTCD-25MAY2019-T106249.99,DELTA,49,100,59,4250,202,yes,43,1250
2025-05-20T15:17:53.800887,KXBTCD-25MAY2019-T106249.99,DELTA,49,100,59,4250,203,yes,6,-4860
2025-05-20T15:17:53.802012,KXBTCD-25MAY2019-T106249.99,DELTA,49,100,59,4250,204,yes,8,3645
2025-05-20T15:17:53.848430,KXBTCD-25MAY2019-T106249.99,DELTA,49,100,59,4250,205,no,4,-7290
2025-05-20T15:17:53.848755,KXBTCD-25MAY2019-T106249.99,DELTA,49,100,59,4250,206,no,6,4860
2025-05-20T15:17:53.868315,KXBTCD-25MAY2019-T106249.99,DELTA,49,100,59,4250,207,yes,7,-20000
2025-05-20T15:17:53.907406,KXBTCD-25MAY2019-T106249.99,DELTA,49,100,59,4250,208,yes,9,20000
2025-05-20T15:17:53.907599,KXBTCD-25MAY2019-T106249.99,DELTA,49,100,59,4250,209,no,5,-20000
2025-05-20T15:17:53.939637,KXBTCD-25MAY2019-T106249.99,DELTA,49,100,59,4250,210,no,7,20000
2025-05-20T15:17:54.820307,KXBTCD-25MAY2019-T106249.99,DELTA,49,100,59,4250,211,yes,8,-3645
2025-05-20T15:17:54.821459,KXBTCD-25MAY2019-T106249.99,DELTA,49,100,59,4250,212,yes,10,2916
2025-05-20T15:17:54.859068,KXBTCD-25MAY2019-T106249.99,DELTA,49,100,59,4250,213,no,6,-4860
2025-05-20T15:17:54.859936,KXBTCD-25MAY2019-T106249.99,DELTA,49,100,59,4250,214,no,8,3645
2025-05-20T15:17:54.879929,KXBTCD-25MAY2019-T106249.99,DELTA,49,100,59,4250,215,yes,9,-20000
2025-05-20T15:17:54.920372,KXBTCD-25MAY2019-T106249.99,DELTA,49,100,59,4250,216,no,7,-20000
2025-05-20T15:17:54.940644,KXBTCD-25MAY2019-T106249.99,DELTA,49,100,59,4250,217,yes,5,20000
2025-05-20T15:17:54.960693,KXBTCD-25MAY2019-T106249.99,DELTA,49,100,59,4250,218,no,9,20000
2025-05-20T15:17:55.360033,KXBTCD-25MAY2019-T106249.99,DELTA,49,100,59,4250,219,yes,48,-1000
2025-05-20T15:17:55.419653,KXBTCD-25MAY2019-T106249.99,DELTA,49,100,59,4250,220,yes,45,-2000
2025-05-20T15:17:55.420593,KXBTCD-25MAY2019-T106249.99,DELTA,49,100,59,4250,221,yes,47,-4200
2025-05-20T15:17:55.421119,KXBTCD-25MAY2019-T106249.99,DELTA,49,100,59,4250,222,yes,47,1000
2025-05-20T15:17:55.421581,KXBTCD-25MAY2019-T106249.99,DELTA,49,100,59,4250,223,yes,43,-1250
2025-05-20T15:17:55.460453,KXBTCD-25MAY2019-T106249.99,DELTA,49,100,59,4250,224,yes,44,2000
2025-05-20T15:17:55.461228,KXBTCD-25MAY2019-T106249.99,DELTA,49,100,59,4250,225,yes,42,1250
2025-05-20T15:17:55.461797,KXBTCD-25MAY2019-T106249.99,DELTA,49,100,59,4250,226,yes,46,4200
2025-05-20T15:17:56.379463,KXBTCD-25MAY2019-T106249.99,DELTA,49,100,59,4250,227,no,32,-250
2025-05-20T15:17:56.380135,KXBTCD-25MAY2019-T106249.99,DELTA,49,100,58,250,228,no,42,250
2025-05-20T15:17:56.580384,KXBTCD-25MAY2019-T106249.99,DELTA,49,100,58,250,229,no,41,-2000
2025-05-20T15:17:56.581493,KXBTCD-25MAY2019-T106249.99,DELTA,49,100,58,250,230,yes,47,-25
2025-05-20T15:17:56.582086,KXBTCD-25MAY2019-T106249.99,DELTA,49,100,58,250,231,yes,46,25
2025-05-20T15:17:56.599779,KXBTCD-25MAY2019-T106249.99,DELTA,49,100,58,250,232,no,41,-1000
2025-05-20T15:17:56.699045,KXBTCD-25MAY2019-T106249.99,DELTA,49,100,58,250,233,no,41,-1250
2025-05-20T15:17:56.980076,KXBTCD-25MAY2019-T106249.99,DELTA,49,100,57,1250,234,no,43,1250
2025-05-20T15:17:56.981090,KXBTCD-25MAY2019-T106249.99,DELTA,49,100,57,3250,235,no,43,2000
2025-05-20T15:17:56.981733,KXBTCD-25MAY2019-T106249.99,DELTA,49,100,57,4250,236,no,43,1000
2025-05-20T15:17:57.499315,KXBTCD-25MAY2019-T106249.99,DELTA,48,14,57,4250,237,yes,49,-100
2025-05-20T15:17:57.579678,KXBTCD-25MAY2019-T106249.99,DELTA,48,14,57,4250,238,yes,47,-1000
2025-05-20T15:17:57.700183,KXBTCD-25MAY2019-T106249.99,DELTA,48,14,57,4250,239,yes,46,1000
2025-05-20T15:17:58.117723,KXBTCD-25MAY2019-T106249.99,DELTA,48,14,57,4250,240,yes,34,250
2025-05-20T15:17:58.118775,KXBTCD-25MAY2019-T106249.99,DELTA,48,14,57,4250,241,yes,44,-250
2025-05-20T15:17:58.119365,KXBTCD-25MAY2019-T106249.99,DELTA,48,14,57,4250,242,yes,46,-1000
2025-05-20T15:17:58.281281,KXBTCD-25MAY2019-T106249.99,DELTA,48,14,57,4250,243,yes,44,-2000
2025-05-20T15:17:58.281572,KXBTCD-25MAY2019-T106249.99,DELTA,48,14,57,4250,244,yes,46,1000
2025-05-20T15:17:58.379325,KXBTCD-25MAY2019-T106249.99,DELTA,48,114,57,4250,245,yes,48,100
2025-05-20T15:17:58.399564,KXBTCD-25MAY2019-T106249.99,DELTA,48,114,57,4250,246,yes,42,-1250
2025-05-20T15:17:58.400364,KXBTCD-25MAY2019-T106249.99,DELTA,48,114,57,4250,247,yes,43,2000
2025-05-20T15:17:58.400956,KXBTCD-25MAY2019-T106249.99,DELTA,48,114,57,4250,248,yes,10,-2916
2025-05-20T15:17:58.401457,KXBTCD-25MAY2019-T106249.99,DELTA,48,114,57,4250,249,yes,6,4860
2025-05-20T15:17:58.548610,KXBTCD-25MAY2019-T106249.99,DELTA,48,114,57,4250,250,yes,41,1250
2025-05-20T15:17:58.549692,KXBTCD-25MAY2019-T106249.99,DELTA,48,114,57,4250,251,no,8,-3645
2025-05-20T15:17:58.550337,KXBTCD-25MAY2019-T106249.99,DELTA,48,114,57,4250,252,no,10,2916
2025-05-20T15:17:58.649527,KXBTCD-25MAY2019-T106249.99,DELTA,48,114,57,4250,253,yes,5,-20000
2025-05-20T15:17:58.650671,KXBTCD-25MAY2019-T106249.99,DELTA,48,114,57,4250,254,no,9,-20000
2025-05-20T15:17:58.687253,KXBTCD-25MAY2019-T106249.99,DELTA,48,114,57,4250,255,yes,7,20000
2025-05-20T15:18:00.719757,KXBTCD-25MAY2019-T106249.99,DELTA,48,114,57,4250,256,yes,6,-4860
2025-05-20T15:18:00.720906,KXBTCD-25MAY2019-T106249.99,DELTA,48,114,57,4250,257,yes,8,3645
2025-05-20T15:18:00.779946,KXBTCD-25MAY2019-T106249.99,DELTA,48,114,57,4250,258,yes,7,-20000
2025-05-20T15:18:00.781133,KXBTCD-25MAY2019-T106249.99,DELTA,48,114,57,4250,259,no,10,-2916
2025-05-20T15:18:00.781834,KXBTCD-25MAY2019-T106249.99,DELTA,48,114,57,4250,260,no,4,7290
2025-05-20T15:18:00.820426,KXBTCD-25MAY2019-T106249.99,DELTA,48,114,57,4250,261,yes,9,20000
2025-05-20T15:18:00.839677,KXBTCD-25MAY2019-T106249.99,DELTA,48,114,57,4250,262,no,5,20000
2025-05-20T15:18:00.860239,KXBTCD-25MAY2019-T106249.99,DELTA,48,114,57,4250,263,yes,46,-4200
2025-05-20T15:18:00.899595,KXBTCD-25MAY2019-T106249.99,DELTA,48,114,57,4250,264,yes,45,4200
2025-05-20T15:18:00.918458,KXBTCD-25MAY2019-T106249.99,DELTA,48,114,57,4250,265,yes,46,-1000
2025-05-20T15:18:00.980381,KXBTCD-25MAY2019-T106249.99,DELTA,48,114,57,4250,266,yes,46,1000
2025-05-20T15:18:01.805692,KXBTCD-25MAY2019-T106249.99,DELTA,48,114,57,4250,267,yes,8,-3645
2025-05-20T15:18:01.806538,KXBTCD-25MAY2019-T106249.99,DELTA,48,114,57,4250,268,yes,10,2916
2025-05-20T15:18:01.820872,KXBTCD-25MAY2019-T106249.99,DELTA,48,114,57,4250,269,no,4,-7290
2025-05-20T15:18:01.821499,KXBTCD-25MAY2019-T106249.99,DELTA,48,114,57,4250,270,no,6,4860
2025-05-20T15:18:01.839565,KXBTCD-25MAY2019-T106249.99,DELTA,48,114,57,4250,271,yes,9,-20000
2025-05-20T15:18:01.879333,KXBTCD-25MAY2019-T106249.99,DELTA,48,114,57,4250,272,no,5,-20000
2025-05-20T15:18:01.899705,KXBTCD-25MAY2019-T106249.99,DELTA,48,114,57,4250,273,yes,5,20000
2025-05-20T15:18:01.918755,KXBTCD-25MAY2019-T106249.99,DELTA,48,114,57,4250,274,no,7,20000
2025-05-20T15:18:02.828293,KXBTCD-25MAY2019-T106249.99,DELTA,48,114,57,4250,275,yes,10,-2916
2025-05-20T15:18:02.829445,KXBTCD-25MAY2019-T106249.99,DELTA,48,114,57,4250,276,yes,6,4860
2025-05-20T15:18:02.880488,KXBTCD-25MAY2019-T106249.99,DELTA,48,114,57,4250,277,no,6,-4860
2025-05-20T15:18:02.881510,KXBTCD-25MAY2019-T106249.99,DELTA,48,114,57,4250,278,no,8,3645
2025-05-20T15:18:02.882092,KXBTCD-25MAY2019-T106249.99,DELTA,48,114,57,4250,279,yes,5,-20000
2025-05-20T15:18:02.919063,KXBTCD-25MAY2019-T106249.99,DELTA,48,114,57,4250,280,yes,7,20000
2025-05-20T15:18:02.948857,KXBTCD-25MAY2019-T106249.99,DELTA,48,114,57,4250,281,no,7,-20000
2025-05-20T15:18:02.979612,KXBTCD-25MAY2019-T106249.99,DELTA,48,114,57,4250,282,no,9,20000
2025-05-20T15:18:03.899087,KXBTCD-25MAY2019-T106249.99,DELTA,48,114,57,4250,283,yes,6,-4860
2025-05-20T15:18:03.900168,KXBTCD-25MAY2019-T106249.99,DELTA,48,114,57,4250,284,yes,8,3645
2025-05-20T15:18:03.939114,KXBTCD-25MAY2019-T106249.99,DELTA,48,114,57,4250,285,no,8,-3645
2025-05-20T15:18:03.940074,KXBTCD-25MAY2019-T106249.99,DELTA,48,114,57,4250,286,no,10,2916
2025-05-20T15:18:03.958947,KXBTCD-25MAY2019-T106249.99,DELTA,48,114,57,4250,287,yes,7,-20000
2025-05-20T15:18:04.000119,KXBTCD-25MAY2019-T106249.99,DELTA,48,114,57,4250,288,no,9,-20000
2025-05-20T15:18:04.001012,KXBTCD-25MAY2019-T106249.99,DELTA,48,114,57,4250,289,yes,9,20000
2025-05-20T15:18:04.721608,KXBTCD-25MAY2019-T106249.99,DELTA,48,114,57,4250,290,yes,9,-20000
2025-05-20T15:18:04.722218,KXBTCD-25MAY2019-T106249.99,DELTA,48,114,57,4250,291,yes,41,-1250
2025-05-20T15:18:04.781076,KXBTCD-25MAY2019-T106249.99,DELTA,48,114,57,4250,292,yes,42,1250
2025-05-20T15:18:04.782149,KXBTCD-25MAY2019-T106249.99,DELTA,48,114,57,4250,293,yes,45,20000
2025-05-20T15:18:04.940206,KXBTCD-25MAY2019-T106249.99,DELTA,48,114,57,4250,294,yes,8,-3645
2025-05-20T15:18:04.941000,KXBTCD-25MAY2019-T106249.99,DELTA,48,114,57,4250,295,yes,6,4860
2025-05-20T15:18:04.980014,KXBTCD-25MAY2019-T106249.99,DELTA,48,114,57,4250,296,yes,46,-1000
2025-05-20T15:18:04.981056,KXBTCD-25MAY2019-T106249.99,DELTA,48,114,57,4250,297,no,10,-2916
2025-05-20T15:18:04.981760,KXBTCD-25MAY2019-T106249.99,DELTA,48,114,57,4250,298,no,4,7290
2025-05-20T15:18:05.040624,KXBTCD-25MAY2019-T106249.99,DELTA,48,114,57,4250,299,yes,47,1000
2025-05-20T15:18:05.060723,KXBTCD-25MAY2019-T106249.99,DELTA,48,114,57,4250,300,no,5,20000
2025-05-20T15:18:05.419873,KXBTCD-25MAY2019-T106249.99,DELTA,48,114,57,4250,301,yes,47,-1000
2025-05-20T15:18:05.439138,KXBTCD-25MAY2019-T106249.99,DELTA,48,114,57,4250,302,yes,45,-4200
2025-05-20T15:18:05.458656,KXBTCD-25MAY2019-T106249.99,DELTA,48,114,57,4250,303,yes,46,1000
2025-05-20T15:18:05.479469,KXBTCD-25MAY2019-T106249.99,DELTA,48,114,57,4250,304,yes,46,4200
2025-05-20T15:18:05.519169,KXBTCD-25MAY2019-T106249.99,DELTA,48,114,57,4250,305,yes,45,-20000
2025-05-20T15:18:05.579458,KXBTCD-25MAY2019-T106249.99,DELTA,48,114,57,4250,306,yes,7,20000
2025-05-20T15:18:06.208225,KXBTCD-25MAY2019-T106249.99,DELTA,48,114,57,4250,307,yes,42,-1250
2025-05-20T15:18:06.208997,KXBTCD-25MAY2019-T106249.99,DELTA,48,114,57,4250,308,yes,41,1250
2025-05-20T15:18:06.258514,KXBTCD-25MAY2019-T106249.99,DELTA,48,114,57,4250,309,yes,46,-4200
2025-05-20T15:18:06.258653,KXBTCD-25MAY2019-T106249.99,DELTA,48,114,57,4250,310,yes,46,-1000
2025-05-20T15:18:06.280763,KXBTCD-25MAY2019-T106249.99,DELTA,48,100,57,4250,311,yes,48,-14
2025-05-20T15:18:06.280902,KXBTCD-25MAY2019-T106249.99,DELTA,48,100,57,4250,312,yes,45,30
2025-05-20T15:18:06.280996,KXBTCD-25MAY2019-T106249.99,DELTA,48,100,57,4250,313,yes,46,14
2025-05-20T15:18:06.281073,KXBTCD-25MAY2019-T106249.99,DELTA,48,100,57,4250,314,yes,47,-30
2025-05-20T15:18:06.281144,KXBTCD-25MAY2019-T106249.99,DELTA,48,100,57,4250,315,no,34,-30
2025-05-20T15:18:06.281215,KXBTCD-25MAY2019-T106249.99,DELTA,48,100,57,4250,316,no,37,14
2025-05-20T15:18:06.281283,KXBTCD-25MAY2019-T106249.99,DELTA,48,100,57,4250,317,no,35,-14
2025-05-20T15:18:06.281347,KXBTCD-25MAY2019-T106249.99,DELTA,48,100,57,4250,318,no,36,30
2025-05-20T15:18:06.299953,KXBTCD-25MAY2019-T106249.99,DELTA,48,100,57,4250,319,yes,45,4200
2025-05-20T15:18:06.300088,KXBTCD-25MAY2019-T106249.99,DELTA,48,100,57,4250,320,yes,43,1000
2025-05-20T15:18:06.338094,KXBTCD-25MAY2019-T106249.99,DELTA,48,100,57,4250,321,yes,43,-1000
2025-05-20T15:18:06.399038,KXBTCD-25MAY2019-T106249.99,DELTA,48,100,57,4250,322,yes,45,1000
2025-05-20T15:18:06.799783,KXBTCD-25MAY2019-T106249.99,DELTA,48,100,57,4250,323,yes,43,-2000
2025-05-20T15:18:06.800911,KXBTCD-25MAY2019-T106249.99,DELTA,48,100,57,4250,324,no,1,8000
2025-05-20T15:18:06.801735,KXBTCD-25MAY2019-T106249.99,DELTA,48,100,57,4250,325,yes,41,-1250
2025-05-20T15:18:06.818684,KXBTCD-25MAY2019-T106249.99,DELTA,48,100,57,4250,326,yes,46,-25
2025-05-20T15:18:06.819490,KXBTCD-25MAY2019-T106249.99,DELTA,48,100,57,4250,327,yes,45,25
2025-05-20T15:18:06.858871,KXBTCD-25MAY2019-T106249.99,DELTA,48,100,57,4250,328,yes,42,2000
2025-05-20T15:18:06.859520,KXBTCD-25MAY2019-T106249.99,DELTA,48,100,57,4250,329,yes,40,1250
2025-05-20T15:18:07.098846,KXBTCD-25MAY2019-T106249.99,DELTA,46,14,57,4250,330,yes,48,-100
2025-05-20T15:18:07.120763,KXBTCD-25MAY2019-T106249.99,DELTA,46,14,57,4250,331,yes,45,-4200
2025-05-20T15:18:07.139306,KXBTCD-25MAY2019-T106249.99,DELTA,46,14,57,4250,332,no,34,-250
2025-05-20T15:18:07.140410,KXBTCD-25MAY2019-T106249.99,DELTA,46,14,56,250,333,no,44,250
2025-05-20T15:18:07.198973,KXBTCD-25MAY2019-T106249.99,DELTA,46,14,56,250,334,no,43,-2000
2025-05-20T15:18:07.199754,KXBTCD-25MAY2019-T106249.99,DELTA,46,14,56,250,335,yes,44,4200
2025-05-20T15:18:07.200297,KXBTCD-25MAY2019-T106249.99,DELTA,46,14,56,250,336,no,43,-1000
2025-05-20T15:18:07.218698,KXBTCD-25MAY2019-T106249.99,DELTA,46,14,56,250,337,no,43,-1250
2025-05-20T15:18:07.259597,KXBTCD-25MAY2019-T106249.99,DELTA,46,14,55,1250,338,no,45,1250
2025-05-20T15:18:07.260359,KXBTCD-25MAY2019-T106249.99,DELTA,46,14,55,2250,339,no,45,1000
2025-05-20T15:18:07.260885,KXBTCD-25MAY2019-T106249.99,DELTA,46,14,55,4250,340,no,45,2000
2025-05-20T15:18:07.278376,KXBTCD-25MAY2019-T106249.99,DELTA,46,14,55,4250,341,yes,45,-1000
2025-05-20T15:18:07.318784,KXBTCD-25MAY2019-T106249.99,DELTA,46,14,55,4250,342,yes,44,1000
2025-05-20T15:18:08.051819,KXBTCD-25MAY2019-T106249.99,DELTA,46,14,55,4250,343,yes,42,-2000
2025-05-20T15:18:08.052926,KXBTCD-25MAY2019-T106249.99,DELTA,46,14,55,4250,344,yes,40,-1250
2025-05-20T15:18:08.074313,KXBTCD-25MAY2019-T106249.99,DELTA,46,14,55,4250,345,yes,6,-4860
2025-05-20T15:18:08.074971,KXBTCD-25MAY2019-T106249.99,DELTA,46,14,55,4250,346,yes,8,3645
2025-05-20T15:18:08.082582,KXBTCD-25MAY2019-T106249.99,DELTA,46,14,55,4250,347,yes,20,-200
2025-05-20T15:18:08.083387,KXBTCD-25MAY2019-T106249.99,DELTA,46,14,55,4250,348,yes,10,200
2025-05-20T15:18:08.091907,KXBTCD-25MAY2019-T106249.99,DELTA,46,14,55,4250,349,yes,41,2000
2025-05-20T15:18:08.092577,KXBTCD-25MAY2019-T106249.99,DELTA,46,14,55,4250,350,yes,39,1250
2025-05-20T15:18:08.100069,KXBTCD-25MAY2019-T106249.99,DELTA,46,14,55,4250,351,no,4,-7290
2025-05-20T15:18:08.100548,KXBTCD-25MAY2019-T106249.99,DELTA,46,14,55,4250,352,no,6,4860
2025-05-20T15:18:08.119847,KXBTCD-25MAY2019-T106249.99,DELTA,46,14,55,4250,353,yes,7,-20000
2025-05-20T15:18:08.138945,KXBTCD-25MAY2019-T106249.99,DELTA,46,14,55,4250,354,yes,42,-250
2025-05-20T15:18:08.139226,KXBTCD-25MAY2019-T106249.99,DELTA,46,14,55,4250,355,yes,32,250
2025-05-20T15:18:08.182614,KXBTCD-25MAY2019-T106249.99,DELTA,46,14,55,4250,356,no,5,-20000
2025-05-20T15:18:08.182803,KXBTCD-25MAY2019-T106249.99,DELTA,46,14,55,4250,357,yes,9,20000
2025-05-20T15:18:08.218858,KXBTCD-25MAY2019-T106249.99,DELTA,46,14,55,4250,358,no,7,20000
2025-05-20T15:18:08.282220,KXBTCD-25MAY2019-T106249.99,DELTA,46,14,55,4250,359,yes,39,-1250
2025-05-20T15:18:08.319854,KXBTCD-25MAY2019-T106249.99,DELTA,46,14,55,4250,360,yes,40,1250
2025-05-20T15:18:08.549757,KXBTCD-25MAY2019-T106249.99,DELTA,46,14,55,4250,361,yes,45,100
2025-05-20T15:18:08.600640,KXBTCD-25MAY2019-T106249.99,DELTA,46,14,55,4250,362,yes,40,-1250
2025-05-20T15:18:08.695004,KXBTCD-25MAY2019-T106249.99,DELTA,46,14,55,4250,363,yes,44,30
2025-05-20T15:18:08.696061,KXBTCD-25MAY2019-T106249.99,DELTA,46,14,55,4250,364,yes,39,1250
2025-05-20T15:18:08.696657,KXBTCD-25MAY2019-T106249.99,DELTA,46,14,55,4250,365,yes,44,14
2025-05-20T15:18:08.697309,KXBTCD-25MAY2019-T106249.99,DELTA,45,155,55,4250,366,yes,46,-14
2025-05-20T15:18:08.697955,KXBTCD-25MAY2019-T106249.99,DELTA,45,125,55,4250,367,yes,45,-30
2025-05-20T15:18:08.698434,KXBTCD-25MAY2019-T106249.99,DELTA,45,125,55,4250,368,no,37,30
2025-05-20T15:18:08.698864,KXBTCD-25MAY2019-T106249.99,DELTA,45,125,55,4250,369,no,36,-30
2025-05-20T15:18:08.699244,KXBTCD-25MAY2019-T106249.99,DELTA,45,125,55,4250,370,no,39,14
2025-05-20T15:18:08.699618,KXBTCD-25MAY2019-T106249.99,DELTA,45,125,55,4250,371,no,37,-14
2025-05-20T15:18:08.700546,KXBTCD-25MAY2019-T106249.99,DELTA,45,125,55,4250,372,yes,44,-1000
2025-05-20T15:18:08.739233,KXBTCD-25MAY2019-T106249.99,DELTA,45,125,55,4250,373,yes,41,1000
2025-05-20T15:18:08.760346,KXBTCD-25MAY2019-T106249.99,DELTA,45,125,55,4250,374,yes,44,-4200
2025-05-20T15:18:08.799675,KXBTCD-25MAY2019-T106249.99,DELTA,45,125,55,4250,375,yes,43,4200
2025-05-20T15:18:08.822415,KXBTCD-25MAY2019-T106249.99,DELTA,45,125,55,4250,376,yes,41,-2000
2025-05-20T15:18:08.822680,KXBTCD-25MAY2019-T106249.99,DELTA,45,125,55,4250,377,yes,39,-1250
2025-05-20T15:18:08.860202,KXBTCD-25MAY2019-T106249.99,DELTA,45,100,55,4250,378,yes,45,-25
2025-05-20T15:18:08.860991,KXBTCD-25MAY2019-T106249.99,DELTA,45,100,55,4250,379,yes,44,25
2025-05-20T15:18:08.892137,KXBTCD-25MAY2019-T106249.99,DELTA,45,100,55,4250,380,yes,41,-1000
2025-05-20T15:18:08.892865,KXBTCD-25MAY2019-T106249.99,DELTA,45,100,55,4250,381,yes,38,1250
2025-05-20T15:18:08.893372,KXBTCD-25MAY2019-T106249.99,DELTA,45,100,55,4250,382,yes,40,2000
2025-05-20T15:18:08.918905,KXBTCD-25MAY2019-T106249.99,DELTA,45,100,55,4250,383,yes,43,1000
2025-05-20T15:18:09.019573,KXBTCD-25MAY2019-T106249.99,DELTA,45,100,55,4250,384,yes,40,-2000
2025-05-20T15:18:09.020282,KXBTCD-25MAY2019-T106249.99,DELTA,45,100,55,4250,385,yes,38,-1250
2025-05-20T15:18:09.087119,KXBTCD-25MAY2019-T106249.99,DELTA,45,100,55,4250,386,yes,38,1250
2025-05-20T15:18:09.098882,KXBTCD-25MAY2019-T106249.99,DELTA,45,100,55,4250,387,yes,40,2000
2025-05-20T15:18:09.121992,KXBTCD-25MAY2019-T106249.99,DELTA,45,100,54,250,388,no,46,250
2025-05-20T15:18:09.139074,KXBTCD-25MAY2019-T106249.99,DELTA,45,100,54,250,389,no,36,-250
2025-05-20T15:18:09.180503,KXBTCD-25MAY2019-T106249.99,DELTA,45,100,54,250,390,no,45,-2000
2025-05-20T15:18:09.199729,KXBTCD-25MAY2019-T106249.99,DELTA,45,100,54,250,391,no,45,-1000
2025-05-20T15:18:09.200795,KXBTCD-25MAY2019-T106249.99,DELTA,45,100,54,250,392,no,45,-1250
2025-05-20T15:18:09.260110,KXBTCD-25MAY2019-T106249.99,DELTA,45,100,53,1250,393,no,47,1250
2025-05-20T15:18:09.260898,KXBTCD-25MAY2019-T106249.99,DELTA,45,100,53,3250,394,no,47,2000
2025-05-20T15:18:09.261655,KXBTCD-25MAY2019-T106249.99,DELTA,45,100,53,4250,395,no,47,1000
2025-05-20T15:18:09.300132,KXBTCD-25MAY2019-T106249.99,DELTA,45,100,53,4250,396,yes,40,-2000
2025-05-20T15:18:09.319295,KXBTCD-25MAY2019-T106249.99,DELTA,45,100,53,4250,397,yes,38,-1250
2025-05-20T15:18:09.320316,KXBTCD-25MAY2019-T106249.99,DELTA,45,100,53,3000,398,no,47,-1250
2025-05-20T15:18:09.379433,KXBTCD-25MAY2019-T106249.99,DELTA,45,100,53,3000,399,yes,39,1250
2025-05-20T15:18:09.380152,KXBTCD-25MAY2019-T106249.99,DELTA,45,100,53,3000,400,yes,41,2000
2025-05-20T15:18:09.380651,KXBTCD-25MAY2019-T106249.99,DELTA,45,100,53,3000,401,no,46,1250
2025-05-20T15:18:09.420194,KXBTCD-25MAY2019-T106249.99,DELTA,44,69,53,3000,402,yes,45,-100
2025-05-20T15:18:10.279878,KXBTCD-25MAY2019-T106249.99,DELTA,44,69,53,3000,403,yes,8,-3645
2025-05-20T15:18:10.280992,KXBTCD-25MAY2019-T106249.99,DELTA,44,69,53,3000,404,yes,11,2650
2025-05-20T15:18:10.319022,KXBTCD-25MAY2019-T106249.99,DELTA,44,69,53,3000,405,no,6,-4860
2025-05-20T15:18:10.319822,KXBTCD-25MAY2019-T106249.99,DELTA,44,69,53,3000,406,no,8,3645
2025-05-20T15:18:10.339684,KXBTCD-25MAY2019-T106249.99,DELTA,44,69,53,3000,407,yes,9,-20000
2025-05-20T15:18:10.378360,KXBTCD-25MAY2019-T106249.99,DELTA,44,69,53,3000,408,no,7,-20000
2025-05-20T15:18:10.379731,KXBTCD-25MAY2019-T106249.99,DELTA,44,69,53,3000,409,yes,5,20000
2025-05-20T15:18:10.418265,KXBTCD-25MAY2019-T106249.99,DELTA,44,69,53,3000,410,no,9,20000
2025-05-20T15:18:10.815742,KXBTCD-25MAY2019-T106249.99,DELTA,45,100,53,3000,411,yes,45,100
2025-05-20T15:18:11.139862,KXBTCD-25MAY2019-T106249.99,DELTA,45,100,53,3000,412,no,46,-250
2025-05-20T15:18:11.176965,KXBTCD-25MAY2019-T106249.99,DELTA,45,100,53,3000,413,no,36,250
2025-05-20T15:18:11.218765,KXBTCD-25MAY2019-T106249.99,DELTA,45,100,53,1000,414,no,47,-2000
2025-05-20T15:18:11.218970,KXBTCD-25MAY2019-T106249.99,DELTA,45,100,54,1250,415,no,47,-1000
2025-05-20T15:18:11.238573,KXBTCD-25MAY2019-T106249.99,DELTA,45,100,56,250,416,no,46,-1250
2025-05-20T15:18:11.278712,KXBTCD-25MAY2019-T106249.99,DELTA,45,100,55,1000,417,no,45,1000
2025-05-20T15:18:11.278842,KXBTCD-25MAY2019-T106249.99,DELTA,45,100,55,1000,418,no,44,-250
2025-05-20T15:18:11.278923,KXBTCD-25MAY2019-T106249.99,DELTA,45,100,55,1000,419,no,34,250
2025-05-20T15:18:11.298062,KXBTCD-25MAY2019-T106249.99,DELTA,45,100,55,2250,420,no,45,1250
2025-05-20T15:18:11.298171,KXBTCD-25MAY2019-T106249.99,DELTA,45,100,55,4250,421,no,45,2000
2025-05-20T15:18:11.318531,KXBTCD-25MAY2019-T106249.99,DELTA,45,100,55,4250,422,no,44,250
2025-05-20T15:18:11.339034,KXBTCD-25MAY2019-T106249.99,DELTA,45,100,55,2250,423,no,45,-2000
2025-05-20T15:18:11.339182,KXBTCD-25MAY2019-T106249.99,DELTA,45,100,55,1250,424,no,45,-1000
2025-05-20T15:18:11.339283,KXBTCD-25MAY2019-T106249.99,DELTA,45,100,55,1250,425,no,34,-250
2025-05-20T15:18:11.357944,KXBTCD-25MAY2019-T106249.99,DELTA,45,100,56,250,426,no,45,-1250
2025-05-20T15:18:11.399439,KXBTCD-25MAY2019-T106249.99,DELTA,45,100,55,1250,427,no,45,1250
2025-05-20T15:18:11.400098,KXBTCD-25MAY2019-T106249.99,DELTA,45,100,55,2250,428,no,45,1000
2025-05-20T15:18:11.400458,KXBTCD-25MAY2019-T106249.99,DELTA,45,100,55,2250,429,no,34,250
2025-05-20T15:18:11.400766,KXBTCD-25MAY2019-T106249.99,DELTA,45,100,55,2250,430,no,44,-250
2025-05-20T15:18:11.419439,KXBTCD-25MAY2019-T106249.99,DELTA,45,100,55,2250,431,no,8,-3645
2025-05-20T15:18:11.419700,KXBTCD-25MAY2019-T106249.99,DELTA,45,100,55,2250,432,no,10,2916
2025-05-20T15:18:11.439308,KXBTCD-25MAY2019-T106249.99,DELTA,45,100,55,2250,433,no,44,250
2025-05-20T15:18:11.440075,KXBTCD-25MAY2019-T106249.99,DELTA,45,100,55,2250,434,no,34,-250
2025-05-20T15:18:11.458554,KXBTCD-25MAY2019-T106249.99,DELTA,45,100,55,1250,435,no,45,-1000
2025-05-20T15:18:11.479685,KXBTCD-25MAY2019-T106249.99,DELTA,45,100,56,250,436,no,45,-1250
2025-05-20T15:18:11.480453,KXBTCD-25MAY2019-T106249.99,DELTA,45,100,56,250,437,no,9,-20000
2025-05-20T15:18:11.499116,KXBTCD-25MAY2019-T106249.99,DELTA,45,100,55,2000,438,no,45,2000
2025-05-20T15:18:11.520042,KXBTCD-25MAY2019-T106249.99,DELTA,45,100,55,3250,439,no,45,1250
2025-05-20T15:18:11.520305,KXBTCD-25MAY2019-T106249.99,DELTA,45,100,55,4250,440,no,45,1000
2025-05-20T15:18:11.520477,KXBTCD-25MAY2019-T106249.99,DELTA,45,100,55,4250,441,no,44,-250
2025-05-20T15:18:11.541867,KXBTCD-25MAY2019-T106249.99,DELTA,45,100,55,4250,442,no,34,250
2025-05-20T15:18:11.559417,KXBTCD-25MAY2019-T106249.99,DELTA,45,100,55,4250,443,no,34,-250
2025-05-20T15:18:11.599314,KXBTCD-25MAY2019-T106249.99,DELTA,45,100,55,2250,444,no,45,-2000
2025-05-20T15:18:11.619560,KXBTCD-25MAY2019-T106249.99,DELTA,45,100,55,1250,445,no,45,-1000
2025-05-20T15:18:11.620364,KXBTCD-25MAY2019-T106249.99,DELTA,45,100,58,250,446,no,45,-1250
2025-05-20T15:18:11.658992,KXBTCD-25MAY2019-T106249.99,DELTA,45,100,58,250,447,no,34,250
2025-05-20T15:18:11.698792,KXBTCD-25MAY2019-T106249.99,DELTA,45,100,57,1000,448,no,43,1000
2025-05-20T15:18:11.699834,KXBTCD-25MAY2019-T106249.99,DELTA,45,100,57,2250,449,no,43,1250
2025-05-20T15:18:11.700190,KXBTCD-25MAY2019-T106249.99,DELTA,45,100,57,4250,450,no,43,2000
2025-05-20T15:18:11.740636,KXBTCD-25MAY2019-T106249.99,DELTA,45,100,57,4250,451,no,34,-250
2025-05-20T15:18:11.741392,KXBTCD-25MAY2019-T106249.99,DELTA,45,100,56,250,452,no,44,250
2025-05-20T15:18:11.820826,KXBTCD-25MAY2019-T106249.99,DELTA,45,100,56,250,453,no,43,-2000
2025-05-20T15:18:11.821943,KXBTCD-25MAY2019-T106249.99,DELTA,45,100,56,250,454,no,43,-1000
2025-05-20T15:18:11.846451,KXBTCD-25MAY2019-T106249.99,DELTA,45,100,56,250,455,no,43,-1250
2025-05-20T15:18:11.882006,KXBTCD-25MAY2019-T106249.99,DELTA,45,100,55,1000,456,no,45,1000
2025-05-20T15:18:11.883202,KXBTCD-25MAY2019-T106249.99,DELTA,45,100,55,3000,457,no,45,2000
2025-05-20T15:18:11.884206,KXBTCD-25MAY2019-T106249.99,DELTA,45,100,55,4250,458,no,45,1250
2025-05-20T15:18:12.400062,KXBTCD-25MAY2019-T106249.99,DELTA,45,100,55,4250,459,yes,41,-2000
2025-05-20T15:18:12.400969,KXBTCD-25MAY2019-T106249.99,DELTA,45,100,55,4250,460,yes,44,-25
2025-05-20T15:18:12.439048,KXBTCD-25MAY2019-T106249.99,DELTA,45,100,55,4250,461,no,10,-2916
2025-05-20T15:18:12.439945,KXBTCD-25MAY2019-T106249.99,DELTA,45,100,55,4250,462,no,4,7290
2025-05-20T15:18:12.457832,KXBTCD-25MAY2019-T106249.99,DELTA,45,100,55,4250,463,yes,40,2000
2025-05-20T15:18:12.458474,KXBTCD-25MAY2019-T106249.99,DELTA,45,100,55,4250,464,yes,43,-4200
2025-05-20T15:18:12.480491,KXBTCD-25MAY2019-T106249.99,DELTA,45,100,55,4250,465,yes,43,14
2025-05-20T15:18:12.481098,KXBTCD-25MAY2019-T106249.99,DELTA,45,100,55,4250,466,yes,44,-14
2025-05-20T15:18:12.481589,KXBTCD-25MAY2019-T106249.99,DELTA,45,100,55,4250,467,yes,39,-1250
2025-05-20T15:18:12.481944,KXBTCD-25MAY2019-T106249.99,DELTA,45,100,55,4250,468,yes,42,30
2025-05-20T15:18:12.501246,KXBTCD-25MAY2019-T106249.99,DELTA,45,100,55,4250,469,no,39,-14
2025-05-20T15:18:12.502067,KXBTCD-25MAY2019-T106249.99,DELTA,45,100,55,4250,470,no,39,30
2025-05-20T15:18:12.502624,KXBTCD-25MAY2019-T106249.99,DELTA,45,100,55,4250,471,no,40,14
2025-05-20T15:18:12.503142,KXBTCD-25MAY2019-T106249.99,DELTA,45,100,55,4250,472,yes,43,-1000
2025-05-20T15:18:12.503772,KXBTCD-25MAY2019-T106249.99,DELTA,45,100,55,4250,473,yes,42,4200
2025-05-20T15:18:12.504153,KXBTCD-25MAY2019-T106249.99,DELTA,45,100,55,4250,474,yes,44,-30
2025-05-20T15:18:12.504334,KXBTCD-25MAY2019-T106249.99,DELTA,45,100,55,4250,475,no,5,20000
2025-05-20T15:18:12.519046,KXBTCD-25MAY2019-T106249.99,DELTA,45,100,55,4250,476,no,37,-30
2025-05-20T15:18:12.519337,KXBTCD-25MAY2019-T106249.99,DELTA,45,100,55,4250,477,yes,40,-2000
2025-05-20T15:18:12.558634,KXBTCD-25MAY2019-T106249.99,DELTA,45,100,55,4250,478,yes,37,1250
2025-05-20T15:18:12.579334,KXBTCD-25MAY2019-T106249.99,DELTA,45,100,55,4250,479,yes,42,1000
2025-05-20T15:18:12.619360,KXBTCD-25MAY2019-T106249.99,DELTA,45,100,55,4250,480,yes,39,2000
2025-05-20T15:18:12.739622,KXBTCD-25MAY2019-T106249.99,DELTA,45,100,55,4250,481,yes,42,-1000
2025-05-20T15:18:12.781508,KXBTCD-25MAY2019-T106249.99,DELTA,45,100,55,4250,482,yes,41,1000
2025-05-20T15:18:13.079683,KXBTCD-25MAY2019-T106249.99,DELTA,43,14,55,4250,483,yes,45,-100
2025-05-20T15:18:13.166504,KXBTCD-25MAY2019-T106249.99,DELTA,43,14,54,250,484,no,46,250
2025-05-20T15:18:13.166880,KXBTCD-25MAY2019-T106249.99,DELTA,43,14,54,250,485,yes,30,250
2025-05-20T15:18:13.199440,KXBTCD-25MAY2019-T106249.99,DELTA,43,14,54,250,486,yes,40,-250
2025-05-20T15:18:13.218382,KXBTCD-25MAY2019-T106249.99,DELTA,43,14,54,250,487,no,36,-250
2025-05-20T15:18:13.218748,KXBTCD-25MAY2019-T106249.99,DELTA,43,14,54,250,488,no,45,-2000
2025-05-20T15:18:13.238020,KXBTCD-25MAY2019-T106249.99,DELTA,43,14,54,250,489,no,45,-1000
2025-05-20T15:18:13.238151,KXBTCD-25MAY2019-T106249.99,DELTA,43,14,54,250,490,no,45,-1250
2025-05-20T15:18:13.257345,KXBTCD-25MAY2019-T106249.99,DELTA,43,14,54,250,491,yes,41,-1000
2025-05-20T15:18:13.287461,KXBTCD-25MAY2019-T106249.99,DELTA,43,14,53,1250,492,no,47,1250
2025-05-20T15:18:13.287724,KXBTCD-25MAY2019-T106249.99,DELTA,43,14,53,3250,493,no,47,2000
2025-05-20T15:18:13.307812,KXBTCD-25MAY2019-T106249.99,DELTA,43,14,53,4250,494,no,47,1000
2025-05-20T15:18:13.325862,KXBTCD-25MAY2019-T106249.99,DELTA,43,14,53,4250,495,yes,39,1000
2025-05-20T15:18:13.502717,KXBTCD-25MAY2019-T106249.99,DELTA,43,14,53,4250,496,no,4,-7290
2025-05-20T15:18:13.503843,KXBTCD-25MAY2019-T106249.99,DELTA,43,14,53,4250,497,no,6,4860
2025-05-20T15:18:13.568414,KXBTCD-25MAY2019-T106249.99,DELTA,43,14,53,4250,498,no,5,-20000
2025-05-20T15:18:13.638695,KXBTCD-25MAY2019-T106249.99,DELTA,43,14,53,4250,499,no,7,20000
2025-05-20T15:18:13.789764,KXBTCD-25MAY2019-T106249.99,DELTA,43,14,53,4250,500,yes,39,-2000
2025-05-20T15:18:13.809303,KXBTCD-25MAY2019-T106249.99,DELTA,43,14,53,4250,501,yes,37,-1250
2025-05-20T15:18:13.849267,KXBTCD-25MAY2019-T106249.99,DELTA,43,14,53,4250,502,yes,38,2000
2025-05-20T15:18:13.850076,KXBTCD-25MAY2019-T106249.99,DELTA,43,14,53,4250,503,yes,36,1250
2025-05-20T15:18:13.868822,KXBTCD-25MAY2019-T106249.99,DELTA,43,114,53,4250,504,yes,43,100
2025-05-20T15:18:14.119602,KXBTCD-25MAY2019-T106249.99,DELTA,43,114,53,4250,505,yes,42,-4200
2025-05-20T15:18:14.179287,KXBTCD-25MAY2019-T106249.99,DELTA,43,114,53,4250,506,yes,41,4200
2025-05-20T15:18:14.260048,KXBTCD-25MAY2019-T106249.99,DELTA,43,114,53,4250,507,yes,39,-1000
2025-05-20T15:18:14.299430,KXBTCD-25MAY2019-T106249.99,DELTA,43,114,53,4250,508,yes,41,1000
2025-05-20T15:18:14.439222,KXBTCD-25MAY2019-T106249.99,DELTA,43,114,53,4250,509,yes,42,25
2025-05-20T15:18:14.579631,KXBTCD-25MAY2019-T106249.99,DELTA,43,14,53,4250,510,yes,43,-100
2025-05-20T15:18:14.579949,KXBTCD-25MAY2019-T106249.99,DELTA,43,14,53,4250,511,yes,41,-4200
2025-05-20T15:18:14.580056,KXBTCD-25MAY2019-T106249.99,DELTA,43,14,53,4250,512,yes,38,-2000
2025-05-20T15:18:14.580145,KXBTCD-25MAY2019-T106249.99,DELTA,43,14,53,4250,513,yes,41,-1000
2025-05-20T15:18:14.580231,KXBTCD-25MAY2019-T106249.99,DELTA,43,14,53,4250,514,yes,36,-1250
2025-05-20T15:18:14.671640,KXBTCD-25MAY2019-T106249.99,DELTA,43,14,53,4250,515,yes,42,4200
2025-05-20T15:18:14.671832,KXBTCD-25MAY2019-T106249.99,DELTA,43,14,53,4250,516,no,6,-4860
2025-05-20T15:18:14.671954,KXBTCD-25MAY2019-T106249.99,DELTA,43,14,53,4250,517,no,8,3645
2025-05-20T15:18:14.674140,KXBTCD-25MAY2019-T106249.99,DELTA,43,14,53,4250,518,yes,42,1000
2025-05-20T15:18:14.674258,KXBTCD-25MAY2019-T106249.99,DELTA,43,14,53,4250,519,yes,39,2000
2025-05-20T15:18:14.674357,KXBTCD-25MAY2019-T106249.99,DELTA,43,14,53,4250,520,yes,5,-20000
2025-05-20T15:18:14.674453,KXBTCD-25MAY2019-T106249.99,DELTA,43,14,53,4250,521,yes,38,1250
2025-05-20T15:18:14.698581,KXBTCD-25MAY2019-T106249.99,DELTA,43,14,53,4250,522,yes,41,20000
2025-05-20T15:18:14.738345,KXBTCD-25MAY2019-T106249.99,DELTA,43,14,53,4250,523,yes,41,-20000
2025-05-20T15:18:14.779300,KXBTCD-25MAY2019-T106249.99,DELTA,43,14,53,4250,524,yes,5,20000
2025-05-20T15:18:14.839123,KXBTCD-25MAY2019-T106249.99,DELTA,43,14,53,4250,525,no,7,-20000
2025-05-20T15:18:14.859244,KXBTCD-25MAY2019-T106249.99,DELTA,43,14,53,4250,526,yes,39,-2000
2025-05-20T15:18:14.860131,KXBTCD-25MAY2019-T106249.99,DELTA,43,14,53,4250,527,yes,42,-1000
2025-05-20T15:18:14.879226,KXBTCD-25MAY2019-T106249.99,DELTA,43,14,53,4250,528,yes,38,-1250
2025-05-20T15:18:14.898573,KXBTCD-25MAY2019-T106249.99,DELTA,43,14,53,4250,529,no,9,20000
2025-05-20T15:18:14.939570,KXBTCD-25MAY2019-T106249.99,DELTA,43,14,53,4250,530,yes,39,1000
2025-05-20T15:18:14.959630,KXBTCD-25MAY2019-T106249.99,DELTA,43,14,53,4250,531,yes,36,1250
2025-05-20T15:18:14.960255,KXBTCD-25MAY2019-T106249.99,DELTA,43,14,53,4250,532,yes,38,2000
2025-05-20T15:18:15.141489,KXBTCD-25MAY2019-T106249.99,DELTA,43,14,53,4250,533,yes,42,-4200
2025-05-20T15:18:15.179846,KXBTCD-25MAY2019-T106249.99,DELTA,43,14,53,4250,534,yes,41,4200
2025-05-20T15:18:15.240734,KXBTCD-25MAY2019-T106249.99,DELTA,43,14,53,4250,535,yes,39,-1000
2025-05-20T15:18:15.281311,KXBTCD-25MAY2019-T106249.99,DELTA,43,14,53,4250,536,yes,41,1000
2025-05-20T15:18:15.659098,KXBTCD-25MAY2019-T106249.99,DELTA,43,14,53,4250,537,yes,41,-1000
2025-05-20T15:18:15.700348,KXBTCD-25MAY2019-T106249.99,DELTA,43,14,53,4250,538,yes,39,1000
2025-05-20T15:18:15.878548,KXBTCD-25MAY2019-T106249.99,DELTA,43,14,53,4250,539,yes,39,-1000
2025-05-20T15:18:15.918123,KXBTCD-25MAY2019-T106249.99,DELTA,43,14,53,4250,540,yes,42,100
2025-05-20T15:18:15.918872,KXBTCD-25MAY2019-T106249.99,DELTA,43,14,53,4250,541,yes,41,1000
2025-05-20T15:18:16.059904,KXBTCD-25MAY2019-T106249.99,DELTA,43,14,53,4250,542,yes,11,-2650
2025-05-20T15:18:17.983577,KXBTCD-25MAY2019-T106249.99,DELTA,43,14,53,4250,543,no,8,-3645
2025-05-20T15:18:17.984625,KXBTCD-25MAY2019-T106249.99,DELTA,43,14,53,4250,544,no,10,2916
2025-05-20T15:18:18.018746,KXBTCD-25MAY2019-T106249.99,DELTA,43,14,53,4250,545,yes,41,-1000
2025-05-20T15:18:18.041195,KXBTCD-25MAY2019-T106249.99,DELTA,43,14,53,4250,546,no,9,-20000
2025-05-20T15:18:18.059040,KXBTCD-25MAY2019-T106249.99,DELTA,43,14,53,4250,547,yes,39,1000
2025-05-20T15:18:18.679726,KXBTCD-25MAY2019-T106249.99,DELTA,43,14,53,4250,548,yes,38,-2000
2025-05-20T15:18:18.700133,KXBTCD-25MAY2019-T106249.99,DELTA,43,14,53,4250,549,yes,39,-1000
2025-05-20T15:18:18.700753,KXBTCD-25MAY2019-T106249.99,DELTA,43,14,53,4250,550,yes,36,-1250
2025-05-20T15:18:18.761030,KXBTCD-25MAY2019-T106249.99,DELTA,43,14,53,4250,551,yes,36,1250
2025-05-20T15:18:18.761800,KXBTCD-25MAY2019-T106249.99,DELTA,43,14,53,4250,552,yes,41,1000
2025-05-20T15:18:18.762352,KXBTCD-25MAY2019-T106249.99,DELTA,43,14,53,4250,553,yes,38,2000
2025-05-20T15:18:19.398590,KXBTCD-25MAY2019-T106249.99,DELTA,43,14,53,4250,554,yes,41,-1000
2025-05-20T15:18:19.438851,KXBTCD-25MAY2019-T106249.99,DELTA,43,14,53,4250,555,yes,39,1000
2025-05-20T15:18:20.135540,KXBTCD-25MAY2019-T106249.99,DELTA,43,14,52,250,556,no,48,250
2025-05-20T15:18:20.136615,KXBTCD-25MAY2019-T106249.99,DELTA,43,14,52,250,557,no,38,-250
2025-05-20T15:18:20.181078,KXBTCD-25MAY2019-T106249.99,DELTA,43,14,52,250,558,no,47,-2000
2025-05-20T15:18:20.181633,KXBTCD-25MAY2019-T106249.99,DELTA,43,14,52,250,559,no,47,-1000
2025-05-20T15:18:20.201095,KXBTCD-25MAY2019-T106249.99,DELTA,43,14,52,250,560,no,47,-1250
2025-05-20T15:18:20.279236,KXBTCD-25MAY2019-T106249.99,DELTA,43,14,51,1000,561,no,49,1000
2025-05-20T15:18:20.280234,KXBTCD-25MAY2019-T106249.99,DELTA,43,14,51,3000,562,no,49,2000
2025-05-20T15:18:20.280848,KXBTCD-25MAY2019-T106249.99,DELTA,43,14,51,4250,563,no,49,1250
2025-05-20T15:18:20.281333,KXBTCD-25MAY2019-T106249.99,DELTA,43,14,51,4250,564,yes,11,2650
2025-05-20T15:18:20.333024,KXBTCD-25MAY2019-T106249.99,DELTA,43,14,51,4250,565,no,10,-2916
2025-05-20T15:18:20.333953,KXBTCD-25MAY2019-T106249.99,DELTA,43,14,51,4250,566,no,4,7290
2025-05-20T15:18:20.334529,KXBTCD-25MAY2019-T106249.99,DELTA,42,155,51,4250,567,yes,43,-14
2025-05-20T15:18:20.335038,KXBTCD-25MAY2019-T106249.99,DELTA,42,155,51,4250,568,yes,40,30
2025-05-20T15:18:20.335516,KXBTCD-25MAY2019-T106249.99,DELTA,42,125,51,4250,569,yes,42,-30
2025-05-20T15:18:20.335978,KXBTCD-25MAY2019-T106249.99,DELTA,42,125,51,4250,570,yes,41,14
2025-05-20T15:18:20.336441,KXBTCD-25MAY2019-T106249.99,DELTA,42,125,51,4250,571,no,41,30
2025-05-20T15:18:20.336896,KXBTCD-25MAY2019-T106249.99,DELTA,42,125,51,4250,572,no,40,-14
2025-05-20T15:18:20.337338,KXBTCD-25MAY2019-T106249.99,DELTA,42,125,51,4250,573,no,42,14
2025-05-20T15:18:20.337776,KXBTCD-25MAY2019-T106249.99,DELTA,42,125,51,4250,574,no,39,-30
2025-05-20T15:18:20.338476,KXBTCD-25MAY2019-T106249.99,DELTA,42,125,51,4250,575,yes,38,-2000
2025-05-20T15:18:20.379802,KXBTCD-25MAY2019-T106249.99,DELTA,42,125,51,4250,576,yes,37,2000
2025-05-20T15:18:20.380541,KXBTCD-25MAY2019-T106249.99,DELTA,42,125,51,4250,577,no,5,20000
2025-05-20T15:18:20.419821,KXBTCD-25MAY2019-T106249.99,DELTA,42,125,51,4250,578,yes,39,-1000
2025-05-20T15:18:20.462702,KXBTCD-25MAY2019-T106249.99,DELTA,42,125,51,4250,579,yes,40,1000
2025-05-20T15:18:20.851038,KXBTCD-25MAY2019-T106249.99,DELTA,42,125,51,4250,580,yes,36,-1250
2025-05-20T15:18:20.861592,KXBTCD-25MAY2019-T106249.99,DELTA,42,125,51,4250,581,yes,25,-3000
2025-05-20T15:18:20.878544,KXBTCD-25MAY2019-T106249.99,DELTA,42,125,51,4250,582,no,48,-250
2025-05-20T15:18:20.901593,KXBTCD-25MAY2019-T106249.99,DELTA,42,125,51,4250,583,no,38,250
2025-05-20T15:18:20.902231,KXBTCD-25MAY2019-T106249.99,DELTA,42,125,51,4250,584,yes,19,3000
2025-05-20T15:18:20.902819,KXBTCD-25MAY2019-T106249.99,DELTA,42,125,51,4250,585,yes,37,1250
2025-05-20T15:18:20.903456,KXBTCD-25MAY2019-T106249.99,DELTA,42,125,51,4250,586,yes,37,-2000
2025-05-20T15:18:20.919734,KXBTCD-25MAY2019-T106249.99,DELTA,42,125,51,3000,587,no,49,-1250
2025-05-20T15:18:20.920172,KXBTCD-25MAY2019-T106249.99,DELTA,42,125,51,3000,588,yes,40,-1000
2025-05-20T15:18:20.959448,KXBTCD-25MAY2019-T106249.99,DELTA,42,125,51,1000,589,no,49,-2000
2025-05-20T15:18:20.978797,KXBTCD-25MAY2019-T106249.99,DELTA,42,125,54,250,590,no,49,-1000
2025-05-20T15:18:20.979500,KXBTCD-25MAY2019-T106249.99,DELTA,42,125,53,1250,591,no,47,1250
2025-05-20T15:18:20.980075,KXBTCD-25MAY2019-T106249.99,DELTA,42,125,53,1250,592,yes,39,2000
2025-05-20T15:18:20.980539,KXBTCD-25MAY2019-T106249.99,DELTA,42,1125,53,1250,593,yes,42,1000
2025-05-20T15:18:21.019283,KXBTCD-25MAY2019-T106249.99,DELTA,42,1125,53,2250,594,no,47,1000
2025-05-20T15:18:21.020044,KXBTCD-25MAY2019-T106249.99,DELTA,42,1125,53,4250,595,no,47,2000
2025-05-20T15:18:21.039211,KXBTCD-25MAY2019-T106249.99,DELTA,42,125,53,4250,596,yes,42,-1000
2025-05-20T15:18:21.079762,KXBTCD-25MAY2019-T106249.99,DELTA,42,125,53,4250,597,yes,41,1000
2025-05-20T15:18:21.121687,KXBTCD-25MAY2019-T106249.99,DELTA,42,125,53,4250,598,yes,39,-2000
2025-05-20T15:18:21.167666,KXBTCD-25MAY2019-T106249.99,DELTA,42,125,53,4250,599,yes,37,-1250
2025-05-20T15:18:21.218821,KXBTCD-25MAY2019-T106249.99,DELTA,42,125,53,4250,600,yes,38,2000
2025-05-20T15:18:21.219151,KXBTCD-25MAY2019-T106249.99,DELTA,42,125,53,4250,601,yes,36,1250
2025-05-20T15:18:21.399136,KXBTCD-25MAY2019-T106249.99,DELTA,42,125,53,4250,602,no,4,-7290
2025-05-20T15:18:21.399792,KXBTCD-25MAY2019-T106249.99,DELTA,42,125,53,4250,603,no,6,4860
2025-05-20T15:18:21.459005,KXBTCD-25MAY2019-T106249.99,DELTA,42,125,53,4250,604,no,5,-20000
2025-05-20T15:18:21.499300,KXBTCD-25MAY2019-T106249.99,DELTA,42,125,53,4250,605,no,7,20000
2025-05-20T15:18:22.459329,KXBTCD-25MAY2019-T106249.99,DELTA,42,125,53,4250,606,no,6,-4860
2025-05-20T15:18:22.460444,KXBTCD-25MAY2019-T106249.99,DELTA,42,125,53,4250,607,no,8,3645
2025-05-20T15:18:22.499998,KXBTCD-25MAY2019-T106249.99,DELTA,42,125,53,4250,608,yes,41,-1000
2025-05-20T15:18:22.520491,KXBTCD-25MAY2019-T106249.99,DELTA,42,125,53,4250,609,no,7,-20000
2025-05-20T15:18:22.542658,KXBTCD-25MAY2019-T106249.99,DELTA,42,125,53,4250,610,yes,38,-2000
2025-05-20T15:18:22.560011,KXBTCD-25MAY2019-T106249.99,DELTA,42,125,53,4250,611,yes,40,1000
2025-05-20T15:18:22.578556,KXBTCD-25MAY2019-T106249.99,DELTA,42,125,53,4250,612,no,9,20000
2025-05-20T15:18:22.598802,KXBTCD-25MAY2019-T106249.99,DELTA,42,125,53,4250,613,yes,37,2000
2025-05-20T15:18:22.660429,KXBTCD-25MAY2019-T106249.99,DELTA,42,125,53,4250,614,yes,36,-1250
2025-05-20T15:18:22.699927,KXBTCD-25MAY2019-T106249.99,DELTA,42,125,53,4250,615,yes,35,1250
2025-05-20T15:18:22.840605,KXBTCD-25MAY2019-T106249.99,DELTA,42,125,53,4250,616,yes,40,-1000
2025-05-20T15:18:22.861744,KXBTCD-25MAY2019-T106249.99,DELTA,42,125,53,4250,617,no,25,-3000
2025-05-20T15:18:22.900635,KXBTCD-25MAY2019-T106249.99,DELTA,42,125,53,4250,618,no,32,3000
2025-05-20T15:18:22.901377,KXBTCD-25MAY2019-T106249.99,DELTA,42,125,53,4250,619,yes,39,1000
2025-05-20T15:18:23.159716,KXBTCD-25MAY2019-T106249.99,DELTA,42,125,52,250,620,no,48,250
2025-05-20T15:18:23.181175,KXBTCD-25MAY2019-T106249.99,DELTA,42,125,52,250,621,no,38,-250
2025-05-20T15:18:23.181318,KXBTCD-25MAY2019-T106249.99,DELTA,42,100,52,250,622,yes,42,-25
2025-05-20T15:18:23.219406,KXBTCD-25MAY2019-T106249.99,DELTA,42,100,52,250,623,no,47,-2000
2025-05-20T15:18:23.219535,KXBTCD-25MAY2019-T106249.99,DELTA,42,100,52,250,624,no,47,-1000
2025-05-20T15:18:23.237796,KXBTCD-25MAY2019-T106249.99,DELTA,42,100,52,250,625,no,47,-1250
2025-05-20T15:18:23.278027,KXBTCD-25MAY2019-T106249.99,DELTA,42,100,51,1250,626,no,49,1250
2025-05-20T15:18:23.299005,KXBTCD-25MAY2019-T106249.99,DELTA,42,100,51,3250,627,no,49,2000
2025-05-20T15:18:23.299496,KXBTCD-25MAY2019-T106249.99,DELTA,42,100,51,4250,628,no,49,1000
2025-05-20T15:18:23.499859,KXBTCD-25MAY2019-T106249.99,DELTA,42,100,51,4250,629,no,8,-3645
2025-05-20T15:18:23.500366,KXBTCD-25MAY2019-T106249.99,DELTA,42,100,51,4250,630,no,10,2916
2025-05-20T15:18:23.559730,KXBTCD-25MAY2019-T106249.99,DELTA,42,100,51,4250,631,no,9,-20000
2025-05-20T15:18:24.579124,KXBTCD-25MAY2019-T106249.99,DELTA,42,100,51,4250,632,no,10,-2916
2025-05-20T15:18:24.579590,KXBTCD-25MAY2019-T106249.99,DELTA,42,100,51,4250,633,no,4,7290
2025-05-20T15:18:24.639544,KXBTCD-25MAY2019-T106249.99,DELTA,42,100,51,4250,634,no,5,20000
2025-05-20T15:18:24.730276,KXBTCD-25MAY2019-T106249.99,DELTA,42,100,51,4250,635,yes,37,-2000
2025-05-20T15:18:24.747451,KXBTCD-25MAY2019-T106249.99,DELTA,42,100,51,4250,636,yes,41,-4200
2025-05-20T15:18:24.748213,KXBTCD-25MAY2019-T106249.99,DELTA,42,100,51,4250,637,yes,35,-1250
2025-05-20T15:18:24.779284,KXBTCD-25MAY2019-T106249.99,DELTA,42,100,51,4250,638,yes,40,4200
2025-05-20T15:18:24.780330,KXBTCD-25MAY2019-T106249.99,DELTA,42,100,51,4250,639,yes,36,2000
2025-05-20T15:18:24.780892,KXBTCD-25MAY2019-T106249.99,DELTA,42,100,51,4250,640,yes,39,-1000
2025-05-20T15:18:24.781365,KXBTCD-25MAY2019-T106249.99,DELTA,42,100,51,4250,641,yes,34,1250
2025-05-20T15:18:24.840374,KXBTCD-25MAY2019-T106249.99,DELTA,42,100,51,4250,642,yes,38,1000
2025-05-20T15:18:25.151187,KXBTCD-25MAY2019-T106249.99,DELTA,42,100,51,4250,643,yes,28,250
2025-05-20T15:18:25.152375,KXBTCD-25MAY2019-T106249.99,DELTA,42,100,51,4250,644,yes,38,-250
2025-05-20T15:18:25.200673,KXBTCD-25MAY2019-T106249.99,DELTA,42,100,51,4250,645,yes,38,-1000
2025-05-20T15:18:25.223603,KXBTCD-25MAY2019-T106249.99,DELTA,42,100,51,4250,646,yes,40,25
2025-05-20T15:18:25.260152,KXBTCD-25MAY2019-T106249.99,DELTA,42,100,51,4250,647,yes,37,1000
2025-05-20T15:18:25.349921,KXBTCD-25MAY2019-T106249.99,DELTA,41,14,51,4250,648,yes,42,-100
2025-05-20T15:18:26.658799,KXBTCD-25MAY2019-T106249.99,DELTA,41,114,51,4250,649,yes,41,100
2025-05-20T15:18:27.219809,KXBTCD-25MAY2019-T106249.99,DELTA,41,114,51,4250,650,yes,40,-25
2025-05-20T15:18:27.540213,KXBTCD-25MAY2019-T106249.99,DELTA,41,14,51,4250,651,yes,41,-100
2025-05-20T15:18:27.918987,KXBTCD-25MAY2019-T106249.99,DELTA,41,14,51,4250,652,no,4,-7290
2025-05-20T15:18:27.920071,KXBTCD-25MAY2019-T106249.99,DELTA,41,14,51,4250,653,no,6,4860
2025-05-20T15:18:27.920696,KXBTCD-25MAY2019-T106249.99,DELTA,41,14,51,4250,654,no,5,-20000
2025-05-20T15:18:27.940116,KXBTCD-25MAY2019-T106249.99,DELTA,41,14,51,4250,655,no,7,20000
2025-05-20T15:18:28.460281,KXBTCD-25MAY2019-T106249.99,DELTA,41,14,51,4250,656,yes,39,100
2025-05-20T15:18:28.721549,KXBTCD-25MAY2019-T106249.99,DELTA,41,14,51,4250,657,yes,39,-100
2025-05-20T15:18:28.960506,KXBTCD-25MAY2019-T106249.99,DELTA,41,14,51,4250,658,yes,39,30
2025-05-20T15:18:28.961252,KXBTCD-25MAY2019-T106249.99,DELTA,40,4230,51,4250,659,yes,41,-14
2025-05-20T15:18:28.961939,KXBTCD-25MAY2019-T106249.99,DELTA,40,4200,51,4250,660,yes,40,-30
2025-05-20T15:18:28.962477,KXBTCD-25MAY2019-T106249.99,DELTA,40,4200,51,4250,661,yes,39,14
2025-05-20T15:18:28.962984,KXBTCD-25MAY2019-T106249.99,DELTA,40,4200,51,4250,662,no,41,-30
2025-05-20T15:18:28.963490,KXBTCD-25MAY2019-T106249.99,DELTA,40,4200,51,4250,663,no,42,30
2025-05-20T15:18:28.964098,KXBTCD-25MAY2019-T106249.99,DELTA,40,4200,51,4250,664,no,42,-14
2025-05-20T15:18:28.979972,KXBTCD-25MAY2019-T106249.99,DELTA,40,4200,51,4250,665,no,44,14
2025-05-20T15:18:29.299120,KXBTCD-25MAY2019-T106249.99,DELTA,40,4200,51,4250,666,yes,37,-1000
2025-05-20T15:18:29.339868,KXBTCD-25MAY2019-T106249.99,DELTA,40,4200,51,4250,667,yes,39,1000
2025-05-20T15:18:29.600111,KXBTCD-25MAY2019-T106249.99,DELTA,40,4200,51,4250,668,yes,39,100
2025-05-20T15:18:29.920410,KXBTCD-25MAY2019-T106249.99,DELTA,40,4200,51,4250,669,yes,39,-100
2025-05-20T15:18:30.099986,KXBTCD-25MAY2019-T106249.99,DELTA,40,4200,51,4250,670,no,6,-4860
2025-05-20T15:18:30.100834,KXBTCD-25MAY2019-T106249.99,DELTA,40,4200,51,4250,671,no,8,3645
2025-05-20T15:18:30.139217,KXBTCD-25MAY2019-T106249.99,DELTA,39,1044,51,4250,672,yes,40,-4200
2025-05-20T15:18:30.160018,KXBTCD-25MAY2019-T106249.99,DELTA,39,1044,51,4250,673,no,7,-20000
2025-05-20T15:18:30.179400,KXBTCD-25MAY2019-T106249.99,DELTA,39,5244,51,4250,674,yes,39,4200
2025-05-20T15:18:30.220879,KXBTCD-25MAY2019-T106249.99,DELTA,39,5244,51,4250,675,no,9,20000
2025-05-20T15:18:30.300217,KXBTCD-25MAY2019-T106249.99,DELTA,40,25,51,4250,676,yes,40,25
2025-05-20T15:18:31.039593,KXBTCD-25MAY2019-T106249.99,DELTA,40,25,51,4250,677,yes,34,-1250
2025-05-20T15:18:31.079201,KXBTCD-25MAY2019-T106249.99,DELTA,40,25,51,4250,678,yes,35,1250
2025-05-20T15:18:31.120310,KXBTCD-25MAY2019-T106249.99,DELTA,40,25,51,4250,679,yes,39,-4200
2025-05-20T15:18:31.138784,KXBTCD-25MAY2019-T106249.99,DELTA,40,4225,51,4250,680,yes,40,4200
2025-05-20T15:18:31.158636,KXBTCD-25MAY2019-T106249.99,DELTA,40,4225,51,4250,681,yes,11,-2650
2025-05-20T15:18:31.159481,KXBTCD-25MAY2019-T106249.99,DELTA,40,4225,51,4250,682,yes,10,2916
2025-05-20T15:18:31.179248,KXBTCD-25MAY2019-T106249.99,DELTA,40,4225,51,4250,683,yes,35,-1250
2025-05-20T15:18:31.217744,KXBTCD-25MAY2019-T106249.99,DELTA,40,4225,51,4250,684,no,8,-3645
2025-05-20T15:18:31.218109,KXBTCD-25MAY2019-T106249.99,DELTA,40,4225,51,4250,685,no,10,2916
2025-05-20T15:18:31.218394,KXBTCD-25MAY2019-T106249.99,DELTA,40,4225,51,4250,686,yes,5,-20000
2025-05-20T15:18:31.285789,KXBTCD-25MAY2019-T106249.99,DELTA,40,4225,51,4250,687,no,9,-20000
2025-05-20T15:18:31.285981,KXBTCD-25MAY2019-T106249.99,DELTA,40,4225,51,4250,688,yes,11,20000
2025-05-20T15:18:31.302058,KXBTCD-25MAY2019-T106249.99,DELTA,40,4225,51,4250,689,yes,34,1250
2025-05-20T15:18:31.378903,KXBTCD-25MAY2019-T106249.99,DELTA,40,4225,51,4250,690,yes,39,100
2025-05-20T15:18:32.059369,KXBTCD-25MAY2019-T106249.99,DELTA,40,4225,51,4250,691,yes,39,-100
2025-05-20T15:18:32.259448,KXBTCD-25MAY2019-T106249.99,DELTA,40,4225,51,4250,692,no,10,-2916
2025-05-20T15:18:32.260586,KXBTCD-25MAY2019-T106249.99,DELTA,40,4225,51,4250,693,no,4,7290
2025-05-20T15:18:32.320025,KXBTCD-25MAY2019-T106249.99,DELTA,40,4225,51,4250,694,no,5,20000
2025-05-20T15:18:33.138364,KXBTCD-25MAY2019-T106249.99,DELTA,40,4325,51,4250,695,yes,40,100
2025-05-20T15:18:33.219154,KXBTCD-25MAY2019-T106249.99,DELTA,40,4325,51,4250,696,no,4,-7290
2025-05-20T15:18:33.219409,KXBTCD-25MAY2019-T106249.99,DELTA,40,4325,51,4250,697,no,6,4860
2025-05-20T15:18:33.279356,KXBTCD-25MAY2019-T106249.99,DELTA,40,4325,51,4250,698,no,5,-20000
2025-05-20T15:18:33.318767,KXBTCD-25MAY2019-T106249.99,DELTA,40,4325,51,4250,699,no,7,20000
2025-05-20T15:18:34.139300,KXBTCD-25MAY2019-T106249.99,DELTA,40,125,51,4250,700,yes,40,-4200
2025-05-20T15:18:34.178972,KXBTCD-25MAY2019-T106249.99,DELTA,40,125,51,4250,701,yes,39,4200
2025-05-20T15:18:34.179148,KXBTCD-25MAY2019-T106249.99,DELTA,40,125,51,4250,702,yes,26,250
2025-05-20T15:18:34.219066,KXBTCD-25MAY2019-T106249.99,DELTA,40,125,51,4250,703,yes,36,-2000
2025-05-20T15:18:34.219212,KXBTCD-25MAY2019-T106249.99,DELTA,40,125,51,4250,704,yes,39,-1000
2025-05-20T15:18:34.219325,KXBTCD-25MAY2019-T106249.99,DELTA,40,125,51,4250,705,yes,36,-250
2025-05-20T15:18:34.296467,KXBTCD-25MAY2019-T106249.99,DELTA,40,125,51,4250,706,yes,34,-1250
2025-05-20T15:18:34.296804,KXBTCD-25MAY2019-T106249.99,DELTA,40,125,51,4250,707,no,6,-4860
2025-05-20T15:18:34.297167,KXBTCD-25MAY2019-T106249.99,DELTA,40,125,51,4250,708,no,8,3645
2025-05-20T15:18:34.297347,KXBTCD-25MAY2019-T106249.99,DELTA,40,125,51,4250,709,yes,35,2000
2025-05-20T15:18:34.297509,KXBTCD-25MAY2019-T106249.99,DELTA,40,125,51,4250,710,yes,33,1250
2025-05-20T15:18:34.298071,KXBTCD-25MAY2019-T106249.99,DELTA,40,125,51,4250,711,yes,35,1000
2025-05-20T15:18:34.378182,KXBTCD-25MAY2019-T106249.99,DELTA,40,125,51,4250,712,no,7,-20000
2025-05-20T15:18:34.399274,KXBTCD-25MAY2019-T106249.99,DELTA,40,25,51,4250,713,yes,40,-100
2025-05-20T15:18:34.420081,KXBTCD-25MAY2019-T106249.99,DELTA,40,25,51,4250,714,no,9,20000
2025-05-20T15:18:34.458816,KXBTCD-25MAY2019-T106249.99,DELTA,40,25,51,4250,715,yes,39,-4200
2025-05-20T15:18:34.499051,KXBTCD-25MAY2019-T106249.99,DELTA,40,25,51,4250,716,yes,33,-1250
2025-05-20T15:18:34.518264,KXBTCD-25MAY2019-T106249.99,DELTA,40,25,51,4250,717,yes,38,4200
2025-05-20T15:18:34.538222,KXBTCD-25MAY2019-T106249.99,DELTA,40,25,51,4250,718,yes,34,1250
2025-05-20T15:18:34.578644,KXBTCD-25MAY2019-T106249.99,DELTA,40,25,51,4250,719,yes,35,-1000
2025-05-20T15:18:34.640418,KXBTCD-25MAY2019-T106249.99,DELTA,40,25,51,4250,720,yes,38,1000
2025-05-20T15:18:35.160330,KXBTCD-25MAY2019-T106249.99,DELTA,40,25,51,4250,721,no,40,-250
2025-05-20T15:18:35.161223,KXBTCD-25MAY2019-T106249.99,DELTA,40,25,50,250,722,no,50,250
2025-05-20T15:18:35.218885,KXBTCD-25MAY2019-T106249.99,DELTA,40,25,50,250,723,no,49,-2000
2025-05-20T15:18:35.219611,KXBTCD-25MAY2019-T106249.99,DELTA,40,25,50,250,724,no,49,-1000
2025-05-20T15:18:35.239949,KXBTCD-25MAY2019-T106249.99,DELTA,40,25,50,250,725,no,49,-1250
2025-05-20T15:18:35.279841,KXBTCD-25MAY2019-T106249.99,DELTA,40,25,49,1000,726,no,51,1000
2025-05-20T15:18:35.280675,KXBTCD-25MAY2019-T106249.99,DELTA,40,25,49,3000,727,no,51,2000
2025-05-20T15:18:35.281285,KXBTCD-25MAY2019-T106249.99,DELTA,40,25,49,4250,728,no,51,1250
2025-05-20T15:18:35.540733,KXBTCD-25MAY2019-T106249.99,DELTA,40,25,49,4250,729,yes,39,100
2025-05-20T15:18:36.005559,KXBTCD-25MAY2019-T106249.99,DELTA,40,25,49,4250,730,yes,39,-100
2025-05-20T15:18:37.132134,KXBTCD-25MAY2019-T106249.99,DELTA,40,125,49,4250,731,yes,40,100
2025-05-20T15:18:37.259165,KXBTCD-25MAY2019-T106249.99,DELTA,40,125,49,4250,732,no,40,250
2025-05-20T15:18:37.278784,KXBTCD-25MAY2019-T106249.99,DELTA,40,125,49,4250,733,yes,38,-1000
2025-05-20T15:18:37.333344,KXBTCD-25MAY2019-T106249.99,DELTA,40,125,49,4250,734,yes,38,-4200
2025-05-20T15:18:37.334286,KXBTCD-25MAY2019-T106249.99,DELTA,40,125,49,4250,735,yes,39,1000
2025-05-20T15:18:37.339666,KXBTCD-25MAY2019-T106249.99,DELTA,40,125,49,4250,736,no,50,-250
2025-05-20T15:18:37.400022,KXBTCD-25MAY2019-T106249.99,DELTA,40,4325,49,4250,737,yes,40,4200
2025-05-20T15:18:37.400677,KXBTCD-25MAY2019-T106249.99,DELTA,40,4325,49,2250,738,no,51,-2000
2025-05-20T15:18:37.401137,KXBTCD-25MAY2019-T106249.99,DELTA,40,4325,49,1250,739,no,51,-1000
2025-05-20T15:18:37.419435,KXBTCD-25MAY2019-T106249.99,DELTA,40,4325,52,250,740,no,51,-1250
2025-05-20T15:18:37.459434,KXBTCD-25MAY2019-T106249.99,DELTA,40,4325,51,1000,741,no,49,1000
2025-05-20T15:18:37.460074,KXBTCD-25MAY2019-T106249.99,DELTA,40,4325,51,3000,742,no,49,2000
2025-05-20T15:18:37.460522,KXBTCD-25MAY2019-T106249.99,DELTA,40,4325,51,3000,743,no,38,250
2025-05-20T15:18:37.460948,KXBTCD-25MAY2019-T106249.99,DELTA,40,4325,51,3000,744,no,48,-250
2025-05-20T15:18:37.461344,KXBTCD-25MAY2019-T106249.99,DELTA,40,4325,51,4250,745,no,49,1250
2025-05-20T15:18:37.498938,KXBTCD-25MAY2019-T106249.99,DELTA,40,4325,51,4250,746,no,48,250
2025-05-20T15:18:37.499083,KXBTCD-25MAY2019-T106249.99,DELTA,40,4325,51,4250,747,no,38,-250
2025-05-20T15:18:37.518941,KXBTCD-25MAY2019-T106249.99,DELTA,40,4325,51,2250,748,no,49,-2000
2025-05-20T15:18:37.519070,KXBTCD-25MAY2019-T106249.99,DELTA,40,4325,51,1250,749,no,49,-1000
2025-05-20T15:18:37.538719,KXBTCD-25MAY2019-T106249.99,DELTA,40,4325,52,250,750,no,49,-1250
2025-05-20T15:18:37.580434,KXBTCD-25MAY2019-T106249.99,DELTA,40,4325,51,1000,751,no,49,1000
2025-05-20T15:18:37.580717,KXBTCD-25MAY2019-T106249.99,DELTA,40,4325,51,2250,752,no,49,1250
2025-05-20T15:18:37.580861,KXBTCD-25MAY2019-T106249.99,DELTA,40,4325,51,2250,753,no,38,250
2025-05-20T15:18:37.599201,KXBTCD-25MAY2019-T106249.99,DELTA,40,4325,51,4250,754,no,49,2000
2025-05-20T15:18:37.618036,KXBTCD-25MAY2019-T106249.99,DELTA,40,4325,51,4250,755,no,48,-250
2025-05-20T15:18:37.618551,KXBTCD-25MAY2019-T106249.99,DELTA,40,4325,51,4250,756,no,38,-250
2025-05-20T15:18:37.683288,KXBTCD-25MAY2019-T106249.99,DELTA,40,4325,51,2250,757,no,49,-2000
2025-05-20T15:18:37.703528,KXBTCD-25MAY2019-T106249.99,DELTA,40,4325,51,1250,758,no,49,-1000
2025-05-20T15:18:37.704276,KXBTCD-25MAY2019-T106249.99,DELTA,40,4325,54,250,759,no,49,-1250
2025-05-20T15:18:37.740314,KXBTCD-25MAY2019-T106249.99,DELTA,40,4325,53,1000,760,no,47,1000
2025-05-20T15:18:37.741073,KXBTCD-25MAY2019-T106249.99,DELTA,40,4325,53,2250,761,no,47,1250
2025-05-20T15:18:37.741598,KXBTCD-25MAY2019-T106249.99,DELTA,40,4325,53,4250,762,no,47,2000
2025-05-20T15:18:37.759891,KXBTCD-25MAY2019-T106249.99,DELTA,40,4325,53,4250,763,no,38,250
2025-05-20T15:18:37.792379,KXBTCD-25MAY2019-T106249.99,DELTA,40,4325,53,4250,764,no,38,-250
2025-05-20T15:18:37.793289,KXBTCD-25MAY2019-T106249.99,DELTA,40,4325,52,250,765,no,48,250
2025-05-20T15:18:37.839881,KXBTCD-25MAY2019-T106249.99,DELTA,40,4325,52,250,766,no,47,-2000
2025-05-20T15:18:37.840734,KXBTCD-25MAY2019-T106249.99,DELTA,40,4325,52,250,767,no,47,-1000
2025-05-20T15:18:37.859991,KXBTCD-25MAY2019-T106249.99,DELTA,40,4325,52,250,768,no,47,-1250
2025-05-20T15:18:37.902580,KXBTCD-25MAY2019-T106249.99,DELTA,40,4325,52,250,769,no,8,-3645
2025-05-20T15:18:37.903804,KXBTCD-25MAY2019-T106249.99,DELTA,40,4325,52,250,770,no,10,2916
2025-05-20T15:18:37.904736,KXBTCD-25MAY2019-T106249.99,DELTA,40,4325,51,1250,771,no,49,1250
2025-05-20T15:18:37.905375,KXBTCD-25MAY2019-T106249.99,DELTA,40,4325,51,3250,772,no,49,2000
2025-05-20T15:18:37.905894,KXBTCD-25MAY2019-T106249.99,DELTA,40,4325,51,4250,773,no,49,1000
2025-05-20T15:18:37.970863,KXBTCD-25MAY2019-T106249.99,DELTA,40,4325,51,4250,774,no,9,-20000
2025-05-20T15:18:38.119034,KXBTCD-25MAY2019-T106249.99,DELTA,40,4325,51,4250,775,yes,26,-250
2025-05-20T15:18:38.138434,KXBTCD-25MAY2019-T106249.99,DELTA,40,4325,51,4250,776,yes,36,250
2025-05-20T15:18:38.199452,KXBTCD-25MAY2019-T106249.99,DELTA,40,4325,51,4250,777,yes,35,-2000
2025-05-20T15:18:38.259053,KXBTCD-25MAY2019-T106249.99,DELTA,40,4325,51,4250,778,yes,36,2000
2025-05-20T15:18:38.939701,KXBTCD-25MAY2019-T106249.99,DELTA,40,4325,51,4250,779,yes,36,-2000
2025-05-20T15:18:38.959333,KXBTCD-25MAY2019-T106249.99,DELTA,40,4325,51,4250,780,yes,34,-1250
2025-05-20T15:18:39.019439,KXBTCD-25MAY2019-T106249.99,DELTA,40,4325,51,4250,781,yes,35,1250
2025-05-20T15:18:39.282151,KXBTCD-25MAY2019-T106249.99,DELTA,40,4325,51,4250,782,yes,37,2000
2025-05-20T15:18:39.539818,KXBTCD-25MAY2019-T106249.99,DELTA,40,125,51,4250,783,yes,40,-4200
2025-05-20T15:18:39.558992,KXBTCD-25MAY2019-T106249.99,DELTA,40,125,51,4250,784,yes,37,-2000
2025-05-20T15:18:39.559321,KXBTCD-25MAY2019-T106249.99,DELTA,40,125,51,4250,785,yes,35,-1250
2025-05-20T15:18:39.578492,KXBTCD-25MAY2019-T106249.99,DELTA,40,125,51,4250,786,yes,39,-1000
2025-05-20T15:18:39.578730,KXBTCD-25MAY2019-T106249.99,DELTA,40,125,51,4250,787,yes,39,4200
2025-05-20T15:18:39.639592,KXBTCD-25MAY2019-T106249.99,DELTA,40,125,51,4250,788,yes,36,2000
2025-05-20T15:18:39.640304,KXBTCD-25MAY2019-T106249.99,DELTA,40,125,51,4250,789,yes,34,1250
2025-05-20T15:18:39.640789,KXBTCD-25MAY2019-T106249.99,DELTA,40,125,51,4250,790,yes,37,1000
2025-05-20T15:18:39.699139,KXBTCD-25MAY2019-T106249.99,DELTA,40,125,51,4250,791,yes,36,-2000
2025-05-20T15:18:39.759081,KXBTCD-25MAY2019-T106249.99,DELTA,40,125,51,4250,792,yes,34,-1250
2025-05-20T15:18:39.760123,KXBTCD-25MAY2019-T106249.99,DELTA,40,125,51,4250,793,yes,35,2000
2025-05-20T15:18:39.821968,KXBTCD-25MAY2019-T106249.99,DELTA,40,125,51,4250,794,yes,33,1250
2025-05-20T15:18:39.871964,KXBTCD-25MAY2019-T106249.99,DELTA,40,125,51,4250,795,yes,35,-2000
2025-05-20T15:18:39.882165,KXBTCD-25MAY2019-T106249.99,DELTA,40,125,51,4250,796,yes,33,-1250
2025-05-20T15:18:39.918919,KXBTCD-25MAY2019-T106249.99,DELTA,40,125,51,4250,797,yes,34,1250
2025-05-20T15:18:39.919577,KXBTCD-25MAY2019-T106249.99,DELTA,40,125,51,4250,798,yes,36,2000
2025-05-20T15:18:39.998782,KXBTCD-25MAY2019-T106249.99,DELTA,40,125,51,4250,799,yes,37,-1000
2025-05-20T15:18:40.059406,KXBTCD-25MAY2019-T106249.99,DELTA,40,125,51,4250,800,yes,39,1000
2025-05-20T15:18:40.100108,KXBTCD-25MAY2019-T106249.99,DELTA,40,125,51,4250,801,no,10,-2916
2025-05-20T15:18:40.100825,KXBTCD-25MAY2019-T106249.99,DELTA,40,125,51,4250,802,no,4,7290
2025-05-20T15:18:40.179720,KXBTCD-25MAY2019-T106249.99,DELTA,40,125,51,4250,803,no,5,20000
2025-05-20T15:18:40.400395,KXBTCD-25MAY2019-T106249.99,DELTA,40,25,51,4250,804,yes,40,-100
2025-05-20T15:18:41.024411,KXBTCD-25MAY2019-T106249.99,DELTA,40,25,51,4250,805,yes,36,-2000
2025-05-20T15:18:41.025590,KXBTCD-25MAY2019-T106249.99,DELTA,40,25,51,4250,806,yes,34,-1250
2025-05-20T15:18:41.026355,KXBTCD-25MAY2019-T106249.99,DELTA,40,25,51,4250,807,yes,37,2000
2025-05-20T15:18:41.026900,KXBTCD-25MAY2019-T106249.99,DELTA,40,25,51,4250,808,yes,35,1250
2025-05-20T15:18:41.099223,KXBTCD-25MAY2019-T106249.99,DELTA,40,25,51,4250,809,no,4,-7290
2025-05-20T15:18:41.100140,KXBTCD-25MAY2019-T106249.99,DELTA,40,25,51,4250,810,no,6,4860
2025-05-20T15:18:41.120678,KXBTCD-25MAY2019-T106249.99,DELTA,40,25,51,4250,811,yes,38,250
2025-05-20T15:18:41.140820,KXBTCD-25MAY2019-T106249.99,DELTA,40,25,51,4250,812,yes,28,-250
2025-05-20T15:18:41.141491,KXBTCD-25MAY2019-T106249.99,DELTA,40,25,51,4250,813,yes,39,-4200
2025-05-20T15:18:41.159046,KXBTCD-25MAY2019-T106249.99,DELTA,40,25,51,4250,814,no,5,-20000
2025-05-20T15:18:41.179382,KXBTCD-25MAY2019-T106249.99,DELTA,40,25,51,4250,815,yes,11,-20000
2025-05-20T15:18:41.179966,KXBTCD-25MAY2019-T106249.99,DELTA,40,4225,51,4250,816,yes,40,4200
2025-05-20T15:18:41.180431,KXBTCD-25MAY2019-T106249.99,DELTA,40,4225,51,4250,817,yes,39,-1000
2025-05-20T15:18:41.199125,KXBTCD-25MAY2019-T106249.99,DELTA,40,4225,51,4250,818,yes,35,-1250
2025-05-20T15:18:41.218319,KXBTCD-25MAY2019-T106249.99,DELTA,40,4225,51,4250,819,no,7,20000
2025-05-20T15:18:41.258544,KXBTCD-25MAY2019-T106249.99,DELTA,40,4225,51,4250,820,yes,11,20000
2025-05-20T15:18:41.258736,KXBTCD-25MAY2019-T106249.99,DELTA,40,5225,51,4250,821,yes,40,1000
2025-05-20T15:18:41.258824,KXBTCD-25MAY2019-T106249.99,DELTA,40,5225,51,4250,822,yes,36,1250
2025-05-20T15:18:41.258894,KXBTCD-25MAY2019-T106249.99,DELTA,40,5225,51,4250,823,yes,37,-2000
2025-05-20T15:18:41.298348,KXBTCD-25MAY2019-T106249.99,DELTA,40,5225,51,4250,824,yes,38,2000
2025-05-20T15:18:41.398513,KXBTCD-25MAY2019-T106249.99,DELTA,40,4225,51,4250,825,yes,40,-1000
2025-05-20T15:18:41.458401,KXBTCD-25MAY2019-T106249.99,DELTA,41,1000,51,4250,826,yes,41,1000
2025-05-20T15:18:41.519246,KXBTCD-25MAY2019-T106249.99,DELTA,41,1000,51,4250,827,yes,40,-25
2025-05-20T15:18:41.520166,KXBTCD-25MAY2019-T106249.99,DELTA,41,1025,51,4250,828,yes,41,25
2025-05-20T15:18:41.680094,KXBTCD-25MAY2019-T106249.99,DELTA,41,1025,51,4250,829,yes,40,100
2025-05-20T15:18:42.253769,KXBTCD-25MAY2019-T106249.99,DELTA,41,1025,51,4250,830,no,6,-4860
2025-05-20T15:18:42.254630,KXBTCD-25MAY2019-T106249.99,DELTA,41,1025,51,4250,831,no,8,3645
2025-05-20T15:18:42.255230,KXBTCD-25MAY2019-T106249.99,DELTA,41,1025,51,4250,832,no,7,-20000
2025-05-20T15:18:42.255756,KXBTCD-25MAY2019-T106249.99,DELTA,41,1025,51,4250,833,yes,40,-4200
2025-05-20T15:18:42.256250,KXBTCD-25MAY2019-T106249.99,DELTA,41,1025,51,4250,834,no,9,20000
2025-05-20T15:18:42.256620,KXBTCD-25MAY2019-T106249.99,DELTA,41,5225,51,4250,835,yes,41,4200
2025-05-20T15:18:42.867744,KXBTCD-25MAY2019-T106249.99,DELTA,41,5225,51,4250,836,yes,38,-2000
2025-05-20T15:18:42.868841,KXBTCD-25MAY2019-T106249.99,DELTA,41,5225,51,4250,837,yes,36,-1250
2025-05-20T15:18:42.869489,KXBTCD-25MAY2019-T106249.99,DELTA,41,5225,51,3000,838,no,49,-1250
2025-05-20T15:18:42.920168,KXBTCD-25MAY2019-T106249.99,DELTA,41,5225,51,3000,839,no,48,1250
2025-05-20T15:18:42.921087,KXBTCD-25MAY2019-T106249.99,DELTA,41,5225,51,3000,840,yes,39,2000
2025-05-20T15:18:42.940586,KXBTCD-25MAY2019-T106249.99,DELTA,41,5225,51,3000,841,yes,37,1250
2025-05-20T15:18:43.119218,KXBTCD-25MAY2019-T106249.99,DELTA,41,5225,51,3000,842,no,38,250
2025-05-20T15:18:43.120123,KXBTCD-25MAY2019-T106249.99,DELTA,41,5225,51,3000,843,no,48,-250
2025-05-20T15:18:43.120652,KXBTCD-25MAY2019-T106249.99,DELTA,41,5225,51,3000,844,no,8,-3645
2025-05-20T15:18:43.121126,KXBTCD-25MAY2019-T106249.99,DELTA,41,5225,51,3000,845,no,10,2916
2025-05-20T15:18:43.179618,KXBTCD-25MAY2019-T106249.99,DELTA,41,5225,51,3000,846,no,9,-20000
2025-05-20T15:18:43.179930,KXBTCD-25MAY2019-T106249.99,DELTA,41,5225,51,1000,847,no,49,-2000
2025-05-20T15:18:43.200779,KXBTCD-25MAY2019-T106249.99,DELTA,41,5225,52,1250,848,no,49,-1000
2025-05-20T15:18:43.201061,KXBTCD-25MAY2019-T106249.99,DELTA,41,5225,54,250,849,no,48,-1250
2025-05-20T15:18:43.201287,KXBTCD-25MAY2019-T106249.99,DELTA,41,5225,54,250,850,yes,40,-100
2025-05-20T15:18:43.238984,KXBTCD-25MAY2019-T106249.99,DELTA,41,5225,53,1250,851,no,47,1250
2025-05-20T15:18:43.239111,KXBTCD-25MAY2019-T106249.99,DELTA,41,5225,53,2250,852,no,47,1000
2025-05-20T15:18:43.239192,KXBTCD-25MAY2019-T106249.99,DELTA,41,5225,53,2250,853,no,36,250
2025-05-20T15:18:43.239266,KXBTCD-25MAY2019-T106249.99,DELTA,41,5225,53,2250,854,no,46,-250
2025-05-20T15:18:43.258387,KXBTCD-25MAY2019-T106249.99,DELTA,41,5225,53,4250,855,no,47,2000
2025-05-20T15:18:43.298755,KXBTCD-25MAY2019-T106249.99,DELTA,41,5225,53,4250,856,no,36,-250
2025-05-20T15:18:43.298919,KXBTCD-25MAY2019-T106249.99,DELTA,41,5225,53,2250,857,no,47,-2000
2025-05-20T15:18:43.299037,KXBTCD-25MAY2019-T106249.99,DELTA,41,5225,53,2250,858,no,46,250
2025-05-20T15:18:43.319556,KXBTCD-25MAY2019-T106249.99,DELTA,41,5225,53,1250,859,no,47,-1000
2025-05-20T15:18:43.319752,KXBTCD-25MAY2019-T106249.99,DELTA,41,5225,54,250,860,no,47,-1250
2025-05-20T15:18:43.359521,KXBTCD-25MAY2019-T106249.99,DELTA,41,5225,54,250,861,no,36,250
2025-05-20T15:18:43.378498,KXBTCD-25MAY2019-T106249.99,DELTA,41,5225,53,1250,862,no,47,1250
2025-05-20T15:18:43.379542,KXBTCD-25MAY2019-T106249.99,DELTA,41,5225,53,1250,863,yes,39,-2000
2025-05-20T15:18:43.380040,KXBTCD-25MAY2019-T106249.99,DELTA,41,5225,53,3250,864,no,47,2000
2025-05-20T15:18:43.380510,KXBTCD-25MAY2019-T106249.99,DELTA,41,5225,53,4250,865,no,47,1000
2025-05-20T15:18:43.380801,KXBTCD-25MAY2019-T106249.99,DELTA,41,5225,53,4250,866,no,46,-250
2025-05-20T15:18:43.380950,KXBTCD-25MAY2019-T106249.99,DELTA,41,5225,53,4250,867,yes,37,-1250
2025-05-20T15:18:43.419823,KXBTCD-25MAY2019-T106249.99,DELTA,41,5225,53,4250,868,yes,38,2000
2025-05-20T15:18:43.420595,KXBTCD-25MAY2019-T106249.99,DELTA,41,5225,53,4250,869,yes,36,1250
2025-05-20T15:18:43.421062,KXBTCD-25MAY2019-T106249.99,DELTA,41,5225,53,4250,870,no,36,-250
2025-05-20T15:18:43.439509,KXBTCD-25MAY2019-T106249.99,DELTA,41,5225,53,4250,871,no,46,250
2025-05-20T15:18:43.440092,KXBTCD-25MAY2019-T106249.99,DELTA,41,5225,53,2250,872,no,47,-2000
2025-05-20T15:18:43.459215,KXBTCD-25MAY2019-T106249.99,DELTA,41,5225,53,1250,873,no,47,-1000
2025-05-20T15:18:43.459425,KXBTCD-25MAY2019-T106249.99,DELTA,41,5225,54,250,874,no,47,-1250
2025-05-20T15:18:43.498622,KXBTCD-25MAY2019-T106249.99,DELTA,41,5225,54,250,875,no,36,250
2025-05-20T15:18:43.518693,KXBTCD-25MAY2019-T106249.99,DELTA,41,5225,56,264,876,no,46,-250
2025-05-20T15:18:43.519605,KXBTCD-25MAY2019-T106249.99,DELTA,41,5225,53,2000,877,no,47,2000
2025-05-20T15:18:43.520055,KXBTCD-25MAY2019-T106249.99,DELTA,41,5225,53,3250,878,no,47,1250
2025-05-20T15:18:43.520526,KXBTCD-25MAY2019-T106249.99,DELTA,41,5225,53,4250,879,no,47,1000
2025-05-20T15:18:43.558572,KXBTCD-25MAY2019-T106249.99,DELTA,41,5225,53,4250,880,no,36,-250
2025-05-20T15:18:43.579428,KXBTCD-25MAY2019-T106249.99,DELTA,41,5225,53,4250,881,no,46,250
2025-05-20T15:18:43.718786,KXBTCD-25MAY2019-T106249.99,DELTA,41,5225,53,2250,882,no,47,-2000
2025-05-20T15:18:43.750422,KXBTCD-25MAY2019-T106249.99,DELTA,41,5225,53,1250,883,no,47,-1000
2025-05-20T15:18:43.751178,KXBTCD-25MAY2019-T106249.99,DELTA,41,5225,54,250,884,no,47,-1250
2025-05-20T15:18:43.788823,KXBTCD-25MAY2019-T106249.99,DELTA,41,5225,53,1000,885,no,47,1000
2025-05-20T15:18:43.789823,KXBTCD-25MAY2019-T106249.99,DELTA,41,5225,53,3000,886,no,47,2000
2025-05-20T15:18:43.790458,KXBTCD-25MAY2019-T106249.99,DELTA,41,5225,53,3000,887,no,36,250
2025-05-20T15:18:43.791129,KXBTCD-25MAY2019-T106249.99,DELTA,41,5225,53,3000,888,no,46,-250
2025-05-20T15:18:43.803856,KXBTCD-25MAY2019-T106249.99,DELTA,41,5225,53,4250,889,no,47,1250
2025-05-20T15:18:43.838697,KXBTCD-25MAY2019-T106249.99,DELTA,41,5225,53,4250,890,no,36,-250
2025-05-20T15:18:43.839729,KXBTCD-25MAY2019-T106249.99,DELTA,41,5225,53,4250,891,no,46,250
2025-05-20T15:18:43.840326,KXBTCD-25MAY2019-T106249.99,DELTA,41,5225,53,2250,892,no,47,-2000
2025-05-20T15:18:43.862145,KXBTCD-25MAY2019-T106249.99,DELTA,41,5225,53,1250,893,no,47,-1000
2025-05-20T15:18:43.863054,KXBTCD-25MAY2019-T106249.99,DELTA,41,5225,54,250,894,no,47,-1250
2025-05-20T15:18:43.900042,KXBTCD-25MAY2019-T106249.99,DELTA,41,5225,53,1250,895,no,47,1250
2025-05-20T15:18:43.901009,KXBTCD-25MAY2019-T106249.99,DELTA,41,5225,53,3250,896,no,47,2000
2025-05-20T15:18:43.901680,KXBTCD-25MAY2019-T106249.99,DELTA,41,5225,53,3250,897,no,46,-250
2025-05-20T15:18:43.902261,KXBTCD-25MAY2019-T106249.99,DELTA,41,5225,53,4250,898,no,47,1000
2025-05-20T15:18:43.919196,KXBTCD-25MAY2019-T106249.99,DELTA,41,5225,53,4250,899,no,36,250
2025-05-20T15:18:43.939457,KXBTCD-25MAY2019-T106249.99,DELTA,41,5225,53,4250,900,no,36,-250
2025-05-20T15:18:43.958983,KXBTCD-25MAY2019-T106249.99,DELTA,41,5225,53,4250,901,no,46,250
2025-05-20T15:18:43.980080,KXBTCD-25MAY2019-T106249.99,DELTA,41,5225,53,2250,902,no,47,-2000
2025-05-20T15:18:43.980782,KXBTCD-25MAY2019-T106249.99,DELTA,41,5225,53,1250,903,no,47,-1000
2025-05-20T15:18:44.000806,KXBTCD-25MAY2019-T106249.99,DELTA,41,5225,54,250,904,no,47,-1250
2025-05-20T15:18:44.040695,KXBTCD-25MAY2019-T106249.99,DELTA,41,5225,53,1000,905,no,47,1000
2025-05-20T15:18:44.041466,KXBTCD-25MAY2019-T106249.99,DELTA,41,5225,53,2250,906,no,47,1250
2025-05-20T15:18:44.059942,KXBTCD-25MAY2019-T106249.99,DELTA,41,5225,53,4250,907,no,47,2000
2025-05-20T15:18:44.060825,KXBTCD-25MAY2019-T106249.99,DELTA,41,5225,53,4250,908,no,46,-250
2025-05-20T15:18:44.061410,KXBTCD-25MAY2019-T106249.99,DELTA,41,5225,53,4250,909,no,36,250
2025-05-20T15:18:44.101006,KXBTCD-25MAY2019-T106249.99,DELTA,41,5225,53,4250,910,no,36,-250
2025-05-20T15:18:44.101758,KXBTCD-25MAY2019-T106249.99,DELTA,41,5225,53,4250,911,no,46,250
2025-05-20T15:18:44.119045,KXBTCD-25MAY2019-T106249.99,DELTA,41,5225,53,2250,912,no,47,-2000
2025-05-20T15:18:44.119838,KXBTCD-25MAY2019-T106249.99,DELTA,41,5225,53,1250,913,no,47,-1000
2025-05-20T15:18:44.140427,KXBTCD-25MAY2019-T106249.99,DELTA,41,5225,54,250,914,no,47,-1250
2025-05-20T15:18:44.180552,KXBTCD-25MAY2019-T106249.99,DELTA,41,5325,54,250,915,yes,41,100
2025-05-20T15:18:44.181602,KXBTCD-25MAY2019-T106249.99,DELTA,41,5325,53,1250,916,no,47,1250
2025-05-20T15:18:44.182364,KXBTCD-25MAY2019-T106249.99,DELTA,41,5325,53,3250,917,no,47,2000
2025-05-20T15:18:44.182936,KXBTCD-25MAY2019-T106249.99,DELTA,41,5325,53,3250,918,no,10,-2916
2025-05-20T15:18:44.183433,KXBTCD-25MAY2019-T106249.99,DELTA,41,5325,53,3250,919,no,4,7290
2025-05-20T15:18:44.183901,KXBTCD-25MAY2019-T106249.99,DELTA,41,5325,53,3250,920,no,46,-250
2025-05-20T15:18:44.184350,KXBTCD-25MAY2019-T106249.99,DELTA,41,5325,53,3250,921,no,36,250
2025-05-20T15:18:44.200446,KXBTCD-25MAY2019-T106249.99,DELTA,41,5325,53,4250,922,no,47,1000
2025-05-20T15:18:44.219548,KXBTCD-25MAY2019-T106249.99,DELTA,41,5325,53,4250,923,no,46,250
2025-05-20T15:18:44.240539,KXBTCD-25MAY2019-T106249.99,DELTA,41,5325,53,4250,924,no,5,20000
2025-05-20T15:18:44.240937,KXBTCD-25MAY2019-T106249.99,DELTA,41,5325,53,2250,925,no,47,-2000
2025-05-20T15:18:44.241087,KXBTCD-25MAY2019-T106249.99,DELTA,41,5325,53,2250,926,no,36,-250
2025-05-20T15:18:44.241216,KXBTCD-25MAY2019-T106249.99,DELTA,41,5325,53,1000,927,no,47,-1250
2025-05-20T15:18:44.260121,KXBTCD-25MAY2019-T106249.99,DELTA,41,5325,54,250,928,no,47,-1000
2025-05-20T15:18:44.299240,KXBTCD-25MAY2019-T106249.99,DELTA,41,5325,53,2000,929,no,47,2000
2025-05-20T15:18:44.299830,KXBTCD-25MAY2019-T106249.99,DELTA,41,5325,53,3250,930,no,47,1250
2025-05-20T15:18:44.300265,KXBTCD-25MAY2019-T106249.99,DELTA,41,5325,53,4250,931,no,47,1000
2025-05-20T15:18:44.300645,KXBTCD-25MAY2019-T106249.99,DELTA,41,5325,53,4250,932,no,46,-250
2025-05-20T15:18:44.300986,KXBTCD-25MAY2019-T106249.99,DELTA,41,5325,53,4250,933,no,36,250
2025-05-20T15:18:44.338443,KXBTCD-25MAY2019-T106249.99,DELTA,41,5325,53,4250,934,no,46,250
2025-05-20T15:18:44.339157,KXBTCD-25MAY2019-T106249.99,DELTA,41,5325,53,4250,935,no,36,-250
2025-05-20T15:18:44.359861,KXBTCD-25MAY2019-T106249.99,DELTA,41,5325,53,2250,936,no,47,-2000
2025-05-20T15:18:44.378623,KXBTCD-25MAY2019-T106249.99,DELTA,41,5325,53,1250,937,no,47,-1000
2025-05-20T15:18:44.379225,KXBTCD-25MAY2019-T106249.99,DELTA,41,5325,54,250,938,no,47,-1250
2025-05-20T15:18:44.418763,KXBTCD-25MAY2019-T106249.99,DELTA,41,5325,53,1000,939,no,47,1000
2025-05-20T15:18:44.419476,KXBTCD-25MAY2019-T106249.99,DELTA,41,5325,53,3000,940,no,47,2000
2025-05-20T15:18:44.438744,KXBTCD-25MAY2019-T106249.99,DELTA,41,5325,53,3000,941,no,46,-250
2025-05-20T15:18:44.439440,KXBTCD-25MAY2019-T106249.99,DELTA,41,5325,53,3000,942,no,36,250
2025-05-20T15:18:44.440125,KXBTCD-25MAY2019-T106249.99,DELTA,41,5325,53,4250,943,no,47,1250
2025-05-20T15:18:44.457763,KXBTCD-25MAY2019-T106249.99,DELTA,41,5325,53,4250,944,no,46,250
2025-05-20T15:18:44.478965,KXBTCD-25MAY2019-T106249.99,DELTA,41,5325,53,4250,945,no,36,-250
2025-05-20T15:18:44.500031,KXBTCD-25MAY2019-T106249.99,DELTA,41,5325,53,2250,946,no,47,-2000
2025-05-20T15:18:44.500702,KXBTCD-25MAY2019-T106249.99,DELTA,41,5325,53,1250,947,no,47,-1000
2025-05-20T15:18:44.518312,KXBTCD-25MAY2019-T106249.99,DELTA,41,5325,54,250,948,no,47,-1250
2025-05-20T15:18:44.559981,KXBTCD-25MAY2019-T106249.99,DELTA,41,5325,53,1250,949,no,47,1250
2025-05-20T15:18:44.560769,KXBTCD-25MAY2019-T106249.99,DELTA,41,5325,53,2250,950,no,47,1000
2025-05-20T15:18:44.561277,KXBTCD-25MAY2019-T106249.99,DELTA,41,5325,53,2250,951,no,46,-250
2025-05-20T15:18:44.561728,KXBTCD-25MAY2019-T106249.99,DELTA,41,5325,53,2250,952,no,36,250
2025-05-20T15:18:44.579678,KXBTCD-25MAY2019-T106249.99,DELTA,41,5325,53,4250,953,no,47,2000
2025-05-20T15:18:44.599827,KXBTCD-25MAY2019-T106249.99,DELTA,41,5325,53,4250,954,no,46,250
2025-05-20T15:18:44.600569,KXBTCD-25MAY2019-T106249.99,DELTA,41,5325,53,4250,955,no,36,-250
2025-05-20T15:18:44.618594,KXBTCD-25MAY2019-T106249.99,DELTA,41,5325,53,3250,956,no,47,-1000
2025-05-20T15:18:44.638949,KXBTCD-25MAY2019-T106249.99,DELTA,41,5325,53,2000,957,no,47,-1250
2025-05-20T15:18:44.639156,KXBTCD-25MAY2019-T106249.99,DELTA,41,5325,54,250,958,no,47,-2000
2025-05-20T15:18:44.680706,KXBTCD-25MAY2019-T106249.99,DELTA,41,5325,53,1000,959,no,47,1000
2025-05-20T15:18:44.681407,KXBTCD-25MAY2019-T106249.99,DELTA,41,5325,53,3000,960,no,47,2000
2025-05-20T15:18:44.681721,KXBTCD-25MAY2019-T106249.99,DELTA,41,5325,53,4250,961,no,47,1250
2025-05-20T15:18:44.699353,KXBTCD-25MAY2019-T106249.99,DELTA,41,5325,53,4250,962,no,36,250
2025-05-20T15:18:44.700135,KXBTCD-25MAY2019-T106249.99,DELTA,41,5325,53,4250,963,no,46,-250
2025-05-20T15:18:44.719160,KXBTCD-25MAY2019-T106249.99,DELTA,41,5325,53,4250,964,no,36,-250
2025-05-20T15:18:44.720048,KXBTCD-25MAY2019-T106249.99,DELTA,41,5325,53,4250,965,no,46,250
2025-05-20T15:18:44.761088,KXBTCD-25MAY2019-T106249.99,DELTA,41,5325,53,2250,966,no,47,-2000
2025-05-20T15:18:44.779610,KXBTCD-25MAY2019-T106249.99,DELTA,41,5325,53,1250,967,no,47,-1000
2025-05-20T15:18:44.780430,KXBTCD-25MAY2019-T106249.99,DELTA,41,5325,54,250,968,no,47,-1250
2025-05-20T15:18:44.818871,KXBTCD-25MAY2019-T106249.99,DELTA,41,5325,54,250,969,no,36,250
2025-05-20T15:18:44.839824,KXBTCD-25MAY2019-T106249.99,DELTA,41,5325,53,1000,970,no,47,1000
2025-05-20T15:18:44.840566,KXBTCD-25MAY2019-T106249.99,DELTA,41,5325,53,2250,971,no,47,1250
2025-05-20T15:18:44.841103,KXBTCD-25MAY2019-T106249.99,DELTA,41,5325,53,4250,972,no,47,2000
2025-05-20T15:18:44.841533,KXBTCD-25MAY2019-T106249.99,DELTA,41,5325,53,4250,973,no,46,-250
2025-05-20T15:18:44.880414,KXBTCD-25MAY2019-T106249.99,DELTA,41,5325,53,4250,974,no,36,-250
2025-05-20T15:18:44.898354,KXBTCD-25MAY2019-T106249.99,DELTA,41,5325,53,4250,975,no,46,250
2025-05-20T15:18:44.899036,KXBTCD-25MAY2019-T106249.99,DELTA,41,5325,53,2250,976,no,47,-2000
2025-05-20T15:18:44.899364,KXBTCD-25MAY2019-T106249.99,DELTA,41,5325,53,1250,977,no,47,-1000
2025-05-20T15:18:44.918964,KXBTCD-25MAY2019-T106249.99,DELTA,41,5325,54,250,978,no,47,-1250
2025-05-20T15:18:44.958745,KXBTCD-25MAY2019-T106249.99,DELTA,41,5325,54,250,979,yes,38,-2000
2025-05-20T15:18:44.958989,KXBTCD-25MAY2019-T106249.99,DELTA,41,5325,54,250,980,yes,36,-1250
2025-05-20T15:18:44.979317,KXBTCD-25MAY2019-T106249.99,DELTA,41,5325,54,250,981,no,36,250
2025-05-20T15:18:44.979868,KXBTCD-25MAY2019-T106249.99,DELTA,41,5325,56,264,982,no,46,-250
2025-05-20T15:18:44.980202,KXBTCD-25MAY2019-T106249.99,DELTA,41,5325,53,2000,983,no,47,2000
2025-05-20T15:18:44.980499,KXBTCD-25MAY2019-T106249.99,DELTA,41,5325,53,3250,984,no,47,1250
2025-05-20T15:18:44.981151,KXBTCD-25MAY2019-T106249.99,DELTA,41,5325,53,4250,985,no,47,1000
2025-05-20T15:18:45.017836,KXBTCD-25MAY2019-T106249.99,DELTA,41,5325,53,4250,986,no,36,-250
2025-05-20T15:18:45.041387,KXBTCD-25MAY2019-T106249.99,DELTA,41,4325,53,4250,987,yes,41,-1000
2025-05-20T15:18:45.041947,KXBTCD-25MAY2019-T106249.99,DELTA,41,4325,53,4250,988,yes,37,1250
2025-05-20T15:18:45.042362,KXBTCD-25MAY2019-T106249.99,DELTA,41,4325,53,4250,989,no,46,250
2025-05-20T15:18:45.042877,KXBTCD-25MAY2019-T106249.99,DELTA,41,4325,53,4250,990,yes,39,2000
2025-05-20T15:18:45.059132,KXBTCD-25MAY2019-T106249.99,DELTA,41,125,53,4250,991,yes,41,-4200
2025-05-20T15:18:45.059572,KXBTCD-25MAY2019-T106249.99,DELTA,41,125,53,2250,992,no,47,-2000
2025-05-20T15:18:45.079874,KXBTCD-25MAY2019-T106249.99,DELTA,41,125,53,1250,993,no,47,-1000
2025-05-20T15:18:45.080227,KXBTCD-25MAY2019-T106249.99,DELTA,42,1000,53,1250,994,yes,42,1000
2025-05-20T15:18:45.080499,KXBTCD-25MAY2019-T106249.99,DELTA,42,1000,54,250,995,no,47,-1250
2025-05-20T15:18:45.098503,KXBTCD-25MAY2019-T106249.99,DELTA,42,5200,54,250,996,yes,42,4200
2025-05-20T15:18:45.139004,KXBTCD-25MAY2019-T106249.99,DELTA,42,5200,54,250,997,no,36,250
2025-05-20T15:18:45.139128,KXBTCD-25MAY2019-T106249.99,DELTA,42,5200,56,264,998,no,46,-250
2025-05-20T15:18:45.139217,KXBTCD-25MAY2019-T106249.99,DELTA,42,5200,53,1000,999,no,47,1000
2025-05-20T15:18:45.139293,KXBTCD-25MAY2019-T106249.99,DELTA,42,5200,53,3000,1000,no,47,2000
2025-05-20T15:18:45.139369,KXBTCD-25MAY2019-T106249.99,DELTA,42,5200,53,4250,1001,no,47,1250
2025-05-20T15:18:45.198789,KXBTCD-25MAY2019-T106249.99,DELTA,42,5200,53,4250,1002,no,46,250
2025-05-20T15:18:45.198934,KXBTCD-25MAY2019-T106249.99,DELTA,42,5200,53,2250,1003,no,47,-2000
2025-05-20T15:18:45.219027,KXBTCD-25MAY2019-T106249.99,DELTA,42,5200,53,1250,1004,no,47,-1000
2025-05-20T15:18:45.219241,KXBTCD-25MAY2019-T106249.99,DELTA,42,5200,53,1250,1005,no,36,-250
2025-05-20T15:18:45.219374,KXBTCD-25MAY2019-T106249.99,DELTA,42,5200,54,250,1006,no,47,-1250
2025-05-20T15:18:45.267783,KXBTCD-25MAY2019-T106249.99,DELTA,42,5200,53,2000,1007,no,47,2000
2025-05-20T15:18:45.289431,KXBTCD-25MAY2019-T106249.99,DELTA,42,5200,53,2000,1008,no,36,250
2025-05-20T15:18:45.290452,KXBTCD-25MAY2019-T106249.99,DELTA,42,5200,53,3250,1009,no,47,1250
2025-05-20T15:18:45.291238,KXBTCD-25MAY2019-T106249.99,DELTA,42,5200,53,4250,1010,no,47,1000
2025-05-20T15:18:45.298918,KXBTCD-25MAY2019-T106249.99,DELTA,42,5200,53,4250,1011,no,46,-250
2025-05-20T15:18:45.299162,KXBTCD-25MAY2019-T106249.99,DELTA,42,5200,53,4250,1012,no,36,-250
2025-05-20T15:18:45.358730,KXBTCD-25MAY2019-T106249.99,DELTA,42,5200,53,2250,1013,no,47,-2000
2025-05-20T15:18:45.388998,KXBTCD-25MAY2019-T106249.99,DELTA,42,5200,53,1250,1014,no,47,-1000
2025-05-20T15:18:45.389772,KXBTCD-25MAY2019-T106249.99,DELTA,42,5200,56,264,1015,no,47,-1250
2025-05-20T15:18:45.431066,KXBTCD-25MAY2019-T106249.99,DELTA,42,5200,55,2000,1016,no,45,2000
2025-05-20T15:18:45.431985,KXBTCD-25MAY2019-T106249.99,DELTA,42,5200,55,3000,1017,no,45,1000
2025-05-20T15:18:45.448690,KXBTCD-25MAY2019-T106249.99,DELTA,42,5200,55,3000,1018,no,36,250
2025-05-20T15:18:45.492093,KXBTCD-25MAY2019-T106249.99,DELTA,42,5200,55,4250,1019,no,45,1250
2025-05-20T15:18:45.493031,KXBTCD-25MAY2019-T106249.99,DELTA,42,5200,54,250,1020,no,46,250
2025-05-20T15:18:45.493652,KXBTCD-25MAY2019-T106249.99,DELTA,42,5200,54,250,1021,no,36,-250
2025-05-20T15:18:45.549632,KXBTCD-25MAY2019-T106249.99,DELTA,42,5200,54,250,1022,no,45,-2000
2025-05-20T15:18:45.560109,KXBTCD-25MAY2019-T106249.99,DELTA,42,5200,54,250,1023,no,45,-1000
2025-05-20T15:18:45.560829,KXBTCD-25MAY2019-T106249.99,DELTA,42,5200,54,250,1024,no,45,-1250
2025-05-20T15:18:45.608510,KXBTCD-25MAY2019-T106249.99,DELTA,42,5200,53,1250,1025,no,47,1250
2025-05-20T15:18:45.628620,KXBTCD-25MAY2019-T106249.99,DELTA,42,5200,53,3250,1026,no,47,2000
2025-05-20T15:18:45.629517,KXBTCD-25MAY2019-T106249.99,DELTA,42,5200,53,4250,1027,no,47,1000
2025-05-20T15:18:45.938591,KXBTCD-25MAY2019-T106249.99,DELTA,42,4200,53,4250,1028,yes,42,-1000
2025-05-20T15:18:45.960435,KXBTCD-25MAY2019-T106249.99,DELTA,42,4200,53,4250,1029,yes,39,-2000
2025-05-20T15:18:45.961118,KXBTCD-25MAY2019-T106249.99,DELTA,42,4200,53,4250,1030,yes,37,-1250
2025-05-20T15:18:45.961603,KXBTCD-25MAY2019-T106249.99,DELTA,42,4200,53,4250,1031,yes,41,1000
2025-05-20T15:18:46.020062,KXBTCD-25MAY2019-T106249.99,DELTA,42,4200,53,4250,1032,yes,36,1250
2025-05-20T15:18:46.020831,KXBTCD-25MAY2019-T106249.99,DELTA,42,4200,53,4250,1033,yes,38,2000
2025-05-20T15:18:46.185265,KXBTCD-25MAY2019-T106249.99,DELTA,41,1125,53,4250,1034,yes,42,-4200
2025-05-20T15:18:46.198934,KXBTCD-25MAY2019-T106249.99,DELTA,41,125,53,4250,1035,yes,41,-1000
2025-05-20T15:18:46.218791,KXBTCD-25MAY2019-T106249.99,DELTA,41,4325,53,4250,1036,yes,41,4200
2025-05-20T15:18:46.258597,KXBTCD-25MAY2019-T106249.99,DELTA,41,4325,53,4250,1037,yes,40,1000
2025-05-20T15:18:46.345171,KXBTCD-25MAY2019-T106249.99,DELTA,41,4325,53,4250,1038,yes,38,-2000
2025-05-20T15:18:46.345390,KXBTCD-25MAY2019-T106249.99,DELTA,41,4325,53,4250,1039,yes,40,-1000
2025-05-20T15:18:46.358321,KXBTCD-25MAY2019-T106249.99,DELTA,41,4325,53,4250,1040,yes,36,-1250
2025-05-20T15:18:46.419221,KXBTCD-25MAY2019-T106249.99,DELTA,41,4325,53,4250,1041,yes,35,1250
2025-05-20T15:18:46.420893,KXBTCD-25MAY2019-T106249.99,DELTA,41,4325,53,4250,1042,yes,37,2000
2025-05-20T15:18:46.421367,KXBTCD-25MAY2019-T106249.99,DELTA,41,4325,53,4250,1043,yes,39,1000
2025-05-20T15:18:46.699719,KXBTCD-25MAY2019-T106249.99,DELTA,41,4325,53,4250,1044,yes,39,-1000
2025-05-20T15:18:46.719291,KXBTCD-25MAY2019-T106249.99,DELTA,41,4325,53,4250,1045,yes,35,-1250
2025-05-20T15:18:46.757616,KXBTCD-25MAY2019-T106249.99,DELTA,41,4325,53,4250,1046,yes,40,1000
2025-05-20T15:18:46.758237,KXBTCD-25MAY2019-T106249.99,DELTA,41,4325,53,4250,1047,yes,36,1250
2025-05-20T15:18:47.441027,KXBTCD-25MAY2019-T106249.99,DELTA,41,4325,53,4250,1048,yes,10,-2916
2025-05-20T15:18:47.442113,KXBTCD-25MAY2019-T106249.99,DELTA,41,4325,53,4250,1049,yes,11,2650
2025-05-20T15:18:47.504586,KXBTCD-25MAY2019-T106249.99,DELTA,41,4325,53,4250,1050,no,4,-7290
2025-05-20T15:18:47.505582,KXBTCD-25MAY2019-T106249.99,DELTA,41,4325,53,4250,1051,no,6,4860
2025-05-20T15:18:47.506325,KXBTCD-25MAY2019-T106249.99,DELTA,41,4325,53,4250,1052,yes,11,-20000
2025-05-20T15:18:47.542390,KXBTCD-25MAY2019-T106249.99,DELTA,41,4325,53,4250,1053,yes,5,20000
2025-05-20T15:18:47.566256,KXBTCD-25MAY2019-T106249.99,DELTA,41,4325,53,4250,1054,no,5,-20000
2025-05-20T15:18:47.601402,KXBTCD-25MAY2019-T106249.99,DELTA,41,4325,53,4250,1055,no,7,20000
2025-05-20T15:18:47.798339,KXBTCD-25MAY2019-T106249.99,DELTA,41,4325,53,4250,1056,yes,37,-2000
2025-05-20T15:18:47.884634,KXBTCD-25MAY2019-T106249.99,DELTA,41,4325,53,4250,1057,yes,40,-1000
2025-05-20T15:18:48.000400,KXBTCD-25MAY2019-T106249.99,DELTA,41,5325,53,4250,1058,yes,41,1000
2025-05-20T15:18:48.080364,KXBTCD-25MAY2019-T106249.99,DELTA,41,5325,53,4250,1059,yes,38,2000
2025-05-20T15:18:49.316476,KXBTCD-25MAY2019-T106249.99,DELTA,41,5325,53,4250,1060,no,38,-250
2025-05-20T15:18:49.316698,KXBTCD-25MAY2019-T106249.99,DELTA,41,5325,52,250,1061,no,48,250
2025-05-20T15:18:49.399660,KXBTCD-25MAY2019-T106249.99,DELTA,41,5325,52,250,1062,no,47,-2000
2025-05-20T15:18:49.499027,KXBTCD-25MAY2019-T106249.99,DELTA,41,5325,52,250,1063,no,47,-1000
2025-05-20T15:18:49.579147,KXBTCD-25MAY2019-T106249.99,DELTA,41,5325,52,250,1064,no,47,-1250
2025-05-20T15:18:49.700872,KXBTCD-25MAY2019-T106249.99,DELTA,41,5325,51,1250,1065,no,49,1250
2025-05-20T15:18:49.701983,KXBTCD-25MAY2019-T106249.99,DELTA,41,5325,51,2250,1066,no,49,1000
2025-05-20T15:18:49.702616,KXBTCD-25MAY2019-T106249.99,DELTA,41,5325,51,4250,1067,no,49,2000
2025-05-20T15:18:50.301534,KXBTCD-25MAY2019-T106249.99,DELTA,41,5325,51,4250,1068,yes,38,-2000
2025-05-20T15:18:50.517834,KXBTCD-25MAY2019-T106249.99,DELTA,41,5325,51,4250,1069,yes,36,-1250
2025-05-20T15:18:50.518642,KXBTCD-25MAY2019-T106249.99,DELTA,41,5325,51,4250,1070,no,6,-4860
2025-05-20T15:18:50.519187,KXBTCD-25MAY2019-T106249.99,DELTA,41,5325,51,4250,1071,no,8,3645
2025-05-20T15:18:50.519691,KXBTCD-25MAY2019-T106249.99,DELTA,41,5325,51,3000,1072,no,49,-1250
2025-05-20T15:18:50.616645,KXBTCD-25MAY2019-T106249.99,DELTA,41,5325,51,3000,1073,yes,37,1250
2025-05-20T15:18:50.617672,KXBTCD-25MAY2019-T106249.99,DELTA,41,5325,51,3000,1074,yes,39,2000
2025-05-20T15:18:50.618364,KXBTCD-25MAY2019-T106249.99,DELTA,41,5325,51,3000,1075,no,48,1250
