timestamp,market_ticker,type,yes_bid_price_cents,yes_bid_qty,yes_ask_price_cents,yes_ask_qty_on_no_side,sequence_num,delta_side,delta_price_cents,delta_quantity
2025-05-21T13:01:22.684177,KXBTCD-25MAY2117-T108999.99,SNAPSHOT,37,150,38,1000,1,,,
2025-05-21T13:01:23.635077,KXBTCD-25MAY2117-T108999.99,DELTA,37,150,38,1000,2,yes,6,-5400
2025-05-21T13:01:23.636193,KXBTCD-25MAY2117-T108999.99,DELTA,37,150,38,1000,3,yes,4,8100
2025-05-21T13:01:23.694505,KXBTCD-25MAY2117-T108999.99,DELTA,37,150,38,1000,4,yes,7,-20000
2025-05-21T13:01:23.695301,KXBTCD-25MAY2117-T108999.99,DELTA,37,150,38,1000,5,no,8,-4050
2025-05-21T13:01:23.695661,KXBTCD-25MAY2117-T108999.99,DELTA,37,150,38,1000,6,no,10,3240
2025-05-21T13:01:23.695900,KXBTCD-25MAY2117-T108999.99,DELTA,37,150,38,1000,7,yes,7,-2000
2025-05-21T13:01:23.713875,KXBTCD-25MAY2117-T108999.99,DELTA,37,150,38,1000,8,yes,7,-1000
2025-05-21T13:01:23.753156,KXBTCD-25MAY2117-T108999.99,DELTA,37,150,38,1000,9,yes,5,20000
2025-05-21T13:01:23.753516,KXBTCD-25MAY2117-T108999.99,DELTA,37,150,38,1000,10,no,9,-20000
2025-05-21T13:01:23.753677,KXBTCD-25MAY2117-T108999.99,DELTA,37,150,38,1000,11,yes,5,2000
2025-05-21T13:01:23.753806,KXBTCD-25MAY2117-T108999.99,DELTA,37,150,38,1000,12,yes,5,1000
2025-05-21T13:01:23.812930,KXBTCD-25MAY2117-T108999.99,DELTA,37,150,38,1000,13,no,11,20000
2025-05-21T13:01:24.535840,KXBTCD-25MAY2117-T108999.99,DELTA,37,150,38,1000,14,yes,4,-8100
2025-05-21T13:01:24.536332,KXBTCD-25MAY2117-T108999.99,DELTA,37,150,38,1000,15,yes,6,5400
2025-05-21T13:01:24.574525,KXBTCD-25MAY2117-T108999.99,DELTA,37,150,38,1000,16,no,10,-3240
2025-05-21T13:01:24.574819,KXBTCD-25MAY2117-T108999.99,DELTA,37,150,38,1000,17,no,12,2700
2025-05-21T13:01:24.614189,KXBTCD-25MAY2117-T108999.99,DELTA,37,150,38,1000,18,yes,5,-20000
2025-05-21T13:01:24.614541,KXBTCD-25MAY2117-T108999.99,DELTA,37,150,38,1000,19,yes,5,-2000
2025-05-21T13:01:24.633440,KXBTCD-25MAY2117-T108999.99,DELTA,37,150,38,1000,20,yes,5,-1000
2025-05-21T13:01:24.653949,KXBTCD-25MAY2117-T108999.99,DELTA,37,150,38,1000,21,no,11,-20000
2025-05-21T13:01:24.693812,KXBTCD-25MAY2117-T108999.99,DELTA,37,150,38,1000,22,yes,7,2000
2025-05-21T13:01:24.694368,KXBTCD-25MAY2117-T108999.99,DELTA,37,150,38,1000,23,yes,7,20000
2025-05-21T13:01:24.694527,KXBTCD-25MAY2117-T108999.99,DELTA,37,150,38,1000,24,yes,7,1000
2025-05-21T13:01:24.732968,KXBTCD-25MAY2117-T108999.99,DELTA,37,150,38,1000,25,no,5,20000
2025-05-21T13:01:25.375092,KXBTCD-25MAY2117-T108999.99,DELTA,33,9,38,1000,26,yes,37,-150
2025-05-21T13:01:25.414624,KXBTCD-25MAY2117-T108999.99,DELTA,33,9,38,1000,27,yes,32,-35
2025-05-21T13:01:25.415115,KXBTCD-25MAY2117-T108999.99,DELTA,37,35,38,1000,28,yes,37,35
2025-05-21T13:01:25.415321,KXBTCD-25MAY2117-T108999.99,DELTA,37,35,38,1000,29,yes,6,-5400
2025-05-21T13:01:25.415471,KXBTCD-25MAY2117-T108999.99,DELTA,37,35,38,1000,30,yes,4,8100
2025-05-21T13:01:25.415609,KXBTCD-25MAY2117-T108999.99,DELTA,37,35,38,1000,31,yes,36,200
2025-05-21T13:01:25.475809,KXBTCD-25MAY2117-T108999.99,DELTA,37,35,38,1000,32,no,12,-2700
2025-05-21T13:01:25.476301,KXBTCD-25MAY2117-T108999.99,DELTA,37,35,38,1000,33,no,8,4050
2025-05-21T13:01:25.494769,KXBTCD-25MAY2117-T108999.99,DELTA,37,35,38,1000,34,yes,26,9
2025-05-21T13:01:25.495115,KXBTCD-25MAY2117-T108999.99,DELTA,37,35,38,1000,35,yes,33,-9
2025-05-21T13:01:25.495264,KXBTCD-25MAY2117-T108999.99,DELTA,37,35,38,1000,36,yes,7,-20000
2025-05-21T13:01:25.495383,KXBTCD-25MAY2117-T108999.99,DELTA,37,35,38,1000,37,yes,7,-2000
2025-05-21T13:01:25.514093,KXBTCD-25MAY2117-T108999.99,DELTA,37,35,38,1000,38,yes,7,-1000
2025-05-21T13:01:25.533450,KXBTCD-25MAY2117-T108999.99,DELTA,37,35,38,1000,39,no,5,-20000
2025-05-21T13:01:25.553085,KXBTCD-25MAY2117-T108999.99,DELTA,37,35,38,1000,40,yes,5,2000
2025-05-21T13:01:25.553272,KXBTCD-25MAY2117-T108999.99,DELTA,37,35,38,1000,41,yes,5,1000
2025-05-21T13:01:25.553361,KXBTCD-25MAY2117-T108999.99,DELTA,37,35,38,1000,42,yes,5,20000
2025-05-21T13:01:25.573981,KXBTCD-25MAY2117-T108999.99,DELTA,37,35,38,1000,43,no,9,20000
2025-05-21T13:01:25.713946,KXBTCD-25MAY2117-T108999.99,DELTA,37,35,38,1000,44,no,7,-8000
2025-05-21T13:01:25.753182,KXBTCD-25MAY2117-T108999.99,DELTA,37,35,38,1000,45,no,8,8000
2025-05-21T13:01:27.274832,KXBTCD-25MAY2117-T108999.99,DELTA,37,35,38,1000,46,yes,25,-24
2025-05-21T13:01:27.275200,KXBTCD-25MAY2117-T108999.99,DELTA,37,35,38,1000,47,yes,23,24
2025-05-21T13:01:27.293710,KXBTCD-25MAY2117-T108999.99,DELTA,37,35,38,1000,48,no,58,-24
2025-05-21T13:01:27.294236,KXBTCD-25MAY2117-T108999.99,DELTA,37,35,38,1000,49,no,60,24
2025-05-21T13:01:27.395095,KXBTCD-25MAY2117-T108999.99,DELTA,37,35,38,1000,50,yes,26,-9
2025-05-21T13:01:27.395370,KXBTCD-25MAY2117-T108999.99,DELTA,37,35,38,1000,51,yes,33,9
2025-05-21T13:01:27.594823,KXBTCD-25MAY2117-T108999.99,DELTA,37,35,38,1000,52,yes,23,-24
2025-05-21T13:01:27.595087,KXBTCD-25MAY2117-T108999.99,DELTA,37,35,38,1000,53,yes,21,24
2025-05-21T13:01:27.613699,KXBTCD-25MAY2117-T108999.99,DELTA,37,35,38,1000,54,no,60,-24
2025-05-21T13:01:27.613896,KXBTCD-25MAY2117-T108999.99,DELTA,37,35,38,1024,55,no,62,24
2025-05-21T13:01:27.654783,KXBTCD-25MAY2117-T108999.99,DELTA,37,35,38,1024,56,no,60,-50
2025-05-21T13:01:27.655581,KXBTCD-25MAY2117-T108999.99,DELTA,37,35,38,1024,57,no,61,50
2025-05-21T13:01:27.675039,KXBTCD-25MAY2117-T108999.99,DELTA,37,35,38,1024,58,yes,19,-6
2025-05-21T13:01:27.675442,KXBTCD-25MAY2117-T108999.99,DELTA,37,35,38,1024,59,yes,17,6
2025-05-21T13:01:27.714010,KXBTCD-25MAY2117-T108999.99,DELTA,37,35,38,1024,60,yes,36,-200
2025-05-21T13:01:27.715199,KXBTCD-25MAY2117-T108999.99,DELTA,37,35,38,1024,61,no,37,-500
2025-05-21T13:01:27.715651,KXBTCD-25MAY2117-T108999.99,DELTA,37,35,38,1024,62,no,50,-3
2025-05-21T13:01:27.715983,KXBTCD-25MAY2117-T108999.99,DELTA,37,35,38,1024,63,no,52,3
2025-05-21T13:01:27.733184,KXBTCD-25MAY2117-T108999.99,DELTA,37,35,38,1024,64,no,41,-2000
2025-05-21T13:01:27.775831,KXBTCD-25MAY2117-T108999.99,DELTA,37,35,38,3024,65,no,62,2000
2025-05-21T13:01:27.793811,KXBTCD-25MAY2117-T108999.99,DELTA,37,35,38,3024,66,yes,35,150
2025-05-21T13:01:27.814457,KXBTCD-25MAY2117-T108999.99,DELTA,37,35,38,3024,67,no,39,500
2025-05-21T13:01:27.932771,KXBTCD-25MAY2117-T108999.99,DELTA,37,35,38,3024,68,yes,32,-100
2025-05-21T13:01:27.933287,KXBTCD-25MAY2117-T108999.99,DELTA,37,35,38,3024,69,no,61,-100
2025-05-21T13:01:28.013060,KXBTCD-25MAY2117-T108999.99,DELTA,37,35,38,1024,70,no,62,-2000
2025-05-21T13:01:28.075494,KXBTCD-25MAY2117-T108999.99,DELTA,37,35,38,1024,71,no,41,2000
2025-05-21T13:01:28.193833,KXBTCD-25MAY2117-T108999.99,DELTA,37,35,38,1024,72,yes,33,-9
2025-05-21T13:01:28.194163,KXBTCD-25MAY2117-T108999.99,DELTA,37,35,38,1024,73,yes,22,9
2025-05-21T13:01:28.273603,KXBTCD-25MAY2117-T108999.99,DELTA,37,35,38,1024,74,yes,4,-8100
2025-05-21T13:01:28.275602,KXBTCD-25MAY2117-T108999.99,DELTA,37,35,38,1024,75,yes,5,6480
2025-05-21T13:01:28.315447,KXBTCD-25MAY2117-T108999.99,DELTA,37,35,38,1024,76,no,8,-4050
2025-05-21T13:01:28.315718,KXBTCD-25MAY2117-T108999.99,DELTA,37,35,38,1024,77,no,10,3240
2025-05-21T13:01:28.332583,KXBTCD-25MAY2117-T108999.99,DELTA,37,35,38,1024,78,yes,5,-20000
2025-05-21T13:01:28.352463,KXBTCD-25MAY2117-T108999.99,DELTA,37,35,38,1024,79,yes,5,-2000
2025-05-21T13:01:28.352601,KXBTCD-25MAY2117-T108999.99,DELTA,37,35,38,1024,80,yes,5,-1000
2025-05-21T13:01:28.373404,KXBTCD-25MAY2117-T108999.99,DELTA,37,35,38,1024,81,no,9,-20000
2025-05-21T13:01:28.419072,KXBTCD-25MAY2117-T108999.99,DELTA,37,35,38,1024,82,yes,6,1000
2025-05-21T13:01:28.419242,KXBTCD-25MAY2117-T108999.99,DELTA,37,35,38,1024,83,yes,6,2000
2025-05-21T13:01:28.419304,KXBTCD-25MAY2117-T108999.99,DELTA,37,35,38,1024,84,yes,6,20000
2025-05-21T13:01:28.433286,KXBTCD-25MAY2117-T108999.99,DELTA,37,35,38,1024,85,no,11,20000
2025-05-21T13:01:28.559684,KXBTCD-25MAY2117-T108999.99,DELTA,37,35,38,1024,86,no,8,-8000
2025-05-21T13:01:28.614402,KXBTCD-25MAY2117-T108999.99,DELTA,37,35,38,1024,87,no,9,8000
2025-05-21T13:01:28.614586,KXBTCD-25MAY2117-T108999.99,DELTA,37,35,38,1024,88,yes,35,-150
2025-05-21T13:01:28.674343,KXBTCD-25MAY2117-T108999.99,DELTA,37,35,38,1024,89,yes,34,250
2025-05-21T13:01:28.753712,KXBTCD-25MAY2117-T108999.99,DELTA,37,35,38,1024,90,yes,29,100
2025-05-21T13:01:28.754107,KXBTCD-25MAY2117-T108999.99,DELTA,37,35,38,1024,91,no,61,100
2025-05-21T13:01:28.774381,KXBTCD-25MAY2117-T108999.99,DELTA,37,35,38,1024,92,yes,17,-6
2025-05-21T13:01:28.774655,KXBTCD-25MAY2117-T108999.99,DELTA,37,35,38,1024,93,yes,16,6
2025-05-21T13:01:28.794235,KXBTCD-25MAY2117-T108999.99,DELTA,37,35,38,1024,94,no,52,-3
2025-05-21T13:01:28.794451,KXBTCD-25MAY2117-T108999.99,DELTA,37,35,38,1024,95,no,53,3
2025-05-21T13:01:28.874816,KXBTCD-25MAY2117-T108999.99,DELTA,37,35,38,1024,96,no,41,-2000
2025-05-21T13:01:28.894895,KXBTCD-25MAY2117-T108999.99,DELTA,37,35,38,1024,97,yes,19,24
2025-05-21T13:01:28.895541,KXBTCD-25MAY2117-T108999.99,DELTA,37,35,38,1024,98,yes,21,-24
2025-05-21T13:01:28.913541,KXBTCD-25MAY2117-T108999.99,DELTA,37,11,38,1024,99,yes,37,-24
2025-05-21T13:01:28.914688,KXBTCD-25MAY2117-T108999.99,DELTA,37,11,38,1000,100,no,62,-24
2025-05-21T13:01:28.935015,KXBTCD-25MAY2117-T108999.99,DELTA,34,250,38,1000,101,yes,37,-11
2025-05-21T13:01:28.935428,KXBTCD-25MAY2117-T108999.99,DELTA,34,250,38,1000,102,no,9,-8000
2025-05-21T13:01:28.955053,KXBTCD-25MAY2117-T108999.99,DELTA,34,250,38,1000,103,no,61,-100
2025-05-21T13:01:28.975052,KXBTCD-25MAY2117-T108999.99,DELTA,34,250,38,1000,104,no,61,-50
2025-05-21T13:01:28.994068,KXBTCD-25MAY2117-T108999.99,DELTA,34,250,38,1000,105,yes,23,24
2025-05-21T13:01:28.995879,KXBTCD-25MAY2117-T108999.99,DELTA,34,250,38,1000,106,yes,19,-24
2025-05-21T13:01:28.996043,KXBTCD-25MAY2117-T108999.99,DELTA,34,250,38,3000,107,no,62,2000
2025-05-21T13:01:28.996182,KXBTCD-25MAY2117-T108999.99,DELTA,34,250,38,3000,108,no,57,24
2025-05-21T13:01:28.996309,KXBTCD-25MAY2117-T108999.99,DELTA,34,250,38,3000,109,yes,22,-9
2025-05-21T13:01:29.022558,KXBTCD-25MAY2117-T108999.99,DELTA,34,250,38,3000,110,yes,16,-6
2025-05-21T13:01:29.022905,KXBTCD-25MAY2117-T108999.99,DELTA,34,250,38,3000,111,yes,15,6
2025-05-21T13:01:29.023100,KXBTCD-25MAY2117-T108999.99,DELTA,34,250,38,3000,112,no,11,8000
2025-05-21T13:01:29.023635,KXBTCD-25MAY2117-T108999.99,DELTA,34,250,38,3000,113,yes,30,9
2025-05-21T13:01:29.088129,KXBTCD-25MAY2117-T108999.99,DELTA,34,250,38,3000,114,no,53,-3
2025-05-21T13:01:29.088697,KXBTCD-25MAY2117-T108999.99,DELTA,34,250,38,3000,115,no,54,3
2025-05-21T13:01:29.089004,KXBTCD-25MAY2117-T108999.99,DELTA,30,9,38,3000,116,yes,34,-250
2025-05-21T13:01:29.089254,KXBTCD-25MAY2117-T108999.99,DELTA,30,9,38,3000,117,no,39,-500
2025-05-21T13:01:29.093089,KXBTCD-25MAY2117-T108999.99,DELTA,30,9,38,1000,118,no,62,-2000
2025-05-21T13:01:29.094097,KXBTCD-25MAY2117-T108999.99,DELTA,30,9,43,24,119,no,62,-1000
2025-05-21T13:01:29.174839,KXBTCD-25MAY2117-T108999.99,DELTA,33,200,43,24,120,yes,33,200
2025-05-21T13:01:29.176063,KXBTCD-25MAY2117-T108999.99,DELTA,33,200,43,24,121,no,41,500
2025-05-21T13:01:29.194371,KXBTCD-25MAY2117-T108999.99,DELTA,33,200,43,24,122,no,41,2000
2025-05-21T13:01:29.195102,KXBTCD-25MAY2117-T108999.99,DELTA,33,200,43,24,123,no,41,1000
2025-05-21T13:01:29.195644,KXBTCD-25MAY2117-T108999.99,DELTA,33,200,43,24,124,no,42,50
2025-05-21T13:01:29.233632,KXBTCD-25MAY2117-T108999.99,DELTA,33,200,43,24,125,no,42,-50
2025-05-21T13:01:29.274885,KXBTCD-25MAY2117-T108999.99,DELTA,33,200,43,24,126,no,41,-2000
2025-05-21T13:01:29.275889,KXBTCD-25MAY2117-T108999.99,DELTA,33,200,43,24,127,no,41,-1000
2025-05-21T13:01:29.295054,KXBTCD-25MAY2117-T108999.99,DELTA,33,200,43,24,128,yes,15,-6
2025-05-21T13:01:29.295549,KXBTCD-25MAY2117-T108999.99,DELTA,33,200,43,24,129,yes,14,6
2025-05-21T13:01:29.313800,KXBTCD-25MAY2117-T108999.99,DELTA,33,200,43,24,130,no,54,-3
2025-05-21T13:01:29.314157,KXBTCD-25MAY2117-T108999.99,DELTA,33,200,43,24,131,no,55,3
2025-05-21T13:01:29.353583,KXBTCD-25MAY2117-T108999.99,DELTA,33,200,43,24,132,no,42,1000
2025-05-21T13:01:29.353894,KXBTCD-25MAY2117-T108999.99,DELTA,33,200,43,24,133,no,42,2000
2025-05-21T13:01:29.373084,KXBTCD-25MAY2117-T108999.99,DELTA,33,200,43,24,134,yes,14,-6
2025-05-21T13:01:29.373339,KXBTCD-25MAY2117-T108999.99,DELTA,33,200,43,24,135,yes,15,6
2025-05-21T13:01:29.394169,KXBTCD-25MAY2117-T108999.99,DELTA,33,200,43,24,136,no,55,-3
2025-05-21T13:01:29.394548,KXBTCD-25MAY2117-T108999.99,DELTA,33,200,43,24,137,no,54,3
2025-05-21T13:01:29.533470,KXBTCD-25MAY2117-T108999.99,DELTA,33,200,43,24,138,no,43,50
2025-05-21T13:01:29.573486,KXBTCD-25MAY2117-T108999.99,DELTA,33,200,43,24,139,no,43,-50
2025-05-21T13:01:29.594334,KXBTCD-25MAY2117-T108999.99,DELTA,33,200,43,24,140,yes,6,-1000
2025-05-21T13:01:29.614464,KXBTCD-25MAY2117-T108999.99,DELTA,33,200,43,24,141,no,42,-1000
2025-05-21T13:01:29.614604,KXBTCD-25MAY2117-T108999.99,DELTA,33,200,43,24,142,yes,26,24
2025-05-21T13:01:29.615701,KXBTCD-25MAY2117-T108999.99,DELTA,33,200,43,24,143,yes,23,-24
2025-05-21T13:01:29.634305,KXBTCD-25MAY2117-T108999.99,DELTA,33,200,43,24,144,yes,15,-6
2025-05-21T13:01:29.634422,KXBTCD-25MAY2117-T108999.99,DELTA,33,200,46,3,145,no,57,-24
2025-05-21T13:01:29.634493,KXBTCD-25MAY2117-T108999.99,DELTA,33,200,45,24,146,no,55,24
2025-05-21T13:01:29.635199,KXBTCD-25MAY2117-T108999.99,DELTA,33,200,45,24,147,no,54,-3
2025-05-21T13:01:29.736117,KXBTCD-25MAY2117-T108999.99,DELTA,33,200,45,24,148,yes,29,-100
2025-05-21T13:01:29.736350,KXBTCD-25MAY2117-T108999.99,DELTA,33,200,45,24,149,yes,29,1000
2025-05-21T13:01:29.736510,KXBTCD-25MAY2117-T108999.99,DELTA,33,200,45,24,150,no,42,1000
2025-05-21T13:01:29.736644,KXBTCD-25MAY2117-T108999.99,DELTA,33,200,45,24,151,no,41,-500
2025-05-21T13:01:29.737033,KXBTCD-25MAY2117-T108999.99,DELTA,33,200,45,24,152,yes,16,6
2025-05-21T13:01:29.737532,KXBTCD-25MAY2117-T108999.99,DELTA,33,200,45,24,153,yes,29,-1000
2025-05-21T13:01:29.737782,KXBTCD-25MAY2117-T108999.99,DELTA,33,200,45,24,154,no,53,3
2025-05-21T13:01:29.737937,KXBTCD-25MAY2117-T108999.99,DELTA,33,200,45,24,155,no,42,-2000
2025-05-21T13:01:29.738339,KXBTCD-25MAY2117-T108999.99,DELTA,33,200,45,24,156,no,42,-1000
2025-05-21T13:01:29.756383,KXBTCD-25MAY2117-T108999.99,DELTA,33,200,45,24,157,yes,6,1000
2025-05-21T13:01:29.774917,KXBTCD-25MAY2117-T108999.99,DELTA,33,200,45,24,158,no,43,9
2025-05-21T13:01:29.775124,KXBTCD-25MAY2117-T108999.99,DELTA,33,200,45,24,159,yes,12,9
2025-05-21T13:01:29.794035,KXBTCD-25MAY2117-T108999.99,DELTA,33,200,45,24,160,no,41,1000
2025-05-21T13:01:29.794209,KXBTCD-25MAY2117-T108999.99,DELTA,33,200,45,24,161,no,41,2000
2025-05-21T13:01:29.794291,KXBTCD-25MAY2117-T108999.99,DELTA,33,200,45,24,162,yes,30,-9
2025-05-21T13:01:29.833791,KXBTCD-25MAY2117-T108999.99,DELTA,33,200,45,24,163,no,39,500
2025-05-21T13:01:29.994739,KXBTCD-25MAY2117-T108999.99,DELTA,33,200,45,24,164,yes,5,-6480
2025-05-21T13:01:29.995474,KXBTCD-25MAY2117-T108999.99,DELTA,26,24,45,24,165,yes,33,-200
2025-05-21T13:01:30.034310,KXBTCD-25MAY2117-T108999.99,DELTA,26,24,45,24,166,no,10,-3240
2025-05-21T13:01:30.034674,KXBTCD-25MAY2117-T108999.99,DELTA,26,24,45,24,167,no,12,2700
2025-05-21T13:01:30.073972,KXBTCD-25MAY2117-T108999.99,DELTA,26,24,45,24,168,no,53,-3
2025-05-21T13:01:30.074220,KXBTCD-25MAY2117-T108999.99,DELTA,26,24,45,24,169,no,52,3
2025-05-21T13:01:30.074543,KXBTCD-25MAY2117-T108999.99,DELTA,26,24,45,24,170,yes,6,-20000
2025-05-21T13:01:30.100133,KXBTCD-25MAY2117-T108999.99,DELTA,26,24,45,24,171,yes,16,-6
2025-05-21T13:01:30.100479,KXBTCD-25MAY2117-T108999.99,DELTA,26,24,45,24,172,yes,17,6
2025-05-21T13:01:30.100621,KXBTCD-25MAY2117-T108999.99,DELTA,26,24,45,24,173,yes,6,-2000
2025-05-21T13:01:30.100732,KXBTCD-25MAY2117-T108999.99,DELTA,26,24,45,24,174,yes,6,-1000
2025-05-21T13:01:30.113124,KXBTCD-25MAY2117-T108999.99,DELTA,26,24,45,24,175,no,11,-20000
2025-05-21T13:01:30.133471,KXBTCD-25MAY2117-T108999.99,DELTA,26,24,45,24,176,yes,17,9
2025-05-21T13:01:30.133719,KXBTCD-25MAY2117-T108999.99,DELTA,26,24,45,24,177,no,54,9
2025-05-21T13:01:30.133859,KXBTCD-25MAY2117-T108999.99,DELTA,35,200,45,24,178,yes,35,200
2025-05-21T13:01:30.153682,KXBTCD-25MAY2117-T108999.99,DELTA,35,200,45,24,179,yes,2,1000
2025-05-21T13:01:30.153855,KXBTCD-25MAY2117-T108999.99,DELTA,35,200,45,24,180,yes,2,2000
2025-05-21T13:01:30.173758,KXBTCD-25MAY2117-T108999.99,DELTA,35,200,45,24,181,no,5,20000
2025-05-21T13:01:30.213619,KXBTCD-25MAY2117-T108999.99,DELTA,35,200,37,100,182,no,63,100
2025-05-21T13:01:30.255792,KXBTCD-25MAY2117-T108999.99,DELTA,35,200,37,100,183,no,39,-500
2025-05-21T13:01:30.312799,KXBTCD-25MAY2117-T108999.99,DELTA,35,200,37,100,184,no,38,500
2025-05-21T13:01:30.434814,KXBTCD-25MAY2117-T108999.99,DELTA,35,200,37,100,185,no,41,-1000
2025-05-21T13:01:30.472949,KXBTCD-25MAY2117-T108999.99,DELTA,35,200,36,1000,186,no,64,1000
2025-05-21T13:01:30.574096,KXBTCD-25MAY2117-T108999.99,DELTA,35,200,36,1000,187,yes,27,9
2025-05-21T13:01:30.574480,KXBTCD-25MAY2117-T108999.99,DELTA,35,200,36,1000,188,yes,17,-9
2025-05-21T13:01:30.574937,KXBTCD-25MAY2117-T108999.99,DELTA,35,200,36,1000,189,no,56,9
2025-05-21T13:01:30.575124,KXBTCD-25MAY2117-T108999.99,DELTA,35,200,36,1000,190,no,43,-9
2025-05-21T13:01:30.575284,KXBTCD-25MAY2117-T108999.99,DELTA,35,200,36,1000,191,no,54,-9
2025-05-21T13:01:30.593378,KXBTCD-25MAY2117-T108999.99,DELTA,35,200,36,1000,192,yes,12,-9
2025-05-21T13:01:30.613430,KXBTCD-25MAY2117-T108999.99,DELTA,35,200,36,1000,193,no,63,50
2025-05-21T13:01:30.633863,KXBTCD-25MAY2117-T108999.99,DELTA,35,200,36,1000,194,no,52,-3
2025-05-21T13:01:30.634230,KXBTCD-25MAY2117-T108999.99,DELTA,35,200,36,1000,195,no,51,3
2025-05-21T13:01:30.634774,KXBTCD-25MAY2117-T108999.99,DELTA,35,200,36,1000,196,yes,17,-6
2025-05-21T13:01:30.634961,KXBTCD-25MAY2117-T108999.99,DELTA,35,200,36,1000,197,yes,18,6
2025-05-21T13:01:30.653744,KXBTCD-25MAY2117-T108999.99,DELTA,35,200,36,1000,198,no,63,-50
2025-05-21T13:01:30.793432,KXBTCD-25MAY2117-T108999.99,DELTA,35,200,36,1000,199,yes,29,100
2025-05-21T13:01:30.853307,KXBTCD-25MAY2117-T108999.99,DELTA,35,200,36,1000,200,yes,2,-1000
2025-05-21T13:01:30.893632,KXBTCD-25MAY2117-T108999.99,DELTA,35,200,36,1000,201,yes,29,1000
2025-05-21T13:01:31.214437,KXBTCD-25MAY2117-T108999.99,DELTA,35,200,36,1000,202,yes,18,-6
2025-05-21T13:01:31.215188,KXBTCD-25MAY2117-T108999.99,DELTA,35,200,36,1000,203,yes,17,6
2025-05-21T13:01:31.215983,KXBTCD-25MAY2117-T108999.99,DELTA,35,200,36,1000,204,no,51,-3
2025-05-21T13:01:31.216242,KXBTCD-25MAY2117-T108999.99,DELTA,35,200,36,1000,205,no,52,3
2025-05-21T13:01:31.334714,KXBTCD-25MAY2117-T108999.99,DELTA,35,200,36,1000,206,no,56,-9
2025-05-21T13:01:31.335004,KXBTCD-25MAY2117-T108999.99,DELTA,35,200,36,1000,207,yes,30,9
2025-05-21T13:01:31.336248,KXBTCD-25MAY2117-T108999.99,DELTA,35,200,36,1000,208,yes,27,-9
2025-05-21T13:01:31.697638,KXBTCD-25MAY2117-T108999.99,DELTA,35,200,36,1000,209,no,61,50
2025-05-21T13:01:31.733679,KXBTCD-25MAY2117-T108999.99,DELTA,35,200,36,1000,210,no,61,-50
2025-05-21T13:01:32.013966,KXBTCD-25MAY2117-T108999.99,DELTA,35,200,36,1000,211,yes,29,-1000
2025-05-21T13:01:32.055319,KXBTCD-25MAY2117-T108999.99,DELTA,35,200,36,1000,212,yes,2,1000
2025-05-21T13:01:32.055565,KXBTCD-25MAY2117-T108999.99,DELTA,35,200,36,1000,213,yes,17,-6
2025-05-21T13:01:32.055658,KXBTCD-25MAY2117-T108999.99,DELTA,35,200,36,1000,214,yes,16,6
2025-05-21T13:01:32.073609,KXBTCD-25MAY2117-T108999.99,DELTA,35,200,36,1000,215,no,52,-3
2025-05-21T13:01:32.073793,KXBTCD-25MAY2117-T108999.99,DELTA,35,200,36,1000,216,no,53,3
2025-05-21T13:01:32.473992,KXBTCD-25MAY2117-T108999.99,DELTA,30,9,36,1000,217,yes,35,-200
2025-05-21T13:01:32.513510,KXBTCD-25MAY2117-T108999.99,DELTA,35,50,36,1000,218,yes,35,50
2025-05-21T13:01:32.614384,KXBTCD-25MAY2117-T108999.99,DELTA,35,50,36,1000,219,yes,2,-1000
2025-05-21T13:01:32.653843,KXBTCD-25MAY2117-T108999.99,DELTA,35,50,36,1000,220,yes,29,1000
2025-05-21T13:01:32.775359,KXBTCD-25MAY2117-T108999.99,DELTA,35,50,36,1000,221,no,62,50
2025-05-21T13:01:32.814557,KXBTCD-25MAY2117-T108999.99,DELTA,35,50,36,1000,222,no,62,-50
2025-05-21T13:01:32.874499,KXBTCD-25MAY2117-T108999.99,DELTA,35,50,36,1000,223,yes,29,-1000
2025-05-21T13:01:32.913534,KXBTCD-25MAY2117-T108999.99,DELTA,35,50,36,1000,224,yes,2,1000
2025-05-21T13:01:33.016745,KXBTCD-25MAY2117-T108999.99,DELTA,35,50,36,1000,225,yes,2,-1000
2025-05-21T13:01:33.054231,KXBTCD-25MAY2117-T108999.99,DELTA,35,50,36,1000,226,yes,29,1000
2025-05-21T13:01:33.514002,KXBTCD-25MAY2117-T108999.99,DELTA,30,9,36,1000,227,yes,35,-50
2025-05-21T13:01:33.555114,KXBTCD-25MAY2117-T108999.99,DELTA,34,250,36,1000,228,yes,34,250
2025-05-21T13:01:33.974218,KXBTCD-25MAY2117-T108999.99,DELTA,34,250,36,1000,229,no,62,50
2025-05-21T13:01:33.975155,KXBTCD-25MAY2117-T108999.99,DELTA,34,250,36,1000,230,no,38,-500
2025-05-21T13:01:33.975537,KXBTCD-25MAY2117-T108999.99,DELTA,34,250,36,1000,231,no,39,500
2025-05-21T13:01:34.214085,KXBTCD-25MAY2117-T108999.99,DELTA,34,250,36,1000,232,yes,29,-1000
2025-05-21T13:01:34.353503,KXBTCD-25MAY2117-T108999.99,DELTA,34,250,36,1000,233,yes,2,1000
2025-05-21T13:01:34.393920,KXBTCD-25MAY2117-T108999.99,DELTA,34,250,36,1000,234,no,63,-100
2025-05-21T13:01:34.474567,KXBTCD-25MAY2117-T108999.99,DELTA,34,250,38,50,235,no,64,-1000
2025-05-21T13:01:34.533408,KXBTCD-25MAY2117-T108999.99,DELTA,30,9,38,50,236,yes,34,-250
2025-05-21T13:01:34.554842,KXBTCD-25MAY2117-T108999.99,DELTA,30,9,37,1000,237,no,63,1000
2025-05-21T13:01:34.613850,KXBTCD-25MAY2117-T108999.99,DELTA,33,250,37,1000,238,yes,33,250
2025-05-21T13:01:34.634172,KXBTCD-25MAY2117-T108999.99,DELTA,33,250,37,1000,239,yes,16,-6
2025-05-21T13:01:34.634980,KXBTCD-25MAY2117-T108999.99,DELTA,33,250,37,1000,240,yes,15,6
2025-05-21T13:01:34.674787,KXBTCD-25MAY2117-T108999.99,DELTA,33,250,37,1000,241,no,53,-3
2025-05-21T13:01:34.675452,KXBTCD-25MAY2117-T108999.99,DELTA,33,250,37,1000,242,no,54,3
2025-05-21T13:01:34.754884,KXBTCD-25MAY2117-T108999.99,DELTA,33,250,37,1000,243,yes,30,-9
2025-05-21T13:01:34.777494,KXBTCD-25MAY2117-T108999.99,DELTA,33,250,37,1000,244,yes,12,9
2025-05-21T13:01:34.973908,KXBTCD-25MAY2117-T108999.99,DELTA,33,250,37,1000,245,yes,29,-100
2025-05-21T13:01:35.454236,KXBTCD-25MAY2117-T108999.99,DELTA,33,250,36,100,246,no,64,100
2025-05-21T13:01:35.533888,KXBTCD-25MAY2117-T108999.99,DELTA,33,250,36,100,247,no,63,-1000
2025-05-21T13:01:35.573874,KXBTCD-25MAY2117-T108999.99,DELTA,33,250,35,1000,248,no,65,1000
2025-05-21T13:01:35.714390,KXBTCD-25MAY2117-T108999.99,DELTA,33,250,35,1000,249,no,64,-100
2025-05-21T13:01:35.837149,KXBTCD-25MAY2117-T108999.99,DELTA,33,250,38,50,250,no,65,-1000
2025-05-21T13:01:35.994982,KXBTCD-25MAY2117-T108999.99,DELTA,33,250,37,1000,251,no,63,1000
2025-05-21T13:01:36.033670,KXBTCD-25MAY2117-T108999.99,DELTA,33,250,37,1000,252,no,62,-50
2025-05-21T13:01:36.034180,KXBTCD-25MAY2117-T108999.99,DELTA,33,250,37,1000,253,no,42,50
2025-05-21T13:01:36.034422,KXBTCD-25MAY2117-T108999.99,DELTA,33,250,37,1000,254,yes,27,100
2025-05-21T13:01:36.055448,KXBTCD-25MAY2117-T108999.99,DELTA,33,250,37,1000,255,no,39,-500
2025-05-21T13:01:36.075827,KXBTCD-25MAY2117-T108999.99,DELTA,33,250,37,1000,256,no,42,-50
2025-05-21T13:01:36.076072,KXBTCD-25MAY2117-T108999.99,DELTA,33,250,37,1050,257,no,63,50
2025-05-21T13:01:36.114209,KXBTCD-25MAY2117-T108999.99,DELTA,33,250,37,1050,258,yes,2,-1000
2025-05-21T13:01:36.134489,KXBTCD-25MAY2117-T108999.99,DELTA,33,250,37,50,259,no,63,-1000
2025-05-21T13:01:36.173235,KXBTCD-25MAY2117-T108999.99,DELTA,33,250,37,50,260,no,41,500
2025-05-21T13:01:36.238013,KXBTCD-25MAY2117-T108999.99,DELTA,33,250,36,1000,261,no,64,1000
2025-05-21T13:01:36.238716,KXBTCD-25MAY2117-T108999.99,DELTA,33,250,36,1000,262,yes,27,1000
2025-05-21T13:01:36.239143,KXBTCD-25MAY2117-T108999.99,DELTA,33,250,36,1000,263,yes,15,-6
2025-05-21T13:01:36.239450,KXBTCD-25MAY2117-T108999.99,DELTA,33,250,36,1000,264,yes,14,6
2025-05-21T13:01:36.239650,KXBTCD-25MAY2117-T108999.99,DELTA,33,250,36,1000,265,no,54,-3
2025-05-21T13:01:36.239821,KXBTCD-25MAY2117-T108999.99,DELTA,33,250,36,1000,266,no,55,3
2025-05-21T13:01:36.254774,KXBTCD-25MAY2117-T108999.99,DELTA,33,250,36,1000,267,no,41,-2000
2025-05-21T13:01:36.295482,KXBTCD-25MAY2117-T108999.99,DELTA,33,250,36,1000,268,yes,14,-6
2025-05-21T13:01:36.295763,KXBTCD-25MAY2117-T108999.99,DELTA,33,250,36,1000,269,yes,15,6
2025-05-21T13:01:36.295925,KXBTCD-25MAY2117-T108999.99,DELTA,33,250,36,1000,270,no,55,-3
2025-05-21T13:01:36.296052,KXBTCD-25MAY2117-T108999.99,DELTA,33,250,36,1000,271,no,54,3
2025-05-21T13:01:36.334243,KXBTCD-25MAY2117-T108999.99,DELTA,33,250,36,1000,272,yes,28,9
2025-05-21T13:01:36.334689,KXBTCD-25MAY2117-T108999.99,DELTA,33,250,36,1000,273,yes,12,-9
2025-05-21T13:01:36.395235,KXBTCD-25MAY2117-T108999.99,DELTA,33,250,36,1000,274,no,42,2000
2025-05-21T13:01:37.093669,KXBTCD-25MAY2117-T108999.99,DELTA,33,250,35,100,275,no,65,100
2025-05-21T13:01:37.154101,KXBTCD-25MAY2117-T108999.99,DELTA,33,250,35,100,276,no,64,-1000
2025-05-21T13:01:37.193714,KXBTCD-25MAY2117-T108999.99,DELTA,33,250,34,1000,277,no,66,1000
2025-05-21T13:01:37.374972,KXBTCD-25MAY2117-T108999.99,DELTA,33,250,34,1000,278,yes,26,-24
2025-05-21T13:01:37.375831,KXBTCD-25MAY2117-T108999.99,DELTA,33,250,34,1000,279,yes,24,24
2025-05-21T13:01:37.376343,KXBTCD-25MAY2117-T108999.99,DELTA,33,250,34,1000,280,no,55,-24
2025-05-21T13:01:37.376781,KXBTCD-25MAY2117-T108999.99,DELTA,33,250,34,1000,281,no,57,24
2025-05-21T13:01:39.214556,KXBTCD-25MAY2117-T108999.99,DELTA,33,250,34,1000,282,yes,15,-6
2025-05-21T13:01:39.214997,KXBTCD-25MAY2117-T108999.99,DELTA,33,250,34,1000,283,yes,14,6
2025-05-21T13:01:39.215105,KXBTCD-25MAY2117-T108999.99,DELTA,33,250,34,1000,284,no,54,-3
2025-05-21T13:01:39.215180,KXBTCD-25MAY2117-T108999.99,DELTA,33,250,34,1000,285,no,55,3
2025-05-21T13:01:39.293445,KXBTCD-25MAY2117-T108999.99,DELTA,33,250,34,1000,286,no,55,-3
2025-05-21T13:01:39.293667,KXBTCD-25MAY2117-T108999.99,DELTA,33,250,34,1000,287,no,54,3
2025-05-21T13:01:39.293968,KXBTCD-25MAY2117-T108999.99,DELTA,33,250,34,1000,288,yes,14,-6
2025-05-21T13:01:39.294048,KXBTCD-25MAY2117-T108999.99,DELTA,33,250,34,1000,289,yes,15,6
2025-05-21T13:01:40.394071,KXBTCD-25MAY2117-T108999.99,DELTA,33,250,34,1000,290,yes,15,-6
2025-05-21T13:01:40.395060,KXBTCD-25MAY2117-T108999.99,DELTA,33,250,34,1000,291,yes,14,6
2025-05-21T13:01:40.414176,KXBTCD-25MAY2117-T108999.99,DELTA,33,250,34,1000,292,no,54,-3
2025-05-21T13:01:40.415035,KXBTCD-25MAY2117-T108999.99,DELTA,33,250,34,1000,293,no,55,3
2025-05-21T13:01:40.729514,KXBTCD-25MAY2117-T108999.99,DELTA,33,250,34,1000,294,yes,27,-1000
2025-05-21T13:01:40.729931,KXBTCD-25MAY2117-T108999.99,DELTA,28,9,34,1000,295,yes,33,-250
2025-05-21T13:01:40.754787,KXBTCD-25MAY2117-T108999.99,DELTA,28,9,34,1000,296,yes,2,1000
2025-05-21T13:01:40.755371,KXBTCD-25MAY2117-T108999.99,DELTA,32,250,34,1000,297,yes,32,250
2025-05-21T13:01:40.974202,KXBTCD-25MAY2117-T108999.99,DELTA,32,250,34,1000,298,yes,2,-1000
2025-05-21T13:01:41.033292,KXBTCD-25MAY2117-T108999.99,DELTA,32,250,34,1000,299,yes,27,1000
2025-05-21T13:01:41.554759,KXBTCD-25MAY2117-T108999.99,DELTA,32,250,34,1000,300,yes,27,-1000
2025-05-21T13:01:41.614912,KXBTCD-25MAY2117-T108999.99,DELTA,32,250,34,1000,301,yes,2,1000
2025-05-21T13:01:41.814782,KXBTCD-25MAY2117-T108999.99,DELTA,32,250,34,1000,302,yes,2,-1000
2025-05-21T13:01:41.852865,KXBTCD-25MAY2117-T108999.99,DELTA,32,250,34,1000,303,yes,27,1000
2025-05-21T13:01:41.913060,KXBTCD-25MAY2117-T108999.99,DELTA,32,250,34,1000,304,no,65,-100
2025-05-21T13:01:41.994499,KXBTCD-25MAY2117-T108999.99,DELTA,32,250,34,1000,305,yes,27,-1000
2025-05-21T13:01:41.995462,KXBTCD-25MAY2117-T108999.99,DELTA,32,250,37,50,306,no,66,-1000
2025-05-21T13:01:42.014343,KXBTCD-25MAY2117-T108999.99,DELTA,32,250,37,50,307,no,11,-8000
2025-05-21T13:01:42.054756,KXBTCD-25MAY2117-T108999.99,DELTA,32,250,36,1000,308,no,64,1000
2025-05-21T13:01:42.074532,KXBTCD-25MAY2117-T108999.99,DELTA,32,250,36,1000,309,no,12,8000
2025-05-21T13:01:42.075261,KXBTCD-25MAY2117-T108999.99,DELTA,32,250,36,1000,310,yes,2,1000
2025-05-21T13:01:42.368408,KXBTCD-25MAY2117-T108999.99,DELTA,32,250,36,1000,311,no,12,-2700
2025-05-21T13:01:42.369253,KXBTCD-25MAY2117-T108999.99,DELTA,32,250,36,1000,312,no,13,2492
2025-05-21T13:01:42.735258,KXBTCD-25MAY2117-T108999.99,DELTA,32,250,34,100,313,no,66,100
2025-05-21T13:01:42.813761,KXBTCD-25MAY2117-T108999.99,DELTA,32,250,34,100,314,no,64,-1000
2025-05-21T13:01:42.854300,KXBTCD-25MAY2117-T108999.99,DELTA,32,250,33,1000,315,no,67,1000
2025-05-21T13:01:46.154508,KXBTCD-25MAY2117-T108999.99,DELTA,32,250,33,1000,316,yes,1,-1611
2025-05-21T13:01:46.213998,KXBTCD-25MAY2117-T108999.99,DELTA,32,250,33,1000,317,yes,2,-2000
2025-05-21T13:01:46.233579,KXBTCD-25MAY2117-T108999.99,DELTA,32,250,33,1000,318,yes,2,-1000
2025-05-21T13:01:47.373411,KXBTCD-25MAY2117-T108999.99,DELTA,32,250,33,1000,319,yes,1,1611
2025-05-21T13:01:47.433476,KXBTCD-25MAY2117-T108999.99,DELTA,32,250,33,1000,320,yes,2,2000
2025-05-21T13:01:47.452614,KXBTCD-25MAY2117-T108999.99,DELTA,32,250,33,1000,321,yes,2,1000
2025-05-21T13:01:50.049087,KXBTCD-25MAY2117-T108999.99,DELTA,32,250,33,1000,322,yes,14,-6
2025-05-21T13:01:50.050285,KXBTCD-25MAY2117-T108999.99,DELTA,32,250,33,1000,323,yes,13,6
2025-05-21T13:01:50.075995,KXBTCD-25MAY2117-T108999.99,DELTA,32,250,33,1000,324,no,55,-3
2025-05-21T13:01:50.077091,KXBTCD-25MAY2117-T108999.99,DELTA,32,250,33,1000,325,no,56,3
2025-05-21T13:01:50.614463,KXBTCD-25MAY2117-T108999.99,DELTA,32,250,33,1000,326,yes,13,-6
2025-05-21T13:01:50.614936,KXBTCD-25MAY2117-T108999.99,DELTA,32,250,33,1000,327,no,56,-3
2025-05-21T13:01:50.693784,KXBTCD-25MAY2117-T108999.99,DELTA,32,250,33,1000,328,yes,14,7
2025-05-21T13:01:50.694052,KXBTCD-25MAY2117-T108999.99,DELTA,32,250,33,1000,329,no,55,2
2025-05-21T13:01:51.915437,KXBTCD-25MAY2117-T108999.99,DELTA,32,250,33,1000,330,no,55,-2
2025-05-21T13:01:51.915631,KXBTCD-25MAY2117-T108999.99,DELTA,32,250,33,1000,331,no,54,2
2025-05-21T13:01:51.933556,KXBTCD-25MAY2117-T108999.99,DELTA,32,250,33,1000,332,yes,14,-7
2025-05-21T13:01:51.933725,KXBTCD-25MAY2117-T108999.99,DELTA,32,250,33,1000,333,yes,15,7
2025-05-21T13:01:52.332795,KXBTCD-25MAY2117-T108999.99,DELTA,32,250,33,1000,334,yes,15,-7
2025-05-21T13:01:52.333112,KXBTCD-25MAY2117-T108999.99,DELTA,32,250,33,1000,335,yes,14,7
2025-05-21T13:01:52.333408,KXBTCD-25MAY2117-T108999.99,DELTA,32,250,33,1000,336,no,54,-2
2025-05-21T13:01:52.333544,KXBTCD-25MAY2117-T108999.99,DELTA,32,250,33,1000,337,no,55,2
2025-05-21T13:01:53.614032,KXBTCD-25MAY2117-T108999.99,DELTA,32,250,33,1000,338,no,55,-2
2025-05-21T13:01:53.614700,KXBTCD-25MAY2117-T108999.99,DELTA,32,250,33,1000,339,no,54,2
2025-05-21T13:01:53.634352,KXBTCD-25MAY2117-T108999.99,DELTA,32,250,33,1000,340,yes,14,-7
2025-05-21T13:01:53.635266,KXBTCD-25MAY2117-T108999.99,DELTA,32,250,33,1000,341,yes,15,7
2025-05-21T13:01:53.874858,KXBTCD-25MAY2117-T108999.99,DELTA,32,250,33,1000,342,yes,15,-7
2025-05-21T13:01:53.875015,KXBTCD-25MAY2117-T108999.99,DELTA,32,250,33,1000,343,yes,14,7
2025-05-21T13:01:53.893655,KXBTCD-25MAY2117-T108999.99,DELTA,32,250,33,1000,344,no,54,-2
2025-05-21T13:01:53.893791,KXBTCD-25MAY2117-T108999.99,DELTA,32,250,33,1000,345,no,55,2
2025-05-21T13:01:55.393672,KXBTCD-25MAY2117-T108999.99,DELTA,32,250,33,1000,346,no,55,-2
2025-05-21T13:01:55.394546,KXBTCD-25MAY2117-T108999.99,DELTA,32,250,33,1000,347,no,54,2
2025-05-21T13:01:55.395237,KXBTCD-25MAY2117-T108999.99,DELTA,32,250,33,1000,348,yes,14,-7
2025-05-21T13:01:55.395869,KXBTCD-25MAY2117-T108999.99,DELTA,32,250,33,1000,349,yes,15,7
2025-05-21T13:01:55.434420,KXBTCD-25MAY2117-T108999.99,DELTA,32,250,33,1000,350,yes,2,-1000
2025-05-21T13:01:55.473993,KXBTCD-25MAY2117-T108999.99,DELTA,32,250,33,1000,351,yes,27,1000
2025-05-21T13:01:55.574615,KXBTCD-25MAY2117-T108999.99,DELTA,28,9,33,1000,352,yes,32,-250
2025-05-21T13:01:55.575407,KXBTCD-25MAY2117-T108999.99,DELTA,28,9,33,1000,353,no,41,-500
2025-05-21T13:01:55.634320,KXBTCD-25MAY2117-T108999.99,DELTA,28,9,33,1000,354,no,42,-2000
2025-05-21T13:01:55.653754,KXBTCD-25MAY2117-T108999.99,DELTA,28,9,33,1000,355,no,54,-2
2025-05-21T13:01:55.654639,KXBTCD-25MAY2117-T108999.99,DELTA,28,9,33,1000,356,no,53,2
2025-05-21T13:01:55.655763,KXBTCD-25MAY2117-T108999.99,DELTA,28,9,33,1000,357,yes,15,-7
2025-05-21T13:01:55.656364,KXBTCD-25MAY2117-T108999.99,DELTA,28,9,33,1000,358,yes,16,7
2025-05-21T13:01:55.775217,KXBTCD-25MAY2117-T108999.99,DELTA,28,9,33,950,359,no,67,-50
2025-05-21T13:01:55.776014,KXBTCD-25MAY2117-T108999.99,DELTA,28,9,33,950,360,no,41,2000
2025-05-21T13:01:55.776529,KXBTCD-25MAY2117-T108999.99,DELTA,28,9,33,950,361,yes,27,-1000
2025-05-21T13:01:55.777136,KXBTCD-25MAY2117-T108999.99,DELTA,28,9,32,10,362,no,68,10
2025-05-21T13:01:55.793817,KXBTCD-25MAY2117-T108999.99,DELTA,28,9,32,10,363,no,40,500
2025-05-21T13:01:55.836096,KXBTCD-25MAY2117-T108999.99,DELTA,28,1009,32,10,364,yes,28,1000
2025-05-21T13:01:55.974351,KXBTCD-25MAY2117-T108999.99,DELTA,28,1009,32,10,365,no,63,-50
2025-05-21T13:01:55.975044,KXBTCD-25MAY2117-T108999.99,DELTA,28,1009,32,10,366,no,62,50
2025-05-21T13:01:55.976569,KXBTCD-25MAY2117-T108999.99,DELTA,28,9,32,10,367,yes,28,-1000
2025-05-21T13:01:56.036210,KXBTCD-25MAY2117-T108999.99,DELTA,28,9,32,10,368,yes,27,1000
2025-05-21T13:01:56.114452,KXBTCD-25MAY2117-T108999.99,DELTA,28,9,33,950,369,no,68,-10
2025-05-21T13:01:56.115414,KXBTCD-25MAY2117-T108999.99,DELTA,28,9,33,860,370,no,67,-90
2025-05-21T13:01:56.134518,KXBTCD-25MAY2117-T108999.99,DELTA,28,9,33,860,371,no,66,-100
2025-05-21T13:01:56.154018,KXBTCD-25MAY2117-T108999.99,DELTA,28,9,33,860,372,yes,27,-100
2025-05-21T13:01:56.252981,KXBTCD-25MAY2117-T108999.99,DELTA,28,9,33,710,373,no,67,-150
2025-05-21T13:01:56.254169,KXBTCD-25MAY2117-T108999.99,DELTA,28,9,38,50,374,no,67,-710
2025-05-21T13:01:56.255206,KXBTCD-25MAY2117-T108999.99,DELTA,28,9,38,50,375,yes,27,-1000
2025-05-21T13:01:56.255740,KXBTCD-25MAY2117-T108999.99,DELTA,24,24,38,50,376,yes,28,-9
2025-05-21T13:01:56.314563,KXBTCD-25MAY2117-T108999.99,DELTA,24,24,38,50,377,no,40,-500
2025-05-21T13:01:56.334440,KXBTCD-25MAY2117-T108999.99,DELTA,24,24,38,50,378,yes,2,1000
2025-05-21T13:01:56.335336,KXBTCD-25MAY2117-T108999.99,DELTA,24,24,37,1000,379,no,63,1000
2025-05-21T13:01:56.414132,KXBTCD-25MAY2117-T108999.99,DELTA,34,50,37,1000,380,yes,34,50
2025-05-21T13:01:56.415244,KXBTCD-25MAY2117-T108999.99,DELTA,34,50,37,1000,381,no,47,500
2025-05-21T13:01:56.474668,KXBTCD-25MAY2117-T108999.99,DELTA,34,50,37,1000,382,no,41,-2000
2025-05-21T13:01:56.535760,KXBTCD-25MAY2117-T108999.99,DELTA,34,50,37,1000,383,no,48,2000
2025-05-21T13:01:57.116225,KXBTCD-25MAY2117-T108999.99,DELTA,34,50,37,1000,384,yes,28,100
2025-05-21T13:01:57.117041,KXBTCD-25MAY2117-T108999.99,DELTA,34,50,36,100,385,no,64,100
2025-05-21T13:01:57.117380,KXBTCD-25MAY2117-T108999.99,DELTA,34,50,36,100,386,no,63,-1000
2025-05-21T13:01:57.134186,KXBTCD-25MAY2117-T108999.99,DELTA,34,50,36,100,387,yes,29,9
2025-05-21T13:01:57.153798,KXBTCD-25MAY2117-T108999.99,DELTA,34,50,35,1000,388,no,65,1000
2025-05-21T13:01:58.334112,KXBTCD-25MAY2117-T108999.99,DELTA,34,50,35,1000,389,yes,28,-100
2025-05-21T13:01:58.455956,KXBTCD-25MAY2117-T108999.99,DELTA,34,50,35,1000,390,yes,29,-9
2025-05-21T13:01:58.457012,KXBTCD-25MAY2117-T108999.99,DELTA,34,50,35,1000,391,yes,25,9
2025-05-21T13:01:59.693866,KXBTCD-25MAY2117-T108999.99,DELTA,34,50,35,1000,392,yes,28,100
2025-05-21T13:01:59.813695,KXBTCD-25MAY2117-T108999.99,DELTA,34,50,35,1000,393,yes,25,-9
2025-05-21T13:01:59.814692,KXBTCD-25MAY2117-T108999.99,DELTA,34,50,35,1000,394,yes,29,9
2025-05-21T13:02:00.454187,KXBTCD-25MAY2117-T108999.99,DELTA,34,50,35,1000,395,yes,2,-1000
2025-05-21T13:02:00.494138,KXBTCD-25MAY2117-T108999.99,DELTA,34,50,35,1000,396,yes,28,1000
2025-05-21T13:02:02.534241,KXBTCD-25MAY2117-T108999.99,DELTA,34,50,35,1000,397,yes,26,24
2025-05-21T13:02:02.535068,KXBTCD-25MAY2117-T108999.99,DELTA,34,50,35,1000,398,yes,24,-24
2025-05-21T13:02:02.554329,KXBTCD-25MAY2117-T108999.99,DELTA,34,50,35,1000,399,no,57,-24
2025-05-21T13:02:02.554666,KXBTCD-25MAY2117-T108999.99,DELTA,34,50,35,1000,400,no,55,24
2025-05-21T13:02:02.555012,KXBTCD-25MAY2117-T108999.99,DELTA,34,50,35,1000,401,yes,28,-1000
2025-05-21T13:02:02.634878,KXBTCD-25MAY2117-T108999.99,DELTA,34,50,35,1000,402,no,48,1250
2025-05-21T13:02:02.635456,KXBTCD-25MAY2117-T108999.99,DELTA,34,50,35,1000,403,yes,29,1000
2025-05-21T13:02:02.635635,KXBTCD-25MAY2117-T108999.99,DELTA,34,50,35,1000,404,no,53,-2
2025-05-21T13:02:02.635775,KXBTCD-25MAY2117-T108999.99,DELTA,34,50,35,1000,405,no,52,2
2025-05-21T13:02:02.654704,KXBTCD-25MAY2117-T108999.99,DELTA,34,50,35,1000,406,yes,16,-7
2025-05-21T13:02:02.655014,KXBTCD-25MAY2117-T108999.99,DELTA,34,50,35,1000,407,yes,17,7
2025-05-21T13:02:02.754264,KXBTCD-25MAY2117-T108999.99,DELTA,34,50,35,1000,408,no,47,-500
2025-05-21T13:02:02.793909,KXBTCD-25MAY2117-T108999.99,DELTA,34,50,35,1000,409,no,48,-1250
2025-05-21T13:02:02.834465,KXBTCD-25MAY2117-T108999.99,DELTA,29,1009,35,1000,410,yes,34,-50
2025-05-21T13:02:02.853381,KXBTCD-25MAY2117-T108999.99,DELTA,29,1009,35,1000,411,no,52,-2
2025-05-21T13:02:02.853701,KXBTCD-25MAY2117-T108999.99,DELTA,29,1009,35,1000,412,no,51,2
2025-05-21T13:02:02.853874,KXBTCD-25MAY2117-T108999.99,DELTA,29,1009,35,1000,413,no,48,-2000
2025-05-21T13:02:02.854131,KXBTCD-25MAY2117-T108999.99,DELTA,29,1009,35,1000,414,yes,17,-7
2025-05-21T13:02:02.854273,KXBTCD-25MAY2117-T108999.99,DELTA,29,1009,35,1000,415,yes,18,7
2025-05-21T13:02:02.896419,KXBTCD-25MAY2117-T108999.99,DELTA,29,1009,35,1000,416,yes,28,-100
2025-05-21T13:02:02.897112,KXBTCD-25MAY2117-T108999.99,DELTA,29,9,35,1000,417,yes,29,-1000
2025-05-21T13:02:02.913413,KXBTCD-25MAY2117-T108999.99,DELTA,34,250,35,1000,418,yes,34,250
2025-05-21T13:02:02.915198,KXBTCD-25MAY2117-T108999.99,DELTA,34,250,35,1000,419,no,47,500
2025-05-21T13:02:02.937360,KXBTCD-25MAY2117-T108999.99,DELTA,34,250,35,1000,420,yes,18,-7
2025-05-21T13:02:02.937962,KXBTCD-25MAY2117-T108999.99,DELTA,34,250,35,1000,421,yes,17,7
2025-05-21T13:02:02.938775,KXBTCD-25MAY2117-T108999.99,DELTA,34,250,35,1000,422,no,41,2000
2025-05-21T13:02:02.938936,KXBTCD-25MAY2117-T108999.99,DELTA,34,250,35,1000,423,no,51,-2
2025-05-21T13:02:02.939065,KXBTCD-25MAY2117-T108999.99,DELTA,34,250,35,1000,424,no,52,2
2025-05-21T13:02:02.974675,KXBTCD-25MAY2117-T108999.99,DELTA,34,250,35,1000,425,no,62,-50
2025-05-21T13:02:02.975333,KXBTCD-25MAY2117-T108999.99,DELTA,34,250,35,1000,426,no,61,50
2025-05-21T13:02:02.975818,KXBTCD-25MAY2117-T108999.99,DELTA,34,250,35,1000,427,yes,28,1000
2025-05-21T13:02:03.037161,KXBTCD-25MAY2117-T108999.99,DELTA,34,250,35,1000,428,yes,28,-1000
2025-05-21T13:02:03.055551,KXBTCD-25MAY2117-T108999.99,DELTA,34,250,35,1000,429,no,41,-2000
2025-05-21T13:02:03.174911,KXBTCD-25MAY2117-T108999.99,DELTA,34,250,35,1000,430,no,48,2000
2025-05-21T13:02:03.175155,KXBTCD-25MAY2117-T108999.99,DELTA,34,250,35,1000,431,yes,2,1000
2025-05-21T13:02:03.772176,KXBTCD-25MAY2117-T108999.99,DELTA,34,250,35,1000,432,no,47,-500
2025-05-21T13:02:03.773216,KXBTCD-25MAY2117-T108999.99,DELTA,34,250,35,1000,433,no,48,-2000
2025-05-21T13:02:03.774433,KXBTCD-25MAY2117-T108999.99,DELTA,34,250,35,1000,434,no,46,500
2025-05-21T13:02:03.795432,KXBTCD-25MAY2117-T108999.99,DELTA,34,250,35,1000,435,yes,29,-9
2025-05-21T13:02:03.795976,KXBTCD-25MAY2117-T108999.99,DELTA,34,250,35,1000,436,yes,12,9
2025-05-21T13:02:03.796319,KXBTCD-25MAY2117-T108999.99,DELTA,34,250,35,1000,437,no,41,2000
2025-05-21T13:02:03.835906,KXBTCD-25MAY2117-T108999.99,DELTA,34,250,35,1000,438,no,41,-2000
2025-05-21T13:02:03.874374,KXBTCD-25MAY2117-T108999.99,DELTA,34,250,35,1000,439,no,47,2000
2025-05-21T13:02:04.034509,KXBTCD-25MAY2117-T108999.99,DELTA,34,250,35,1000,440,yes,29,100
2025-05-21T13:02:04.094013,KXBTCD-25MAY2117-T108999.99,DELTA,34,250,35,1000,441,yes,2,-1000
2025-05-21T13:02:04.135334,KXBTCD-25MAY2117-T108999.99,DELTA,34,250,35,1000,442,yes,29,1000
2025-05-21T13:02:04.533933,KXBTCD-25MAY2117-T108999.99,DELTA,34,250,35,1000,443,yes,29,-1000
2025-05-21T13:02:04.633410,KXBTCD-25MAY2117-T108999.99,DELTA,34,250,35,1000,444,yes,2,1000
2025-05-21T13:02:04.653161,KXBTCD-25MAY2117-T108999.99,DELTA,34,250,35,1000,445,yes,12,-9
2025-05-21T13:02:04.653351,KXBTCD-25MAY2117-T108999.99,DELTA,34,250,35,1000,446,yes,30,9
2025-05-21T13:02:04.841489,KXBTCD-25MAY2117-T108999.99,DELTA,34,250,35,1000,447,yes,17,-7
2025-05-21T13:02:04.841746,KXBTCD-25MAY2117-T108999.99,DELTA,34,250,35,1000,448,yes,16,7
2025-05-21T13:02:04.842081,KXBTCD-25MAY2117-T108999.99,DELTA,34,250,35,1000,449,no,52,-2
2025-05-21T13:02:04.842210,KXBTCD-25MAY2117-T108999.99,DELTA,34,250,35,1000,450,no,53,2
2025-05-21T13:02:04.893354,KXBTCD-25MAY2117-T108999.99,DELTA,34,250,35,1000,451,no,61,-50
2025-05-21T13:02:04.893576,KXBTCD-25MAY2117-T108999.99,DELTA,34,250,35,1000,452,no,62,50
2025-05-21T13:02:05.172947,KXBTCD-25MAY2117-T108999.99,DELTA,30,9,35,1000,453,yes,34,-250
2025-05-21T13:02:05.217369,KXBTCD-25MAY2117-T108999.99,DELTA,33,300,35,1000,454,yes,33,300
2025-05-21T13:02:05.813544,KXBTCD-25MAY2117-T108999.99,DELTA,33,300,35,1000,455,no,46,-500
2025-05-21T13:02:06.214558,KXBTCD-25MAY2117-T108999.99,DELTA,33,300,35,1000,456,no,47,-2000
2025-05-21T13:02:06.214779,KXBTCD-25MAY2117-T108999.99,DELTA,33,300,35,1000,457,no,48,500
2025-05-21T13:02:06.294378,KXBTCD-25MAY2117-T108999.99,DELTA,33,300,35,1000,458,yes,30,-9
2025-05-21T13:02:06.313771,KXBTCD-25MAY2117-T108999.99,DELTA,33,300,35,1000,459,yes,12,9
2025-05-21T13:02:06.315463,KXBTCD-25MAY2117-T108999.99,DELTA,33,300,35,1000,460,yes,24,24
2025-05-21T13:02:06.315564,KXBTCD-25MAY2117-T108999.99,DELTA,33,300,35,1000,461,yes,26,-24
2025-05-21T13:02:06.316950,KXBTCD-25MAY2117-T108999.99,DELTA,33,300,35,1000,462,no,41,2000
2025-05-21T13:02:06.318047,KXBTCD-25MAY2117-T108999.99,DELTA,33,300,35,1000,463,yes,16,-7
2025-05-21T13:02:06.318142,KXBTCD-25MAY2117-T108999.99,DELTA,33,300,35,1000,464,yes,15,7
2025-05-21T13:02:06.415864,KXBTCD-25MAY2117-T108999.99,DELTA,33,300,35,1000,465,no,53,-2
2025-05-21T13:02:06.416082,KXBTCD-25MAY2117-T108999.99,DELTA,33,300,35,1000,466,no,54,2
2025-05-21T13:02:06.417202,KXBTCD-25MAY2117-T108999.99,DELTA,33,300,35,1000,467,no,57,24
2025-05-21T13:02:06.417763,KXBTCD-25MAY2117-T108999.99,DELTA,33,300,35,1000,468,no,55,-24
2025-05-21T13:02:06.905304,KXBTCD-25MAY2117-T108999.99,DELTA,33,300,35,1000,469,no,41,-2000
2025-05-21T13:02:07.015091,KXBTCD-25MAY2117-T108999.99,DELTA,33,300,35,1000,470,yes,15,-7
2025-05-21T13:02:07.016068,KXBTCD-25MAY2117-T108999.99,DELTA,33,300,35,1000,471,yes,29,-100
2025-05-21T13:02:07.097103,KXBTCD-25MAY2117-T108999.99,DELTA,33,300,35,1000,472,no,54,-2
2025-05-21T13:02:07.098050,KXBTCD-25MAY2117-T108999.99,DELTA,33,300,35,1000,473,no,49,2000
2025-05-21T13:02:07.098710,KXBTCD-25MAY2117-T108999.99,DELTA,33,300,35,1000,474,no,48,-500
2025-05-21T13:02:07.113383,KXBTCD-25MAY2117-T108999.99,DELTA,33,300,35,1000,475,yes,16,6
2025-05-21T13:02:07.214803,KXBTCD-25MAY2117-T108999.99,DELTA,33,300,35,1000,476,no,53,3
2025-05-21T13:02:07.294610,KXBTCD-25MAY2117-T108999.99,DELTA,33,300,35,1000,477,no,49,-2000
2025-05-21T13:02:07.414519,KXBTCD-25MAY2117-T108999.99,DELTA,33,300,35,1000,478,no,47,500
2025-05-21T13:02:07.493786,KXBTCD-25MAY2117-T108999.99,DELTA,33,300,35,1000,479,no,41,2000
2025-05-21T13:02:07.698949,KXBTCD-25MAY2117-T108999.99,DELTA,33,300,35,1000,480,no,41,-2000
2025-05-21T13:02:07.812656,KXBTCD-25MAY2117-T108999.99,DELTA,33,300,35,1000,481,no,64,-100
2025-05-21T13:02:07.894671,KXBTCD-25MAY2117-T108999.99,DELTA,33,300,35,1000,482,no,48,2000
2025-05-21T13:02:07.896146,KXBTCD-25MAY2117-T108999.99,DELTA,33,300,38,50,483,no,65,-1000
2025-05-21T13:02:08.094389,KXBTCD-25MAY2117-T108999.99,DELTA,33,300,37,1000,484,no,63,1000
2025-05-21T13:02:08.215892,KXBTCD-25MAY2117-T108999.99,DELTA,33,300,37,1000,485,no,62,-50
2025-05-21T13:02:08.216502,KXBTCD-25MAY2117-T108999.99,DELTA,33,300,37,1000,486,no,49,50
2025-05-21T13:02:08.393562,KXBTCD-25MAY2117-T108999.99,DELTA,33,300,37,1000,487,yes,28,100
2025-05-21T13:02:08.394074,KXBTCD-25MAY2117-T108999.99,DELTA,33,300,43,24,488,no,63,-1000
2025-05-21T13:02:08.514370,KXBTCD-25MAY2117-T108999.99,DELTA,33,300,43,24,489,yes,2,-1000
2025-05-21T13:02:08.514891,KXBTCD-25MAY2117-T108999.99,DELTA,33,300,43,24,490,no,50,1000
2025-05-21T13:02:08.693677,KXBTCD-25MAY2117-T108999.99,DELTA,33,300,43,24,491,no,50,9
2025-05-21T13:02:08.694186,KXBTCD-25MAY2117-T108999.99,DELTA,33,300,43,24,492,yes,29,9
2025-05-21T13:02:08.713182,KXBTCD-25MAY2117-T108999.99,DELTA,33,300,43,24,493,yes,12,-9
2025-05-21T13:02:08.713398,KXBTCD-25MAY2117-T108999.99,DELTA,33,300,43,24,494,yes,28,1000
2025-05-21T13:02:09.116956,KXBTCD-25MAY2117-T108999.99,DELTA,33,300,43,24,495,yes,28,-1000
2025-05-21T13:02:09.193989,KXBTCD-25MAY2117-T108999.99,DELTA,33,300,43,24,496,no,49,-50
2025-05-21T13:02:09.194867,KXBTCD-25MAY2117-T108999.99,DELTA,33,300,43,24,497,no,51,50
2025-05-21T13:02:09.294302,KXBTCD-25MAY2117-T108999.99,DELTA,33,300,43,24,498,yes,29,1000
2025-05-21T13:02:09.295315,KXBTCD-25MAY2117-T108999.99,DELTA,33,300,36,100,499,no,64,100
2025-05-21T13:02:09.295875,KXBTCD-25MAY2117-T108999.99,DELTA,33,300,36,100,500,no,53,-3
2025-05-21T13:02:09.296375,KXBTCD-25MAY2117-T108999.99,DELTA,33,300,36,100,501,no,52,3
2025-05-21T13:02:09.314156,KXBTCD-25MAY2117-T108999.99,DELTA,33,300,36,100,502,no,50,-1000
2025-05-21T13:02:09.314708,KXBTCD-25MAY2117-T108999.99,DELTA,33,300,36,100,503,yes,16,-6
2025-05-21T13:02:09.314864,KXBTCD-25MAY2117-T108999.99,DELTA,33,300,36,100,504,yes,17,6
2025-05-21T13:02:09.314992,KXBTCD-25MAY2117-T108999.99,DELTA,33,300,36,100,505,yes,28,-100
2025-05-21T13:02:09.495038,KXBTCD-25MAY2117-T108999.99,DELTA,33,300,35,1000,506,no,65,1000
2025-05-21T13:02:09.496933,KXBTCD-25MAY2117-T108999.99,DELTA,33,300,35,1000,507,yes,29,-1000
2025-05-21T13:02:09.497840,KXBTCD-25MAY2117-T108999.99,DELTA,33,300,35,1000,508,no,50,-9
2025-05-21T13:02:09.514160,KXBTCD-25MAY2117-T108999.99,DELTA,33,300,35,1000,509,yes,29,-9
2025-05-21T13:02:09.514895,KXBTCD-25MAY2117-T108999.99,DELTA,33,300,35,1000,510,no,58,9
2025-05-21T13:02:09.593929,KXBTCD-25MAY2117-T108999.99,DELTA,33,300,35,1000,511,no,47,-500
2025-05-21T13:02:09.694988,KXBTCD-25MAY2117-T108999.99,DELTA,33,300,35,1000,512,yes,2,1000
2025-05-21T13:02:09.793661,KXBTCD-25MAY2117-T108999.99,DELTA,33,300,35,1000,513,no,46,500
2025-05-21T13:02:09.794591,KXBTCD-25MAY2117-T108999.99,DELTA,33,300,35,1000,514,no,48,-2000
2025-05-21T13:02:09.893698,KXBTCD-25MAY2117-T108999.99,DELTA,33,300,35,1000,515,no,41,2000
2025-05-21T13:02:09.936084,KXBTCD-25MAY2117-T108999.99,DELTA,33,300,35,1000,516,no,41,-2000
2025-05-21T13:02:09.954469,KXBTCD-25MAY2117-T108999.99,DELTA,33,300,35,1000,517,no,51,-50
2025-05-21T13:02:09.955169,KXBTCD-25MAY2117-T108999.99,DELTA,33,300,35,1000,518,no,62,50
2025-05-21T13:02:09.994574,KXBTCD-25MAY2117-T108999.99,DELTA,33,300,35,1000,519,no,47,2000
2025-05-21T13:02:10.256337,KXBTCD-25MAY2117-T108999.99,DELTA,33,300,35,1000,520,yes,29,100
2025-05-21T13:02:10.355177,KXBTCD-25MAY2117-T108999.99,DELTA,33,300,35,1000,521,yes,2,-1000
2025-05-21T13:02:10.393649,KXBTCD-25MAY2117-T108999.99,DELTA,33,300,35,1000,522,no,58,-9
2025-05-21T13:02:10.393971,KXBTCD-25MAY2117-T108999.99,DELTA,33,300,35,1000,523,yes,12,9
2025-05-21T13:02:10.394143,KXBTCD-25MAY2117-T108999.99,DELTA,33,300,35,1000,524,yes,29,1000
2025-05-21T13:02:11.574839,KXBTCD-25MAY2117-T108999.99,DELTA,33,300,35,1000,525,yes,29,-1000
2025-05-21T13:02:11.614352,KXBTCD-25MAY2117-T108999.99,DELTA,33,300,35,1000,526,yes,2,1000
2025-05-21T13:02:11.854731,KXBTCD-25MAY2117-T108999.99,DELTA,33,300,35,1000,527,yes,17,-6
2025-05-21T13:02:11.854956,KXBTCD-25MAY2117-T108999.99,DELTA,33,300,35,1000,528,yes,16,6
2025-05-21T13:02:11.873806,KXBTCD-25MAY2117-T108999.99,DELTA,33,300,35,1000,529,no,52,-3
2025-05-21T13:02:11.873943,KXBTCD-25MAY2117-T108999.99,DELTA,33,300,35,1000,530,no,53,3
2025-05-21T13:02:12.181169,KXBTCD-25MAY2117-T108999.99,DELTA,33,300,35,1000,531,no,46,-500
2025-05-21T13:02:12.212686,KXBTCD-25MAY2117-T108999.99,DELTA,33,300,35,1000,532,no,48,500
2025-05-21T13:02:12.233555,KXBTCD-25MAY2117-T108999.99,DELTA,33,300,35,1000,533,no,47,-2000
2025-05-21T13:02:12.280294,KXBTCD-25MAY2117-T108999.99,DELTA,33,300,35,1000,534,no,49,2000
2025-05-21T13:02:12.734738,KXBTCD-25MAY2117-T108999.99,DELTA,33,300,35,1000,535,yes,16,-6
2025-05-21T13:02:12.734925,KXBTCD-25MAY2117-T108999.99,DELTA,33,300,35,1000,536,yes,15,6
2025-05-21T13:02:12.753380,KXBTCD-25MAY2117-T108999.99,DELTA,33,300,35,1000,537,no,53,-3
2025-05-21T13:02:12.753572,KXBTCD-25MAY2117-T108999.99,DELTA,33,300,35,1000,538,no,54,3
2025-05-21T13:02:12.978234,KXBTCD-25MAY2117-T108999.99,DELTA,29,100,35,1000,539,yes,33,-300
2025-05-21T13:02:13.017470,KXBTCD-25MAY2117-T108999.99,DELTA,32,300,35,1000,540,yes,32,300
2025-05-21T13:02:13.034530,KXBTCD-25MAY2117-T108999.99,DELTA,32,300,35,1000,541,yes,29,-100
2025-05-21T13:02:13.035022,KXBTCD-25MAY2117-T108999.99,DELTA,32,300,35,1000,542,no,64,-100
2025-05-21T13:02:13.094162,KXBTCD-25MAY2117-T108999.99,DELTA,32,300,38,50,543,no,65,-1000
2025-05-21T13:02:13.154095,KXBTCD-25MAY2117-T108999.99,DELTA,32,300,37,1000,544,no,63,1000
2025-05-21T13:02:13.173934,KXBTCD-25MAY2117-T108999.99,DELTA,32,300,37,1000,545,no,62,-50
2025-05-21T13:02:13.174103,KXBTCD-25MAY2117-T108999.99,DELTA,32,300,37,1050,546,no,63,50
2025-05-21T13:02:13.252957,KXBTCD-25MAY2117-T108999.99,DELTA,32,300,37,50,547,no,63,-1000
2025-05-21T13:02:13.293303,KXBTCD-25MAY2117-T108999.99,DELTA,32,300,36,1000,548,no,64,1000
2025-05-21T13:02:13.835918,KXBTCD-25MAY2117-T108999.99,DELTA,32,300,36,1000,549,yes,1,32400
2025-05-21T13:02:13.839030,KXBTCD-25MAY2117-T108999.99,DELTA,32,300,36,1000,550,yes,2,20000
2025-05-21T13:02:13.974570,KXBTCD-25MAY2117-T108999.99,DELTA,32,300,36,1000,551,yes,27,100
2025-05-21T13:02:13.974914,KXBTCD-25MAY2117-T108999.99,DELTA,32,300,35,100,552,no,65,100
2025-05-21T13:02:14.054944,KXBTCD-25MAY2117-T108999.99,DELTA,32,300,35,100,553,yes,2,-1000
2025-05-21T13:02:14.055290,KXBTCD-25MAY2117-T108999.99,DELTA,32,300,35,100,554,no,64,-1000
2025-05-21T13:02:14.116056,KXBTCD-25MAY2117-T108999.99,DELTA,32,300,34,1000,555,no,66,1000
2025-05-21T13:02:14.116243,KXBTCD-25MAY2117-T108999.99,DELTA,32,300,34,1000,556,yes,27,1000
2025-05-21T13:02:15.433502,KXBTCD-25MAY2117-T108999.99,DELTA,32,300,34,1000,557,no,65,-100
2025-05-21T13:02:15.473827,KXBTCD-25MAY2117-T108999.99,DELTA,32,300,34,1000,558,yes,1,-32400
2025-05-21T13:02:15.474065,KXBTCD-25MAY2117-T108999.99,DELTA,32,300,34,1000,559,yes,2,16200
2025-05-21T13:02:15.513517,KXBTCD-25MAY2117-T108999.99,DELTA,32,300,37,50,560,no,66,-1000
2025-05-21T13:02:15.534808,KXBTCD-25MAY2117-T108999.99,DELTA,32,300,37,50,561,yes,2,-20000
2025-05-21T13:02:15.535071,KXBTCD-25MAY2117-T108999.99,DELTA,32,300,37,50,562,yes,2,-2000
2025-05-21T13:02:15.553939,KXBTCD-25MAY2117-T108999.99,DELTA,32,300,37,50,563,yes,12,-9
2025-05-21T13:02:15.554265,KXBTCD-25MAY2117-T108999.99,DELTA,32,300,37,50,564,yes,28,9
2025-05-21T13:02:15.573844,KXBTCD-25MAY2117-T108999.99,DELTA,32,300,36,1000,565,no,64,1000
2025-05-21T13:02:15.612504,KXBTCD-25MAY2117-T108999.99,DELTA,32,300,36,1000,566,yes,3,20000
2025-05-21T13:02:15.612647,KXBTCD-25MAY2117-T108999.99,DELTA,32,300,36,1000,567,yes,3,2000
2025-05-21T13:02:15.894220,KXBTCD-25MAY2117-T108999.99,DELTA,32,300,36,1000,568,yes,27,-1000
2025-05-21T13:02:15.914277,KXBTCD-25MAY2117-T108999.99,DELTA,32,300,36,1000,569,no,63,-50
2025-05-21T13:02:15.914418,KXBTCD-25MAY2117-T108999.99,DELTA,32,300,36,1050,570,no,64,50
2025-05-21T13:02:15.937786,KXBTCD-25MAY2117-T108999.99,DELTA,32,300,36,1050,571,yes,15,-6
2025-05-21T13:02:15.937890,KXBTCD-25MAY2117-T108999.99,DELTA,32,300,36,1050,572,yes,14,6
2025-05-21T13:02:15.937949,KXBTCD-25MAY2117-T108999.99,DELTA,32,300,36,1050,573,no,54,-3
2025-05-21T13:02:15.938000,KXBTCD-25MAY2117-T108999.99,DELTA,32,300,36,1050,574,no,55,3
2025-05-21T13:02:15.938048,KXBTCD-25MAY2117-T108999.99,DELTA,32,300,36,1050,575,yes,3,1000
2025-05-21T13:02:15.973683,KXBTCD-25MAY2117-T108999.99,DELTA,32,300,36,50,576,no,64,-1000
2025-05-21T13:02:16.013952,KXBTCD-25MAY2117-T108999.99,DELTA,32,300,36,50,577,yes,22,24
2025-05-21T13:02:16.014145,KXBTCD-25MAY2117-T108999.99,DELTA,32,300,36,50,578,yes,24,-24
2025-05-21T13:02:16.014246,KXBTCD-25MAY2117-T108999.99,DELTA,32,300,36,50,579,no,59,24
2025-05-21T13:02:16.014328,KXBTCD-25MAY2117-T108999.99,DELTA,32,300,36,50,580,no,57,-24
2025-05-21T13:02:16.014420,KXBTCD-25MAY2117-T108999.99,DELTA,28,9,36,50,581,yes,32,-300
2025-05-21T13:02:16.014488,KXBTCD-25MAY2117-T108999.99,DELTA,28,9,35,1000,582,no,65,1000
2025-05-21T13:02:16.033484,KXBTCD-25MAY2117-T108999.99,DELTA,28,9,35,1000,583,no,48,-500
2025-05-21T13:02:16.095473,KXBTCD-25MAY2117-T108999.99,DELTA,31,250,35,1000,584,yes,31,250
2025-05-21T13:02:16.115135,KXBTCD-25MAY2117-T108999.99,DELTA,31,250,35,1000,585,no,49,500
2025-05-21T13:02:16.115398,KXBTCD-25MAY2117-T108999.99,DELTA,31,250,35,1000,586,no,49,-2000
2025-05-21T13:02:16.115647,KXBTCD-25MAY2117-T108999.99,DELTA,31,250,35,1000,587,yes,14,-6
2025-05-21T13:02:16.115761,KXBTCD-25MAY2117-T108999.99,DELTA,31,250,35,1000,588,yes,13,6
2025-05-21T13:02:16.154447,KXBTCD-25MAY2117-T108999.99,DELTA,31,250,35,1000,589,no,41,2000
2025-05-21T13:02:16.154576,KXBTCD-25MAY2117-T108999.99,DELTA,31,250,35,1000,590,no,55,-3
2025-05-21T13:02:16.154646,KXBTCD-25MAY2117-T108999.99,DELTA,31,250,35,1000,591,no,56,3
2025-05-21T13:02:16.220554,KXBTCD-25MAY2117-T108999.99,DELTA,31,250,35,1000,592,no,41,-2000
2025-05-21T13:02:16.253743,KXBTCD-25MAY2117-T108999.99,DELTA,31,250,35,1000,593,no,50,2000
2025-05-21T13:02:16.349138,KXBTCD-25MAY2117-T108999.99,DELTA,31,250,35,1000,594,yes,28,-9
2025-05-21T13:02:16.349454,KXBTCD-25MAY2117-T108999.99,DELTA,31,250,35,1000,595,yes,12,9
2025-05-21T13:02:16.374790,KXBTCD-25MAY2117-T108999.99,DELTA,31,250,34,100,596,no,66,100
2025-05-21T13:02:16.476086,KXBTCD-25MAY2117-T108999.99,DELTA,31,250,34,100,597,yes,27,-100
2025-05-21T13:02:16.515415,KXBTCD-25MAY2117-T108999.99,DELTA,31,250,34,100,598,no,65,-1000
2025-05-21T13:02:16.595248,KXBTCD-25MAY2117-T108999.99,DELTA,31,250,33,1000,599,no,67,1000
2025-05-21T13:02:16.693527,KXBTCD-25MAY2117-T108999.99,DELTA,31,250,33,1000,600,no,66,-100
2025-05-21T13:02:16.753360,KXBTCD-25MAY2117-T108999.99,DELTA,31,250,36,50,601,no,67,-1000
2025-05-21T13:02:16.936423,KXBTCD-25MAY2117-T108999.99,DELTA,31,250,35,1000,602,no,65,1000
2025-05-21T13:02:17.116829,KXBTCD-25MAY2117-T108999.99,DELTA,31,250,35,1000,603,no,56,-3
2025-05-21T13:02:17.117253,KXBTCD-25MAY2117-T108999.99,DELTA,31,250,35,1000,604,no,55,3
2025-05-21T13:02:17.134091,KXBTCD-25MAY2117-T108999.99,DELTA,31,250,35,1000,605,yes,13,-6
2025-05-21T13:02:17.134364,KXBTCD-25MAY2117-T108999.99,DELTA,31,250,35,1000,606,yes,14,6
2025-05-21T13:02:17.515644,KXBTCD-25MAY2117-T108999.99,DELTA,31,250,35,1000,607,yes,25,100
2025-05-21T13:02:17.534134,KXBTCD-25MAY2117-T108999.99,DELTA,31,250,33,100,608,no,67,100
2025-05-21T13:02:17.573995,KXBTCD-25MAY2117-T108999.99,DELTA,31,250,33,100,609,yes,14,-6
2025-05-21T13:02:17.574217,KXBTCD-25MAY2117-T108999.99,DELTA,31,250,33,100,610,yes,13,6
2025-05-21T13:02:17.594565,KXBTCD-25MAY2117-T108999.99,DELTA,31,250,33,100,611,yes,3,-1000
2025-05-21T13:02:17.594819,KXBTCD-25MAY2117-T108999.99,DELTA,31,250,33,100,612,no,55,-3
2025-05-21T13:02:17.594984,KXBTCD-25MAY2117-T108999.99,DELTA,31,250,33,100,613,no,56,3
2025-05-21T13:02:17.633298,KXBTCD-25MAY2117-T108999.99,DELTA,31,250,33,100,614,no,65,-1000
2025-05-21T13:02:17.654326,KXBTCD-25MAY2117-T108999.99,DELTA,31,250,33,100,615,yes,26,1000
2025-05-21T13:02:17.694183,KXBTCD-25MAY2117-T108999.99,DELTA,31,250,32,1000,616,no,68,1000
2025-05-21T13:02:17.713877,KXBTCD-25MAY2117-T108999.99,DELTA,31,250,32,1000,617,yes,26,-1000
2025-05-21T13:02:17.776286,KXBTCD-25MAY2117-T108999.99,DELTA,31,250,32,1000,618,yes,25,1000
2025-05-21T13:02:20.013841,KXBTCD-25MAY2117-T108999.99,DELTA,31,250,32,1000,619,yes,2,-16200
2025-05-21T13:02:20.014897,KXBTCD-25MAY2117-T108999.99,DELTA,31,250,32,1000,620,yes,1,32400
2025-05-21T13:02:20.074467,KXBTCD-25MAY2117-T108999.99,DELTA,31,250,32,1000,621,yes,3,-20000
2025-05-21T13:02:20.094632,KXBTCD-25MAY2117-T108999.99,DELTA,31,250,32,1000,622,yes,3,-2000
2025-05-21T13:02:20.134510,KXBTCD-25MAY2117-T108999.99,DELTA,31,250,32,1000,623,yes,12,-9
2025-05-21T13:02:20.135065,KXBTCD-25MAY2117-T108999.99,DELTA,31,250,32,1000,624,yes,2,20000
2025-05-21T13:02:20.135363,KXBTCD-25MAY2117-T108999.99,DELTA,31,250,32,1000,625,yes,2,2000
2025-05-21T13:02:20.135604,KXBTCD-25MAY2117-T108999.99,DELTA,31,250,32,1000,626,yes,26,9
2025-05-21T13:02:22.021252,KXBTCD-25MAY2117-T108999.99,SNAPSHOT,31,250,32,1000,1,,,
2025-05-21T13:02:23.740075,KXBTCD-25MAY2117-T108999.99,DELTA,31,250,32,1000,627,no,12,-8000
2025-05-21T13:02:23.740305,KXBTCD-25MAY2117-T108999.99,DELTA,31,250,32,1000,2,no,12,-8000
2025-05-21T13:02:23.753148,KXBTCD-25MAY2117-T108999.99,DELTA,26,9,32,1000,3,yes,31,-250
2025-05-21T13:02:23.754082,KXBTCD-25MAY2117-T108999.99,DELTA,26,9,32,1000,628,yes,31,-250
2025-05-21T13:02:23.773674,KXBTCD-25MAY2117-T108999.99,DELTA,26,9,32,1000,4,no,49,-500
2025-05-21T13:02:23.774611,KXBTCD-25MAY2117-T108999.99,DELTA,26,9,32,1000,629,no,49,-500
2025-05-21T13:02:23.793272,KXBTCD-25MAY2117-T108999.99,DELTA,26,9,32,1000,5,no,13,8000
2025-05-21T13:02:23.794056,KXBTCD-25MAY2117-T108999.99,DELTA,26,9,32,1000,6,no,64,-50
2025-05-21T13:02:23.794682,KXBTCD-25MAY2117-T108999.99,DELTA,26,9,32,1000,7,no,65,50
2025-05-21T13:02:23.796300,KXBTCD-25MAY2117-T108999.99,DELTA,26,9,32,1000,630,no,13,8000
2025-05-21T13:02:23.797036,KXBTCD-25MAY2117-T108999.99,DELTA,26,9,32,1000,631,no,64,-50
2025-05-21T13:02:23.797617,KXBTCD-25MAY2117-T108999.99,DELTA,26,9,32,1000,632,no,65,50
2025-05-21T13:02:23.833570,KXBTCD-25MAY2117-T108999.99,DELTA,30,200,32,1000,8,yes,30,200
2025-05-21T13:02:23.834522,KXBTCD-25MAY2117-T108999.99,DELTA,30,200,32,1000,633,yes,30,200
2025-05-21T13:02:23.834645,KXBTCD-25MAY2117-T108999.99,DELTA,30,200,32,1000,9,no,50,-2000
2025-05-21T13:02:23.835333,KXBTCD-25MAY2117-T108999.99,DELTA,30,200,32,1000,634,no,50,-2000
2025-05-21T13:02:23.835495,KXBTCD-25MAY2117-T108999.99,DELTA,30,200,32,1000,10,no,51,500
2025-05-21T13:02:23.835944,KXBTCD-25MAY2117-T108999.99,DELTA,30,200,32,1000,635,no,51,500
2025-05-21T13:02:23.932809,KXBTCD-25MAY2117-T108999.99,DELTA,30,200,32,1000,11,no,41,2000
2025-05-21T13:02:23.935655,KXBTCD-25MAY2117-T108999.99,DELTA,30,200,32,1000,636,no,41,2000
2025-05-21T13:02:23.972925,KXBTCD-25MAY2117-T108999.99,DELTA,30,200,32,1000,12,no,41,-2000
2025-05-21T13:02:23.974093,KXBTCD-25MAY2117-T108999.99,DELTA,30,200,32,1000,637,no,41,-2000
2025-05-21T13:02:24.012969,KXBTCD-25MAY2117-T108999.99,DELTA,30,200,32,1000,13,yes,13,-6
2025-05-21T13:02:24.013986,KXBTCD-25MAY2117-T108999.99,DELTA,30,200,32,1000,14,yes,12,6
2025-05-21T13:02:24.014778,KXBTCD-25MAY2117-T108999.99,DELTA,30,200,32,1000,15,no,52,2000
2025-05-21T13:02:24.017372,KXBTCD-25MAY2117-T108999.99,DELTA,30,200,32,1000,638,yes,13,-6
2025-05-21T13:02:24.018053,KXBTCD-25MAY2117-T108999.99,DELTA,30,200,32,1000,639,yes,12,6
2025-05-21T13:02:24.018547,KXBTCD-25MAY2117-T108999.99,DELTA,30,200,32,1000,640,no,52,2000
2025-05-21T13:02:24.033619,KXBTCD-25MAY2117-T108999.99,DELTA,30,200,32,1000,16,no,56,-3
2025-05-21T13:02:24.034339,KXBTCD-25MAY2117-T108999.99,DELTA,30,200,32,1000,17,no,57,3
2025-05-21T13:02:24.034276,KXBTCD-25MAY2117-T108999.99,DELTA,30,200,32,1000,641,no,56,-3
2025-05-21T13:02:24.035007,KXBTCD-25MAY2117-T108999.99,DELTA,30,200,32,1000,642,no,57,3
2025-05-21T13:02:24.253072,KXBTCD-25MAY2117-T108999.99,DELTA,30,200,32,1000,18,no,51,-500
2025-05-21T13:02:24.253710,KXBTCD-25MAY2117-T108999.99,DELTA,30,200,32,1000,643,no,51,-500
2025-05-21T13:02:24.273692,KXBTCD-25MAY2117-T108999.99,DELTA,30,200,32,1000,19,no,57,-3
2025-05-21T13:02:24.274340,KXBTCD-25MAY2117-T108999.99,DELTA,30,200,32,1000,644,no,57,-3
2025-05-21T13:02:24.274760,KXBTCD-25MAY2117-T108999.99,DELTA,30,200,32,1000,20,no,56,3
2025-05-21T13:02:24.275267,KXBTCD-25MAY2117-T108999.99,DELTA,30,200,32,1000,645,no,56,3
2025-05-21T13:02:24.275635,KXBTCD-25MAY2117-T108999.99,DELTA,30,200,32,1000,21,yes,12,-6
2025-05-21T13:02:24.275988,KXBTCD-25MAY2117-T108999.99,DELTA,30,200,32,1000,646,yes,12,-6
2025-05-21T13:02:24.276253,KXBTCD-25MAY2117-T108999.99,DELTA,30,200,32,1000,22,yes,13,6
2025-05-21T13:02:24.276584,KXBTCD-25MAY2117-T108999.99,DELTA,30,200,32,1000,647,yes,13,6
2025-05-21T13:02:24.313326,KXBTCD-25MAY2117-T108999.99,DELTA,30,200,32,1000,23,no,52,-2000
2025-05-21T13:02:24.313325,KXBTCD-25MAY2117-T108999.99,DELTA,30,200,32,1000,648,no,52,-2000
2025-05-21T13:02:24.313976,KXBTCD-25MAY2117-T108999.99,DELTA,30,200,32,1000,24,no,50,500
2025-05-21T13:02:24.314161,KXBTCD-25MAY2117-T108999.99,DELTA,30,200,32,1000,649,no,50,500
2025-05-21T13:02:24.373128,KXBTCD-25MAY2117-T108999.99,DELTA,30,200,32,1000,25,no,41,2000
2025-05-21T13:02:24.374000,KXBTCD-25MAY2117-T108999.99,DELTA,30,200,32,1000,650,no,41,2000
2025-05-21T13:02:24.432026,KXBTCD-25MAY2117-T108999.99,DELTA,30,200,32,1000,26,no,41,-2000
2025-05-21T13:02:24.432811,KXBTCD-25MAY2117-T108999.99,DELTA,30,200,32,1000,651,no,41,-2000
2025-05-21T13:02:24.473479,KXBTCD-25MAY2117-T108999.99,DELTA,30,200,32,1000,27,no,51,2000
2025-05-21T13:02:24.473878,KXBTCD-25MAY2117-T108999.99,DELTA,30,200,32,1000,652,no,51,2000
2025-05-21T13:02:25.413531,KXBTCD-25MAY2117-T108999.99,DELTA,30,200,32,1000,28,no,13,-2492
2025-05-21T13:02:25.413810,KXBTCD-25MAY2117-T108999.99,DELTA,30,200,32,1000,653,no,13,-2492
2025-05-21T13:02:25.414491,KXBTCD-25MAY2117-T108999.99,DELTA,30,200,32,1000,29,no,14,2314
2025-05-21T13:02:25.415242,KXBTCD-25MAY2117-T108999.99,DELTA,30,200,32,1000,654,no,14,2314
2025-05-21T13:02:28.472230,KXBTCD-25MAY2117-T108999.99,DELTA,30,200,32,1000,30,yes,25,-100
2025-05-21T13:02:28.473095,KXBTCD-25MAY2117-T108999.99,DELTA,30,200,32,1000,655,yes,25,-100
2025-05-21T13:02:28.533479,KXBTCD-25MAY2117-T108999.99,DELTA,30,200,32,1000,656,yes,25,-1000
2025-05-21T13:02:28.533479,KXBTCD-25MAY2117-T108999.99,DELTA,30,200,32,1000,31,yes,25,-1000
2025-05-21T13:02:28.572376,KXBTCD-25MAY2117-T108999.99,DELTA,30,200,32,1000,32,yes,2,1000
2025-05-21T13:02:28.581691,KXBTCD-25MAY2117-T108999.99,DELTA,30,200,32,1000,657,yes,2,1000
2025-05-21T13:02:28.752727,KXBTCD-25MAY2117-T108999.99,DELTA,30,200,32,1000,33,yes,13,-6
2025-05-21T13:02:28.753004,KXBTCD-25MAY2117-T108999.99,DELTA,30,200,32,1000,34,yes,12,6
2025-05-21T13:02:28.753344,KXBTCD-25MAY2117-T108999.99,DELTA,30,200,32,1000,658,yes,13,-6
2025-05-21T13:02:28.753489,KXBTCD-25MAY2117-T108999.99,DELTA,30,200,32,1000,659,yes,12,6
2025-05-21T13:02:28.774177,KXBTCD-25MAY2117-T108999.99,DELTA,30,200,32,1000,35,no,56,-3
2025-05-21T13:02:28.774177,KXBTCD-25MAY2117-T108999.99,DELTA,30,200,32,1000,660,no,56,-3
2025-05-21T13:02:28.774327,KXBTCD-25MAY2117-T108999.99,DELTA,30,200,32,1000,36,no,57,3
2025-05-21T13:02:28.774374,KXBTCD-25MAY2117-T108999.99,DELTA,30,200,32,1000,661,no,57,3
2025-05-21T13:02:29.273290,KXBTCD-25MAY2117-T108999.99,DELTA,30,200,32,1000,37,no,57,-3
2025-05-21T13:02:29.273771,KXBTCD-25MAY2117-T108999.99,DELTA,30,200,32,1000,38,no,56,3
2025-05-21T13:02:29.274001,KXBTCD-25MAY2117-T108999.99,DELTA,30,200,32,1000,39,yes,12,-6
2025-05-21T13:02:29.274184,KXBTCD-25MAY2117-T108999.99,DELTA,30,200,32,1000,40,yes,13,6
2025-05-21T13:02:29.274293,KXBTCD-25MAY2117-T108999.99,DELTA,30,200,32,1000,662,no,57,-3
2025-05-21T13:02:29.274614,KXBTCD-25MAY2117-T108999.99,DELTA,30,200,32,1000,663,no,56,3
2025-05-21T13:02:29.275181,KXBTCD-25MAY2117-T108999.99,DELTA,30,200,32,1000,664,yes,12,-6
2025-05-21T13:02:29.275432,KXBTCD-25MAY2117-T108999.99,DELTA,30,200,32,1000,665,yes,13,6
2025-05-21T13:02:29.393199,KXBTCD-25MAY2117-T108999.99,DELTA,30,200,32,1000,41,yes,26,-9
2025-05-21T13:02:29.393764,KXBTCD-25MAY2117-T108999.99,DELTA,30,200,32,1000,42,yes,23,9
2025-05-21T13:02:29.394733,KXBTCD-25MAY2117-T108999.99,DELTA,30,200,32,1000,666,yes,26,-9
2025-05-21T13:02:29.394990,KXBTCD-25MAY2117-T108999.99,DELTA,30,200,32,1000,667,yes,23,9
2025-05-21T13:02:29.553869,KXBTCD-25MAY2117-T108999.99,DELTA,30,200,32,1000,43,yes,25,100
2025-05-21T13:02:29.554255,KXBTCD-25MAY2117-T108999.99,DELTA,30,200,32,1000,668,yes,25,100
2025-05-21T13:02:29.652161,KXBTCD-25MAY2117-T108999.99,DELTA,30,200,32,1000,44,yes,2,-1000
2025-05-21T13:02:29.653517,KXBTCD-25MAY2117-T108999.99,DELTA,30,200,32,1000,669,yes,2,-1000
2025-05-21T13:02:29.692714,KXBTCD-25MAY2117-T108999.99,DELTA,30,200,32,1000,45,yes,25,1000
2025-05-21T13:02:29.694220,KXBTCD-25MAY2117-T108999.99,DELTA,30,200,32,1000,670,yes,25,1000
2025-05-21T13:02:30.414666,KXBTCD-25MAY2117-T108999.99,DELTA,30,200,32,1000,671,no,30,20
2025-05-21T13:02:30.414666,KXBTCD-25MAY2117-T108999.99,DELTA,30,200,32,1000,46,no,30,20
2025-05-21T13:02:30.533451,KXBTCD-25MAY2117-T108999.99,DELTA,30,200,32,1000,672,yes,26,9
2025-05-21T13:02:30.533451,KXBTCD-25MAY2117-T108999.99,DELTA,30,200,32,1000,47,yes,26,9
2025-05-21T13:02:30.533714,KXBTCD-25MAY2117-T108999.99,DELTA,30,200,32,1000,673,yes,23,-9
2025-05-21T13:02:30.533794,KXBTCD-25MAY2117-T108999.99,DELTA,30,200,32,1000,48,yes,23,-9
2025-05-21T13:02:32.312350,KXBTCD-25MAY2117-T108999.99,DELTA,30,200,32,1000,49,no,14,-2314
2025-05-21T13:02:32.312708,KXBTCD-25MAY2117-T108999.99,DELTA,30,200,32,1000,50,no,31,1045
2025-05-21T13:02:32.313386,KXBTCD-25MAY2117-T108999.99,DELTA,30,200,32,1000,674,no,14,-2314
2025-05-21T13:02:32.313582,KXBTCD-25MAY2117-T108999.99,DELTA,30,200,32,1000,675,no,31,1045
2025-05-21T13:02:32.897069,KXBTCD-25MAY2117-T108999.99,DELTA,30,200,32,1000,51,yes,25,-1000
2025-05-21T13:02:32.933392,KXBTCD-25MAY2117-T108999.99,DELTA,30,200,32,1000,52,yes,2,1000
2025-05-21T13:02:32.949526,KXBTCD-25MAY2117-T108999.99,DELTA,30,200,32,1000,676,yes,25,-1000
2025-05-21T13:02:32.949782,KXBTCD-25MAY2117-T108999.99,DELTA,30,200,32,1000,677,yes,2,1000
2025-05-21T13:02:33.013357,KXBTCD-25MAY2117-T108999.99,DELTA,30,200,32,1000,53,yes,13,-6
2025-05-21T13:02:33.013571,KXBTCD-25MAY2117-T108999.99,DELTA,30,200,32,1000,54,no,56,-3
2025-05-21T13:02:33.037447,KXBTCD-25MAY2117-T108999.99,DELTA,30,200,32,1000,678,yes,13,-6
2025-05-21T13:02:33.037620,KXBTCD-25MAY2117-T108999.99,DELTA,30,200,32,1000,679,no,56,-3
2025-05-21T13:02:33.092844,KXBTCD-25MAY2117-T108999.99,DELTA,30,200,32,1000,55,yes,12,7
2025-05-21T13:02:33.093119,KXBTCD-25MAY2117-T108999.99,DELTA,30,200,32,1000,56,no,57,2
2025-05-21T13:02:33.094879,KXBTCD-25MAY2117-T108999.99,DELTA,30,200,32,1000,680,yes,12,7
2025-05-21T13:02:33.095011,KXBTCD-25MAY2117-T108999.99,DELTA,30,200,32,1000,681,no,57,2
2025-05-21T13:02:33.252778,KXBTCD-25MAY2117-T108999.99,DELTA,30,200,32,1000,57,no,41,-3000
2025-05-21T13:02:33.253644,KXBTCD-25MAY2117-T108999.99,DELTA,30,200,32,1000,58,no,13,-8000
2025-05-21T13:02:33.254759,KXBTCD-25MAY2117-T108999.99,DELTA,30,200,32,1000,682,no,41,-3000
2025-05-21T13:02:33.255481,KXBTCD-25MAY2117-T108999.99,DELTA,30,200,32,1000,683,no,13,-8000
2025-05-21T13:02:33.272177,KXBTCD-25MAY2117-T108999.99,DELTA,30,200,32,1000,59,no,67,-100
2025-05-21T13:02:33.273182,KXBTCD-25MAY2117-T108999.99,DELTA,30,200,32,1000,684,no,67,-100
2025-05-21T13:02:33.313143,KXBTCD-25MAY2117-T108999.99,DELTA,30,200,32,1000,60,no,14,8000
2025-05-21T13:02:33.313873,KXBTCD-25MAY2117-T108999.99,DELTA,30,200,32,1000,685,no,14,8000
2025-05-21T13:02:33.332426,KXBTCD-25MAY2117-T108999.99,DELTA,30,200,32,1000,61,no,52,3000
2025-05-21T13:02:33.333048,KXBTCD-25MAY2117-T108999.99,DELTA,30,200,32,1000,686,no,52,3000
2025-05-21T13:02:33.442347,KXBTCD-25MAY2117-T108999.99,DELTA,30,200,35,50,687,no,68,-1000
2025-05-21T13:02:33.442347,KXBTCD-25MAY2117-T108999.99,DELTA,30,200,35,50,62,no,68,-1000
2025-05-21T13:02:33.493910,KXBTCD-25MAY2117-T108999.99,DELTA,30,200,34,1000,688,no,66,1000
2025-05-21T13:02:33.496211,KXBTCD-25MAY2117-T108999.99,DELTA,30,200,34,1000,63,no,66,1000
2025-05-21T13:02:33.533366,KXBTCD-25MAY2117-T108999.99,DELTA,30,200,34,1000,689,yes,2,-1000
2025-05-21T13:02:33.533872,KXBTCD-25MAY2117-T108999.99,DELTA,30,200,34,1000,64,yes,2,-1000
2025-05-21T13:02:33.593830,KXBTCD-25MAY2117-T108999.99,DELTA,30,200,34,1000,690,yes,25,1000
2025-05-21T13:02:33.593830,KXBTCD-25MAY2117-T108999.99,DELTA,30,200,34,1000,65,yes,25,1000
2025-05-21T13:02:33.756130,KXBTCD-25MAY2117-T108999.99,DELTA,30,200,34,1000,691,no,57,-2
2025-05-21T13:02:33.756133,KXBTCD-25MAY2117-T108999.99,DELTA,30,200,34,1000,66,no,57,-2
2025-05-21T13:02:33.756499,KXBTCD-25MAY2117-T108999.99,DELTA,30,200,34,1000,692,no,55,2
2025-05-21T13:02:33.756578,KXBTCD-25MAY2117-T108999.99,DELTA,30,200,34,1000,67,no,55,2
2025-05-21T13:02:33.773236,KXBTCD-25MAY2117-T108999.99,DELTA,30,200,34,1000,68,yes,12,-7
2025-05-21T13:02:33.773506,KXBTCD-25MAY2117-T108999.99,DELTA,30,200,34,1000,69,yes,14,7
2025-05-21T13:02:33.773487,KXBTCD-25MAY2117-T108999.99,DELTA,30,200,34,1000,693,yes,12,-7
2025-05-21T13:02:33.773742,KXBTCD-25MAY2117-T108999.99,DELTA,30,200,34,1000,694,yes,14,7
2025-05-21T13:02:34.054373,KXBTCD-25MAY2117-T108999.99,DELTA,30,200,34,1000,70,yes,14,-7
2025-05-21T13:02:34.054827,KXBTCD-25MAY2117-T108999.99,DELTA,30,200,34,1000,695,yes,14,-7
2025-05-21T13:02:34.055164,KXBTCD-25MAY2117-T108999.99,DELTA,30,200,34,1000,71,yes,13,7
2025-05-21T13:02:34.055575,KXBTCD-25MAY2117-T108999.99,DELTA,30,200,34,1000,696,yes,13,7
2025-05-21T13:02:34.074345,KXBTCD-25MAY2117-T108999.99,DELTA,30,200,34,1000,697,no,55,-2
2025-05-21T13:02:34.075203,KXBTCD-25MAY2117-T108999.99,DELTA,30,200,34,1000,698,no,56,2
2025-05-21T13:02:34.075531,KXBTCD-25MAY2117-T108999.99,DELTA,30,200,34,1000,72,no,55,-2
2025-05-21T13:02:34.076064,KXBTCD-25MAY2117-T108999.99,DELTA,30,200,34,1000,73,no,56,2
2025-05-21T13:02:34.353595,KXBTCD-25MAY2117-T108999.99,DELTA,30,200,32,100,74,no,68,100
2025-05-21T13:02:34.354538,KXBTCD-25MAY2117-T108999.99,DELTA,30,200,32,100,699,no,68,100
2025-05-21T13:02:34.413455,KXBTCD-25MAY2117-T108999.99,DELTA,30,200,32,100,75,no,66,-1000
2025-05-21T13:02:34.413856,KXBTCD-25MAY2117-T108999.99,DELTA,30,200,32,100,700,no,66,-1000
2025-05-21T13:02:34.472765,KXBTCD-25MAY2117-T108999.99,DELTA,30,200,31,1000,76,no,69,1000
2025-05-21T13:02:34.473141,KXBTCD-25MAY2117-T108999.99,DELTA,30,200,31,1000,701,no,69,1000
2025-05-21T13:02:43.012793,KXBTCD-25MAY2117-T108999.99,DELTA,30,200,31,1000,77,yes,25,-1000
2025-05-21T13:02:43.015237,KXBTCD-25MAY2117-T108999.99,DELTA,30,200,31,1000,702,yes,25,-1000
2025-05-21T13:02:43.052829,KXBTCD-25MAY2117-T108999.99,DELTA,30,200,31,1000,78,yes,26,1000
2025-05-21T13:02:43.053787,KXBTCD-25MAY2117-T108999.99,DELTA,30,200,31,1000,703,yes,26,1000
2025-05-21T13:02:44.525840,KXBTCD-25MAY2117-T108999.99,DELTA,30,200,31,1000,704,yes,26,-1000
2025-05-21T13:02:44.525839,KXBTCD-25MAY2117-T108999.99,DELTA,30,200,31,1000,79,yes,26,-1000
2025-05-21T13:02:44.593282,KXBTCD-25MAY2117-T108999.99,DELTA,30,200,31,1000,80,yes,25,1000
2025-05-21T13:02:44.594127,KXBTCD-25MAY2117-T108999.99,DELTA,30,200,31,1000,705,yes,25,1000
2025-05-21T13:02:47.033985,KXBTCD-25MAY2117-T108999.99,DELTA,30,200,31,1000,81,no,56,-2
2025-05-21T13:02:47.034260,KXBTCD-25MAY2117-T108999.99,DELTA,30,200,31,1000,706,no,56,-2
2025-05-21T13:02:47.034853,KXBTCD-25MAY2117-T108999.99,DELTA,30,200,31,1000,82,no,55,2
2025-05-21T13:02:47.035201,KXBTCD-25MAY2117-T108999.99,DELTA,30,200,31,1000,707,no,55,2
2025-05-21T13:02:47.035377,KXBTCD-25MAY2117-T108999.99,DELTA,30,200,31,1000,83,yes,13,-7
2025-05-21T13:02:47.035748,KXBTCD-25MAY2117-T108999.99,DELTA,30,200,31,1000,708,yes,13,-7
2025-05-21T13:02:47.035963,KXBTCD-25MAY2117-T108999.99,DELTA,30,200,31,1000,84,yes,14,7
2025-05-21T13:02:47.036199,KXBTCD-25MAY2117-T108999.99,DELTA,30,200,31,1000,709,yes,14,7
2025-05-21T13:02:47.833185,KXBTCD-25MAY2117-T108999.99,DELTA,30,200,31,1000,85,yes,14,-7
2025-05-21T13:02:47.834044,KXBTCD-25MAY2117-T108999.99,DELTA,30,200,31,1000,86,yes,13,7
2025-05-21T13:02:47.834401,KXBTCD-25MAY2117-T108999.99,DELTA,30,200,31,1000,710,yes,14,-7
2025-05-21T13:02:47.835181,KXBTCD-25MAY2117-T108999.99,DELTA,30,200,31,1000,711,yes,13,7
2025-05-21T13:02:47.853691,KXBTCD-25MAY2117-T108999.99,DELTA,30,200,31,1000,87,no,55,-2
2025-05-21T13:02:47.854115,KXBTCD-25MAY2117-T108999.99,DELTA,30,200,31,1000,712,no,55,-2
2025-05-21T13:02:47.854500,KXBTCD-25MAY2117-T108999.99,DELTA,30,200,31,1000,88,no,56,2
2025-05-21T13:02:47.854840,KXBTCD-25MAY2117-T108999.99,DELTA,30,200,31,1000,713,no,56,2
2025-05-21T13:02:48.092981,KXBTCD-25MAY2117-T108999.99,DELTA,30,200,31,1000,89,yes,25,-1000
2025-05-21T13:02:48.094114,KXBTCD-25MAY2117-T108999.99,DELTA,30,200,31,1000,714,yes,25,-1000
2025-05-21T13:02:48.132420,KXBTCD-25MAY2117-T108999.99,DELTA,30,200,31,1000,90,yes,2,1000
2025-05-21T13:02:48.133632,KXBTCD-25MAY2117-T108999.99,DELTA,30,200,31,1000,715,yes,2,1000
2025-05-21T13:02:53.394059,KXBTCD-25MAY2117-T108999.99,DELTA,30,200,31,1000,716,no,68,-100
2025-05-21T13:02:53.395060,KXBTCD-25MAY2117-T108999.99,DELTA,30,200,31,1000,717,yes,25,-100
2025-05-21T13:02:53.400562,KXBTCD-25MAY2117-T108999.99,DELTA,30,200,31,1000,91,no,68,-100
2025-05-21T13:02:53.401605,KXBTCD-25MAY2117-T108999.99,DELTA,30,200,31,1000,92,yes,25,-100
2025-05-21T13:02:53.512496,KXBTCD-25MAY2117-T108999.99,DELTA,30,200,31,1000,93,yes,26,-9
2025-05-21T13:02:53.513385,KXBTCD-25MAY2117-T108999.99,DELTA,30,200,31,1000,94,yes,23,9
2025-05-21T13:02:53.513636,KXBTCD-25MAY2117-T108999.99,DELTA,30,200,31,1000,718,yes,26,-9
2025-05-21T13:02:53.514000,KXBTCD-25MAY2117-T108999.99,DELTA,30,200,35,50,95,no,69,-1000
2025-05-21T13:02:53.514351,KXBTCD-25MAY2117-T108999.99,DELTA,30,200,31,1000,719,yes,23,9
2025-05-21T13:02:53.514851,KXBTCD-25MAY2117-T108999.99,DELTA,30,200,35,50,720,no,69,-1000
2025-05-21T13:02:53.573013,KXBTCD-25MAY2117-T108999.99,DELTA,30,200,34,1000,721,no,66,1000
2025-05-21T13:02:53.576231,KXBTCD-25MAY2117-T108999.99,DELTA,30,200,34,1000,96,no,66,1000
2025-05-21T13:02:54.192000,KXBTCD-25MAY2117-T108999.99,DELTA,30,200,34,1000,97,yes,24,100
2025-05-21T13:02:54.192477,KXBTCD-25MAY2117-T108999.99,DELTA,30,200,32,100,98,no,68,100
2025-05-21T13:02:54.193082,KXBTCD-25MAY2117-T108999.99,DELTA,30,200,34,1000,722,yes,24,100
2025-05-21T13:02:54.193374,KXBTCD-25MAY2117-T108999.99,DELTA,30,200,32,100,723,no,68,100
2025-05-21T13:02:54.272440,KXBTCD-25MAY2117-T108999.99,DELTA,30,200,32,100,99,yes,2,-1000
2025-05-21T13:02:54.273070,KXBTCD-25MAY2117-T108999.99,DELTA,30,200,32,100,724,yes,2,-1000
2025-05-21T13:02:54.273241,KXBTCD-25MAY2117-T108999.99,DELTA,30,200,32,100,100,no,66,-1000
2025-05-21T13:02:54.273550,KXBTCD-25MAY2117-T108999.99,DELTA,30,200,32,100,725,no,66,-1000
2025-05-21T13:02:54.312610,KXBTCD-25MAY2117-T108999.99,DELTA,30,200,32,100,101,yes,25,9
2025-05-21T13:02:54.312917,KXBTCD-25MAY2117-T108999.99,DELTA,30,200,32,100,102,yes,23,-9
2025-05-21T13:02:54.312901,KXBTCD-25MAY2117-T108999.99,DELTA,30,200,32,100,726,yes,25,9
2025-05-21T13:02:54.313060,KXBTCD-25MAY2117-T108999.99,DELTA,30,200,31,1000,103,no,69,1000
2025-05-21T13:02:54.313324,KXBTCD-25MAY2117-T108999.99,DELTA,30,200,32,100,727,yes,23,-9
2025-05-21T13:02:54.313478,KXBTCD-25MAY2117-T108999.99,DELTA,30,200,31,1000,728,no,69,1000
2025-05-21T13:02:54.331948,KXBTCD-25MAY2117-T108999.99,DELTA,30,200,31,1000,104,yes,25,1000
2025-05-21T13:02:54.333840,KXBTCD-25MAY2117-T108999.99,DELTA,30,200,31,1000,729,yes,25,1000
2025-05-21T13:02:54.953283,KXBTCD-25MAY2117-T108999.99,DELTA,30,200,31,1000,105,no,56,-2
2025-05-21T13:02:54.953676,KXBTCD-25MAY2117-T108999.99,DELTA,30,200,31,1000,106,no,55,2
2025-05-21T13:02:54.954877,KXBTCD-25MAY2117-T108999.99,DELTA,30,200,31,1000,730,no,56,-2
2025-05-21T13:02:54.955240,KXBTCD-25MAY2117-T108999.99,DELTA,30,200,31,1000,731,no,55,2
2025-05-21T13:02:54.972717,KXBTCD-25MAY2117-T108999.99,DELTA,30,200,31,1000,107,no,65,-50
2025-05-21T13:02:54.973055,KXBTCD-25MAY2117-T108999.99,DELTA,30,200,31,1000,108,no,64,50
2025-05-21T13:02:54.973407,KXBTCD-25MAY2117-T108999.99,DELTA,30,200,31,1000,109,yes,13,-7
2025-05-21T13:02:54.973556,KXBTCD-25MAY2117-T108999.99,DELTA,30,200,31,1000,110,yes,14,7
2025-05-21T13:02:54.973880,KXBTCD-25MAY2117-T108999.99,DELTA,30,200,31,1000,732,no,65,-50
2025-05-21T13:02:54.974161,KXBTCD-25MAY2117-T108999.99,DELTA,30,200,31,1000,733,no,64,50
2025-05-21T13:02:54.974340,KXBTCD-25MAY2117-T108999.99,DELTA,30,200,31,1000,734,yes,13,-7
2025-05-21T13:02:54.974475,KXBTCD-25MAY2117-T108999.99,DELTA,30,200,31,1000,735,yes,14,7
2025-05-21T13:02:55.013439,KXBTCD-25MAY2117-T108999.99,DELTA,25,1009,31,1000,111,yes,30,-200
2025-05-21T13:02:55.014085,KXBTCD-25MAY2117-T108999.99,DELTA,25,1009,31,1000,112,no,50,-500
2025-05-21T13:02:55.014136,KXBTCD-25MAY2117-T108999.99,DELTA,25,1009,31,1000,736,yes,30,-200
2025-05-21T13:02:55.014456,KXBTCD-25MAY2117-T108999.99,DELTA,25,1009,31,1000,737,no,50,-500
2025-05-21T13:02:55.074413,KXBTCD-25MAY2117-T108999.99,DELTA,26,9,31,1000,113,yes,26,9
2025-05-21T13:02:55.074413,KXBTCD-25MAY2117-T108999.99,DELTA,26,9,31,1000,738,yes,26,9
2025-05-21T13:02:55.074631,KXBTCD-25MAY2117-T108999.99,DELTA,26,9,31,1000,739,yes,25,-9
2025-05-21T13:02:55.074676,KXBTCD-25MAY2117-T108999.99,DELTA,26,9,31,1000,114,yes,25,-9
2025-05-21T13:02:55.074718,KXBTCD-25MAY2117-T108999.99,DELTA,26,9,31,1000,740,no,51,-2000
2025-05-21T13:02:55.074789,KXBTCD-25MAY2117-T108999.99,DELTA,26,9,31,1000,115,no,51,-2000
2025-05-21T13:02:55.152386,KXBTCD-25MAY2117-T108999.99,DELTA,26,9,31,800,741,no,69,-200
2025-05-21T13:02:55.152808,KXBTCD-25MAY2117-T108999.99,DELTA,26,9,31,800,742,no,41,2000
2025-05-21T13:02:55.152913,KXBTCD-25MAY2117-T108999.99,DELTA,26,9,31,800,116,no,69,-200
2025-05-21T13:02:55.153161,KXBTCD-25MAY2117-T108999.99,DELTA,26,9,31,800,743,no,50,500
2025-05-21T13:02:55.153561,KXBTCD-25MAY2117-T108999.99,DELTA,26,9,31,800,117,no,41,2000
2025-05-21T13:02:55.153715,KXBTCD-25MAY2117-T108999.99,DELTA,26,9,31,800,118,no,50,500
2025-05-21T13:02:55.212825,KXBTCD-25MAY2117-T108999.99,DELTA,26,9,31,800,119,no,41,-2000
2025-05-21T13:02:55.213719,KXBTCD-25MAY2117-T108999.99,DELTA,26,9,31,800,744,no,41,-2000
2025-05-21T13:02:55.293780,KXBTCD-25MAY2117-T108999.99,DELTA,26,9,31,600,120,no,69,-200
2025-05-21T13:02:55.294317,KXBTCD-25MAY2117-T108999.99,DELTA,26,9,31,600,745,no,69,-200
2025-05-21T13:02:55.294865,KXBTCD-25MAY2117-T108999.99,DELTA,26,9,31,600,121,no,51,2000
2025-05-21T13:02:55.295545,KXBTCD-25MAY2117-T108999.99,DELTA,26,9,31,600,746,no,51,2000
2025-05-21T13:02:55.333171,KXBTCD-25MAY2117-T108999.99,DELTA,26,9,31,600,122,no,50,-500
2025-05-21T13:02:55.333689,KXBTCD-25MAY2117-T108999.99,DELTA,26,9,31,600,747,no,50,-500
2025-05-21T13:02:55.393944,KXBTCD-25MAY2117-T108999.99,DELTA,26,9,31,600,748,no,51,-2000
2025-05-21T13:02:55.393944,KXBTCD-25MAY2117-T108999.99,DELTA,26,9,31,600,123,no,51,-2000
2025-05-21T13:02:55.454284,KXBTCD-25MAY2117-T108999.99,DELTA,26,9,31,500,749,no,69,-100
2025-05-21T13:02:55.454883,KXBTCD-25MAY2117-T108999.99,DELTA,26,9,31,500,124,no,69,-100
2025-05-21T13:02:55.455375,KXBTCD-25MAY2117-T108999.99,DELTA,26,9,31,500,750,no,41,2000
2025-05-21T13:02:55.455896,KXBTCD-25MAY2117-T108999.99,DELTA,26,9,31,500,125,no,41,2000
2025-05-21T13:02:55.456478,KXBTCD-25MAY2117-T108999.99,DELTA,26,9,31,500,126,no,57,500
2025-05-21T13:02:55.456479,KXBTCD-25MAY2117-T108999.99,DELTA,26,9,31,500,751,no,57,500
2025-05-21T13:02:55.514923,KXBTCD-25MAY2117-T108999.99,DELTA,26,9,31,500,752,no,41,-2000
2025-05-21T13:02:55.514925,KXBTCD-25MAY2117-T108999.99,DELTA,26,9,31,500,127,no,41,-2000
2025-05-21T13:02:55.515719,KXBTCD-25MAY2117-T108999.99,DELTA,26,9,31,500,753,no,58,1250
2025-05-21T13:02:55.516003,KXBTCD-25MAY2117-T108999.99,DELTA,26,9,31,500,128,no,58,1250
2025-05-21T13:02:55.573863,KXBTCD-25MAY2117-T108999.99,DELTA,26,9,31,400,754,no,69,-100
2025-05-21T13:02:55.573981,KXBTCD-25MAY2117-T108999.99,DELTA,26,9,31,400,129,no,69,-100
2025-05-21T13:02:55.575072,KXBTCD-25MAY2117-T108999.99,DELTA,26,9,31,400,755,no,58,2000
2025-05-21T13:02:55.575414,KXBTCD-25MAY2117-T108999.99,DELTA,26,9,31,400,130,no,58,2000
2025-05-21T13:02:55.653843,KXBTCD-25MAY2117-T108999.99,DELTA,26,9,31,400,131,no,57,-500
2025-05-21T13:02:55.654237,KXBTCD-25MAY2117-T108999.99,DELTA,26,9,31,400,756,no,57,-500
2025-05-21T13:02:55.753413,KXBTCD-25MAY2117-T108999.99,DELTA,26,9,31,350,132,no,69,-50
2025-05-21T13:02:55.753412,KXBTCD-25MAY2117-T108999.99,DELTA,26,9,31,350,757,no,69,-50
2025-05-21T13:02:55.754215,KXBTCD-25MAY2117-T108999.99,DELTA,26,9,31,350,133,no,58,-2000
2025-05-21T13:02:55.754769,KXBTCD-25MAY2117-T108999.99,DELTA,26,9,31,350,758,no,58,-2000
2025-05-21T13:02:55.772814,KXBTCD-25MAY2117-T108999.99,DELTA,26,9,31,350,759,no,60,500
2025-05-21T13:02:55.772814,KXBTCD-25MAY2117-T108999.99,DELTA,26,9,31,350,134,no,60,500
2025-05-21T13:02:55.773325,KXBTCD-25MAY2117-T108999.99,DELTA,26,9,31,350,760,no,58,-1250
2025-05-21T13:02:55.773597,KXBTCD-25MAY2117-T108999.99,DELTA,26,9,31,350,135,no,58,-1250
2025-05-21T13:02:55.813319,KXBTCD-25MAY2117-T108999.99,DELTA,26,9,31,350,136,no,41,2000
2025-05-21T13:02:55.813807,KXBTCD-25MAY2117-T108999.99,DELTA,26,9,31,350,761,no,41,2000
2025-05-21T13:02:55.832827,KXBTCD-25MAY2117-T108999.99,DELTA,30,250,31,350,137,yes,30,250
2025-05-21T13:02:55.833440,KXBTCD-25MAY2117-T108999.99,DELTA,30,250,31,350,762,yes,30,250
2025-05-21T13:02:55.833623,KXBTCD-25MAY2117-T108999.99,DELTA,30,250,31,350,138,no,61,1250
2025-05-21T13:02:55.834189,KXBTCD-25MAY2117-T108999.99,DELTA,30,250,31,350,763,no,61,1250
2025-05-21T13:02:55.854184,KXBTCD-25MAY2117-T108999.99,DELTA,30,250,31,350,764,yes,26,-9
2025-05-21T13:02:55.854184,KXBTCD-25MAY2117-T108999.99,DELTA,30,250,31,350,139,yes,26,-9
2025-05-21T13:02:55.872408,KXBTCD-25MAY2117-T108999.99,DELTA,30,250,31,350,140,no,41,-2000
2025-05-21T13:02:55.873435,KXBTCD-25MAY2117-T108999.99,DELTA,30,250,31,350,765,no,41,-2000
2025-05-21T13:02:55.933482,KXBTCD-25MAY2117-T108999.99,DELTA,30,250,31,350,766,no,61,2000
2025-05-21T13:02:55.934731,KXBTCD-25MAY2117-T108999.99,DELTA,30,250,31,350,141,no,61,2000
2025-05-21T13:02:55.952507,KXBTCD-25MAY2117-T108999.99,DELTA,30,250,31,350,142,yes,14,-7
2025-05-21T13:02:55.953141,KXBTCD-25MAY2117-T108999.99,DELTA,30,250,31,350,143,yes,13,7
2025-05-21T13:02:55.954076,KXBTCD-25MAY2117-T108999.99,DELTA,30,250,31,350,767,yes,14,-7
2025-05-21T13:02:55.954725,KXBTCD-25MAY2117-T108999.99,DELTA,30,250,31,350,768,yes,13,7
2025-05-21T13:02:55.996559,KXBTCD-25MAY2117-T108999.99,DELTA,30,250,31,350,144,no,55,-2
2025-05-21T13:02:55.997310,KXBTCD-25MAY2117-T108999.99,DELTA,30,250,31,350,145,no,56,2
2025-05-21T13:02:56.015883,KXBTCD-25MAY2117-T108999.99,DELTA,30,250,31,350,146,no,64,-50
2025-05-21T13:02:56.016084,KXBTCD-25MAY2117-T108999.99,DELTA,30,250,31,350,147,no,65,50
2025-05-21T13:02:56.037134,KXBTCD-25MAY2117-T108999.99,DELTA,30,250,31,350,769,no,55,-2
2025-05-21T13:02:56.037915,KXBTCD-25MAY2117-T108999.99,DELTA,30,250,31,350,770,no,56,2
2025-05-21T13:02:56.038600,KXBTCD-25MAY2117-T108999.99,DELTA,30,250,31,350,771,no,64,-50
2025-05-21T13:02:56.039119,KXBTCD-25MAY2117-T108999.99,DELTA,30,250,31,350,772,no,65,50
2025-05-21T13:02:57.934039,KXBTCD-25MAY2117-T108999.99,DELTA,25,1000,31,350,148,yes,30,-250
2025-05-21T13:02:57.934514,KXBTCD-25MAY2117-T108999.99,DELTA,25,1000,31,350,773,yes,30,-250
2025-05-21T13:02:57.993924,KXBTCD-25MAY2117-T108999.99,DELTA,30,50,31,350,149,yes,30,50
2025-05-21T13:02:57.994857,KXBTCD-25MAY2117-T108999.99,DELTA,30,50,31,350,774,yes,30,50
2025-05-21T13:02:58.153331,KXBTCD-25MAY2117-T108999.99,DELTA,25,1000,31,350,150,yes,30,-50
2025-05-21T13:02:58.154733,KXBTCD-25MAY2117-T108999.99,DELTA,25,1000,31,350,775,yes,30,-50
2025-05-21T13:02:58.215309,KXBTCD-25MAY2117-T108999.99,DELTA,30,150,31,350,776,yes,30,150
2025-05-21T13:02:58.215309,KXBTCD-25MAY2117-T108999.99,DELTA,30,150,31,350,151,yes,30,150
2025-05-21T13:02:58.534080,KXBTCD-25MAY2117-T108999.99,DELTA,30,150,31,350,152,yes,22,-24
2025-05-21T13:02:58.534090,KXBTCD-25MAY2117-T108999.99,DELTA,30,150,31,350,777,yes,22,-24
2025-05-21T13:02:58.534853,KXBTCD-25MAY2117-T108999.99,DELTA,30,150,31,350,153,yes,24,24
2025-05-21T13:02:58.535623,KXBTCD-25MAY2117-T108999.99,DELTA,30,150,31,350,778,yes,24,24
2025-05-21T13:02:58.553558,KXBTCD-25MAY2117-T108999.99,DELTA,30,150,31,350,154,no,57,24
2025-05-21T13:02:58.554062,KXBTCD-25MAY2117-T108999.99,DELTA,30,150,31,350,155,no,59,-24
2025-05-21T13:02:58.554220,KXBTCD-25MAY2117-T108999.99,DELTA,30,150,31,350,779,no,57,24
2025-05-21T13:02:58.554542,KXBTCD-25MAY2117-T108999.99,DELTA,30,150,31,350,780,no,59,-24
2025-05-21T13:02:58.554660,KXBTCD-25MAY2117-T108999.99,DELTA,30,150,31,350,156,no,56,-2
2025-05-21T13:02:58.554984,KXBTCD-25MAY2117-T108999.99,DELTA,30,150,31,350,157,no,55,2
2025-05-21T13:02:58.555287,KXBTCD-25MAY2117-T108999.99,DELTA,30,150,31,350,781,no,56,-2
2025-05-21T13:02:58.555514,KXBTCD-25MAY2117-T108999.99,DELTA,30,150,31,350,782,no,55,2
2025-05-21T13:02:58.574336,KXBTCD-25MAY2117-T108999.99,DELTA,30,150,31,350,158,yes,13,-7
2025-05-21T13:02:58.574686,KXBTCD-25MAY2117-T108999.99,DELTA,30,150,31,350,159,yes,14,7
2025-05-21T13:02:58.575337,KXBTCD-25MAY2117-T108999.99,DELTA,30,150,31,350,783,yes,13,-7
2025-05-21T13:02:58.575819,KXBTCD-25MAY2117-T108999.99,DELTA,30,150,31,350,784,yes,14,7
2025-05-21T13:02:58.713517,KXBTCD-25MAY2117-T108999.99,DELTA,30,150,32,100,160,no,69,-350
2025-05-21T13:02:58.713951,KXBTCD-25MAY2117-T108999.99,DELTA,30,150,32,100,785,no,69,-350
2025-05-21T13:02:58.753524,KXBTCD-25MAY2117-T108999.99,DELTA,30,150,32,1100,161,no,68,1000
2025-05-21T13:02:58.754038,KXBTCD-25MAY2117-T108999.99,DELTA,30,150,32,1100,786,no,68,1000
2025-05-21T13:02:58.773964,KXBTCD-25MAY2117-T108999.99,DELTA,25,1000,32,1100,162,yes,30,-150
2025-05-21T13:02:58.774461,KXBTCD-25MAY2117-T108999.99,DELTA,25,1000,32,1100,163,no,60,-500
2025-05-21T13:02:58.774534,KXBTCD-25MAY2117-T108999.99,DELTA,25,1000,32,1100,787,yes,30,-150
2025-05-21T13:02:58.774881,KXBTCD-25MAY2117-T108999.99,DELTA,25,1000,32,1100,788,no,60,-500
2025-05-21T13:02:58.832844,KXBTCD-25MAY2117-T108999.99,DELTA,25,1000,32,1100,164,no,62,9
2025-05-21T13:02:58.833054,KXBTCD-25MAY2117-T108999.99,DELTA,26,9,32,1100,165,yes,26,9
2025-05-21T13:02:58.833135,KXBTCD-25MAY2117-T108999.99,DELTA,26,9,32,1100,166,no,55,-2
2025-05-21T13:02:58.833198,KXBTCD-25MAY2117-T108999.99,DELTA,26,9,32,1100,167,no,54,2
2025-05-21T13:02:58.835761,KXBTCD-25MAY2117-T108999.99,DELTA,25,1000,32,1100,789,no,62,9
2025-05-21T13:02:58.835870,KXBTCD-25MAY2117-T108999.99,DELTA,26,9,32,1100,790,yes,26,9
2025-05-21T13:02:58.835932,KXBTCD-25MAY2117-T108999.99,DELTA,26,9,32,1100,791,no,55,-2
2025-05-21T13:02:58.835983,KXBTCD-25MAY2117-T108999.99,DELTA,26,9,32,1100,792,no,54,2
2025-05-21T13:02:58.852807,KXBTCD-25MAY2117-T108999.99,DELTA,26,9,32,1100,168,yes,14,-7
2025-05-21T13:02:58.852951,KXBTCD-25MAY2117-T108999.99,DELTA,26,9,32,1100,169,yes,15,7
2025-05-21T13:02:58.853263,KXBTCD-25MAY2117-T108999.99,DELTA,26,9,32,1100,793,yes,14,-7
2025-05-21T13:02:58.853341,KXBTCD-25MAY2117-T108999.99,DELTA,26,9,32,1100,794,yes,15,7
2025-05-21T13:02:58.871841,KXBTCD-25MAY2117-T108999.99,DELTA,26,9,32,1100,170,no,61,-2000
2025-05-21T13:02:58.872628,KXBTCD-25MAY2117-T108999.99,DELTA,26,9,32,1100,795,no,61,-2000
2025-05-21T13:02:58.892429,KXBTCD-25MAY2117-T108999.99,DELTA,26,9,32,1100,171,no,61,-1250
2025-05-21T13:02:58.893033,KXBTCD-25MAY2117-T108999.99,DELTA,26,9,32,1100,796,no,61,-1250
2025-05-21T13:02:58.932395,KXBTCD-25MAY2117-T108999.99,DELTA,26,9,32,1100,172,no,41,2000
2025-05-21T13:02:58.933159,KXBTCD-25MAY2117-T108999.99,DELTA,26,9,32,1100,797,no,41,2000
2025-05-21T13:02:58.993192,KXBTCD-25MAY2117-T108999.99,DELTA,26,9,32,1000,798,no,68,-100
2025-05-21T13:02:58.993351,KXBTCD-25MAY2117-T108999.99,DELTA,26,9,32,950,799,no,68,-50
2025-05-21T13:02:58.993738,KXBTCD-25MAY2117-T108999.99,DELTA,26,9,32,1000,173,no,68,-100
2025-05-21T13:02:58.993862,KXBTCD-25MAY2117-T108999.99,DELTA,26,9,32,950,174,no,68,-50
2025-05-21T13:02:59.013366,KXBTCD-25MAY2117-T108999.99,DELTA,26,9,32,950,800,no,59,500
2025-05-21T13:02:59.013366,KXBTCD-25MAY2117-T108999.99,DELTA,26,9,32,950,175,no,59,500
2025-05-21T13:02:59.053341,KXBTCD-25MAY2117-T108999.99,DELTA,26,9,35,50,176,no,68,-950
2025-05-21T13:02:59.054127,KXBTCD-25MAY2117-T108999.99,DELTA,26,9,35,50,801,no,68,-950
2025-05-21T13:02:59.072675,KXBTCD-25MAY2117-T108999.99,DELTA,26,9,35,50,177,no,60,1250
2025-05-21T13:02:59.073737,KXBTCD-25MAY2117-T108999.99,DELTA,26,9,35,50,802,no,60,1250
2025-05-21T13:02:59.091970,KXBTCD-25MAY2117-T108999.99,DELTA,26,9,35,50,803,no,59,-500
2025-05-21T13:02:59.092029,KXBTCD-25MAY2117-T108999.99,DELTA,26,9,35,50,178,no,59,-500
2025-05-21T13:02:59.092207,KXBTCD-25MAY2117-T108999.99,DELTA,26,9,34,1000,179,no,66,1000
2025-05-21T13:02:59.092600,KXBTCD-25MAY2117-T108999.99,DELTA,26,9,34,1000,804,no,66,1000
2025-05-21T13:02:59.112414,KXBTCD-25MAY2117-T108999.99,DELTA,26,9,34,1000,180,yes,24,-100
2025-05-21T13:02:59.112710,KXBTCD-25MAY2117-T108999.99,DELTA,26,9,34,1000,805,yes,24,-100
2025-05-21T13:02:59.133381,KXBTCD-25MAY2117-T108999.99,DELTA,26,9,34,1000,181,no,61,450
2025-05-21T13:02:59.134383,KXBTCD-25MAY2117-T108999.99,DELTA,26,9,34,1000,806,no,61,450
2025-05-21T13:02:59.151368,KXBTCD-25MAY2117-T108999.99,DELTA,26,9,34,1000,182,no,41,-2000
2025-05-21T13:02:59.152078,KXBTCD-25MAY2117-T108999.99,DELTA,26,9,34,1000,807,no,41,-2000
2025-05-21T13:02:59.172282,KXBTCD-25MAY2117-T108999.99,DELTA,26,9,34,1000,183,no,65,-50
2025-05-21T13:02:59.172463,KXBTCD-25MAY2117-T108999.99,DELTA,26,9,34,1000,184,no,63,50
2025-05-21T13:02:59.184376,KXBTCD-25MAY2117-T108999.99,DELTA,26,9,34,1000,808,no,65,-50
2025-05-21T13:02:59.184548,KXBTCD-25MAY2117-T108999.99,DELTA,26,9,34,1000,809,no,63,50
2025-05-21T13:02:59.192781,KXBTCD-25MAY2117-T108999.99,DELTA,26,9,34,1000,185,no,60,-1250
2025-05-21T13:02:59.192954,KXBTCD-25MAY2117-T108999.99,DELTA,26,9,34,1000,186,yes,25,-1000
2025-05-21T13:02:59.201515,KXBTCD-25MAY2117-T108999.99,DELTA,26,9,34,1000,810,no,60,-1250
2025-05-21T13:02:59.201684,KXBTCD-25MAY2117-T108999.99,DELTA,26,9,34,1000,811,yes,25,-1000
2025-05-21T13:02:59.212784,KXBTCD-25MAY2117-T108999.99,DELTA,26,9,34,1000,187,no,62,2000
2025-05-21T13:02:59.213286,KXBTCD-25MAY2117-T108999.99,DELTA,26,9,34,1000,812,no,62,2000
2025-05-21T13:02:59.231688,KXBTCD-25MAY2117-T108999.99,DELTA,26,9,34,1000,188,no,62,1250
2025-05-21T13:02:59.232561,KXBTCD-25MAY2117-T108999.99,DELTA,26,9,34,1000,813,no,62,1250
2025-05-21T13:02:59.251889,KXBTCD-25MAY2117-T108999.99,DELTA,26,9,37,50,189,no,66,-1000
2025-05-21T13:02:59.252044,KXBTCD-25MAY2117-T108999.99,DELTA,26,9,37,50,190,yes,2,1000
2025-05-21T13:02:59.252420,KXBTCD-25MAY2117-T108999.99,DELTA,26,9,37,50,814,no,66,-1000
2025-05-21T13:02:59.252557,KXBTCD-25MAY2117-T108999.99,DELTA,26,9,37,50,815,yes,2,1000
2025-05-21T13:02:59.292871,KXBTCD-25MAY2117-T108999.99,DELTA,26,9,36,1000,191,no,64,1000
2025-05-21T13:02:59.293616,KXBTCD-25MAY2117-T108999.99,DELTA,26,9,36,1000,816,no,64,1000
2025-05-21T13:03:00.253490,KXBTCD-25MAY2117-T108999.99,DELTA,29,100,36,1000,192,yes,29,100
2025-05-21T13:03:00.254185,KXBTCD-25MAY2117-T108999.99,DELTA,29,100,36,1000,817,yes,29,100
2025-05-21T13:03:00.273311,KXBTCD-25MAY2117-T108999.99,DELTA,29,100,36,1000,193,no,63,100
2025-05-21T13:03:00.274130,KXBTCD-25MAY2117-T108999.99,DELTA,29,100,36,1000,818,no,63,100
2025-05-21T13:03:00.352588,KXBTCD-25MAY2117-T108999.99,DELTA,29,100,36,1000,194,no,62,-2000
2025-05-21T13:03:00.353409,KXBTCD-25MAY2117-T108999.99,DELTA,29,100,36,1000,819,no,62,-2000
2025-05-21T13:03:00.392689,KXBTCD-25MAY2117-T108999.99,DELTA,29,100,36,1000,195,yes,25,9
2025-05-21T13:03:00.392948,KXBTCD-25MAY2117-T108999.99,DELTA,29,100,36,1000,196,yes,26,-9
2025-05-21T13:03:00.393034,KXBTCD-25MAY2117-T108999.99,DELTA,29,100,36,1000,197,no,62,-9
2025-05-21T13:03:00.393103,KXBTCD-25MAY2117-T108999.99,DELTA,29,100,36,1000,198,no,54,-2
2025-05-21T13:03:00.393164,KXBTCD-25MAY2117-T108999.99,DELTA,29,100,36,1000,199,no,53,2
2025-05-21T13:03:00.393341,KXBTCD-25MAY2117-T108999.99,DELTA,29,100,36,3000,200,no,64,2000
2025-05-21T13:03:00.394258,KXBTCD-25MAY2117-T108999.99,DELTA,29,100,36,1000,820,yes,25,9
2025-05-21T13:03:00.394380,KXBTCD-25MAY2117-T108999.99,DELTA,29,100,36,1000,821,yes,26,-9
2025-05-21T13:03:00.394619,KXBTCD-25MAY2117-T108999.99,DELTA,29,100,36,1000,822,no,62,-9
2025-05-21T13:03:00.394683,KXBTCD-25MAY2117-T108999.99,DELTA,29,100,36,1000,823,no,54,-2
2025-05-21T13:03:00.394745,KXBTCD-25MAY2117-T108999.99,DELTA,29,100,36,1000,824,no,53,2
2025-05-21T13:03:00.394800,KXBTCD-25MAY2117-T108999.99,DELTA,29,100,36,3000,825,no,64,2000
2025-05-21T13:03:00.433017,KXBTCD-25MAY2117-T108999.99,DELTA,29,100,36,3000,201,yes,15,-7
2025-05-21T13:03:00.433170,KXBTCD-25MAY2117-T108999.99,DELTA,29,100,36,3000,202,yes,16,7
2025-05-21T13:03:00.434698,KXBTCD-25MAY2117-T108999.99,DELTA,29,100,36,3000,826,yes,15,-7
2025-05-21T13:03:00.434797,KXBTCD-25MAY2117-T108999.99,DELTA,29,100,36,3000,827,yes,16,7
2025-05-21T13:03:01.212292,KXBTCD-25MAY2117-T108999.99,DELTA,29,100,36,3000,203,no,61,-450
2025-05-21T13:03:01.212916,KXBTCD-25MAY2117-T108999.99,DELTA,29,100,36,3000,828,no,61,-450
2025-05-21T13:03:01.273356,KXBTCD-25MAY2117-T108999.99,DELTA,29,100,36,3000,204,no,60,500
2025-05-21T13:03:01.273686,KXBTCD-25MAY2117-T108999.99,DELTA,29,100,36,3000,829,no,60,500
2025-05-21T13:03:01.273845,KXBTCD-25MAY2117-T108999.99,DELTA,29,100,36,3000,205,no,62,-1250
2025-05-21T13:03:01.274568,KXBTCD-25MAY2117-T108999.99,DELTA,29,100,36,3000,830,no,62,-1250
2025-05-21T13:03:01.352457,KXBTCD-25MAY2117-T108999.99,DELTA,29,100,36,3000,206,no,61,1250
2025-05-21T13:03:01.352975,KXBTCD-25MAY2117-T108999.99,DELTA,29,100,36,3000,831,no,61,1250
2025-05-21T13:03:03.774959,KXBTCD-25MAY2117-T108999.99,DELTA,29,100,36,3000,207,yes,16,-7
2025-05-21T13:03:03.775815,KXBTCD-25MAY2117-T108999.99,DELTA,29,100,36,3000,832,yes,16,-7
2025-05-21T13:03:03.775900,KXBTCD-25MAY2117-T108999.99,DELTA,29,100,36,3000,208,yes,15,7
2025-05-21T13:03:03.776595,KXBTCD-25MAY2117-T108999.99,DELTA,29,100,36,3000,833,yes,15,7
2025-05-21T13:03:03.792829,KXBTCD-25MAY2117-T108999.99,DELTA,29,100,36,3000,209,no,53,-2
2025-05-21T13:03:03.793223,KXBTCD-25MAY2117-T108999.99,DELTA,29,100,36,3000,210,no,54,2
2025-05-21T13:03:03.793462,KXBTCD-25MAY2117-T108999.99,DELTA,29,100,36,3000,834,no,53,-2
2025-05-21T13:03:03.793699,KXBTCD-25MAY2117-T108999.99,DELTA,29,100,36,3000,835,no,54,2
2025-05-21T13:03:03.812545,KXBTCD-25MAY2117-T108999.99,DELTA,31,250,36,3000,211,yes,31,250
2025-05-21T13:03:03.814094,KXBTCD-25MAY2117-T108999.99,DELTA,31,250,36,3000,836,yes,31,250
2025-05-21T13:03:03.872342,KXBTCD-25MAY2117-T108999.99,DELTA,31,250,36,3000,212,no,60,-500
2025-05-21T13:03:03.873775,KXBTCD-25MAY2117-T108999.99,DELTA,31,250,36,3000,837,no,60,-500
2025-05-21T13:03:03.933752,KXBTCD-25MAY2117-T108999.99,DELTA,31,250,36,3000,213,no,61,500
2025-05-21T13:03:03.934235,KXBTCD-25MAY2117-T108999.99,DELTA,31,250,36,3000,214,no,61,-1250
2025-05-21T13:03:03.934446,KXBTCD-25MAY2117-T108999.99,DELTA,31,250,36,3000,838,no,61,500
2025-05-21T13:03:03.934772,KXBTCD-25MAY2117-T108999.99,DELTA,31,250,36,3000,839,no,61,-1250
2025-05-21T13:03:04.013190,KXBTCD-25MAY2117-T108999.99,DELTA,31,250,36,3000,215,no,62,1250
2025-05-21T13:03:04.014580,KXBTCD-25MAY2117-T108999.99,DELTA,31,250,36,3000,840,no,62,1250
2025-05-21T13:03:04.253521,KXBTCD-25MAY2117-T108999.99,DELTA,31,250,36,3000,216,no,54,-2
2025-05-21T13:03:04.253887,KXBTCD-25MAY2117-T108999.99,DELTA,31,250,36,3000,217,no,53,2
2025-05-21T13:03:04.254429,KXBTCD-25MAY2117-T108999.99,DELTA,31,250,36,3000,841,no,54,-2
2025-05-21T13:03:04.254939,KXBTCD-25MAY2117-T108999.99,DELTA,31,250,36,3000,842,no,53,2
2025-05-21T13:03:04.272614,KXBTCD-25MAY2117-T108999.99,DELTA,31,250,36,3000,218,yes,15,-7
2025-05-21T13:03:04.273003,KXBTCD-25MAY2117-T108999.99,DELTA,31,250,36,3000,219,yes,16,7
2025-05-21T13:03:04.274222,KXBTCD-25MAY2117-T108999.99,DELTA,31,250,36,3000,843,yes,15,-7
2025-05-21T13:03:04.274508,KXBTCD-25MAY2117-T108999.99,DELTA,31,250,36,3000,844,yes,16,7
2025-05-21T13:03:04.892524,KXBTCD-25MAY2117-T108999.99,DELTA,31,250,36,3000,220,yes,16,-7
2025-05-21T13:03:04.892830,KXBTCD-25MAY2117-T108999.99,DELTA,31,250,36,3000,221,no,53,-2
2025-05-21T13:03:04.893326,KXBTCD-25MAY2117-T108999.99,DELTA,31,250,36,3000,845,yes,16,-7
2025-05-21T13:03:04.893515,KXBTCD-25MAY2117-T108999.99,DELTA,31,250,36,3000,846,no,53,-2
2025-05-21T13:03:04.952767,KXBTCD-25MAY2117-T108999.99,DELTA,31,250,36,3000,222,yes,15,6
2025-05-21T13:03:04.953443,KXBTCD-25MAY2117-T108999.99,DELTA,31,250,36,3000,847,yes,15,6
2025-05-21T13:03:04.972523,KXBTCD-25MAY2117-T108999.99,DELTA,31,250,36,3000,223,no,54,3
2025-05-21T13:03:04.972988,KXBTCD-25MAY2117-T108999.99,DELTA,31,250,36,3000,848,no,54,3
2025-05-21T13:03:05.013430,KXBTCD-25MAY2117-T108999.99,DELTA,31,250,36,3000,849,yes,12,9
2025-05-21T13:03:05.013429,KXBTCD-25MAY2117-T108999.99,DELTA,31,250,36,3000,224,yes,12,9
2025-05-21T13:03:05.013624,KXBTCD-25MAY2117-T108999.99,DELTA,31,250,36,3000,850,yes,25,-9
2025-05-21T13:03:05.013669,KXBTCD-25MAY2117-T108999.99,DELTA,31,250,36,3000,225,yes,25,-9
2025-05-21T13:03:06.373480,KXBTCD-25MAY2117-T108999.99,DELTA,31,250,36,3000,226,no,63,-100
2025-05-21T13:03:06.374880,KXBTCD-25MAY2117-T108999.99,DELTA,31,250,36,3000,851,no,63,-100
2025-05-21T13:03:06.474597,KXBTCD-25MAY2117-T108999.99,DELTA,31,250,36,1000,227,no,64,-2000
2025-05-21T13:03:06.474624,KXBTCD-25MAY2117-T108999.99,DELTA,31,250,36,1000,852,no,64,-2000
2025-05-21T13:03:06.492531,KXBTCD-25MAY2117-T108999.99,DELTA,31,250,36,1000,228,yes,15,-6
2025-05-21T13:03:06.492704,KXBTCD-25MAY2117-T108999.99,DELTA,31,250,36,1000,229,yes,14,6
2025-05-21T13:03:06.492830,KXBTCD-25MAY2117-T108999.99,DELTA,31,250,36,1000,230,no,54,-3
2025-05-21T13:03:06.492945,KXBTCD-25MAY2117-T108999.99,DELTA,31,250,36,1000,231,no,55,3
2025-05-21T13:03:06.495049,KXBTCD-25MAY2117-T108999.99,DELTA,31,250,36,1000,853,yes,15,-6
2025-05-21T13:03:06.495231,KXBTCD-25MAY2117-T108999.99,DELTA,31,250,36,1000,854,yes,14,6
2025-05-21T13:03:06.495370,KXBTCD-25MAY2117-T108999.99,DELTA,31,250,36,1000,855,no,54,-3
2025-05-21T13:03:06.495487,KXBTCD-25MAY2117-T108999.99,DELTA,31,250,36,1000,856,no,55,3
2025-05-21T13:03:06.552226,KXBTCD-25MAY2117-T108999.99,DELTA,31,250,36,1000,232,no,62,2000
2025-05-21T13:03:06.553115,KXBTCD-25MAY2117-T108999.99,DELTA,31,250,36,1000,857,no,62,2000
2025-05-21T13:03:07.092770,KXBTCD-25MAY2117-T108999.99,DELTA,31,250,36,1000,233,no,31,-1045
2025-05-21T13:03:07.094217,KXBTCD-25MAY2117-T108999.99,DELTA,31,250,36,1000,858,no,31,-1045
2025-05-21T13:03:07.831247,KXBTCD-25MAY2117-T108999.99,DELTA,31,250,36,1000,234,no,31,1045
2025-05-21T13:03:07.833083,KXBTCD-25MAY2117-T108999.99,DELTA,31,250,36,1000,859,no,31,1045
2025-05-21T13:03:07.971847,KXBTCD-25MAY2117-T108999.99,DELTA,31,250,36,1100,235,no,64,100
2025-05-21T13:03:07.973610,KXBTCD-25MAY2117-T108999.99,DELTA,31,250,36,1100,860,no,64,100
2025-05-21T13:03:08.052996,KXBTCD-25MAY2117-T108999.99,DELTA,31,250,36,100,236,no,64,-1000
2025-05-21T13:03:08.053723,KXBTCD-25MAY2117-T108999.99,DELTA,31,250,36,100,861,no,64,-1000
2025-05-21T13:03:08.114101,KXBTCD-25MAY2117-T108999.99,DELTA,31,250,35,1000,237,no,65,1000
2025-05-21T13:03:08.114440,KXBTCD-25MAY2117-T108999.99,DELTA,31,250,35,1000,862,no,65,1000
2025-05-21T13:03:09.290425,KXBTCD-25MAY2117-T108999.99,DELTA,31,250,35,1000,238,yes,1,-1611
2025-05-21T13:03:09.291478,KXBTCD-25MAY2117-T108999.99,DELTA,31,250,35,1000,863,yes,1,-1611
2025-05-21T13:03:14.390284,KXBTCD-25MAY2117-T108999.99,DELTA,31,250,35,1000,239,yes,29,-100
