timestamp,market_ticker,type,yes_bid_price_cents,yes_bid_qty,yes_ask_price_cents,yes_ask_qty_on_no_side,sequence_num,delta_side,delta_price_cents,delta_quantity
2025-05-22T19:00:12.155495,KXBTCD-25MAY2223-T111249.99,SNAPSHOT,57,100,65,100,1,,,
2025-05-22T19:00:14.149928,KXBTCD-25MAY2223-T111249.99,DELTA,57,100,65,100,2,yes,1,405504
2025-05-22T19:00:14.230150,KXBTCD-25MAY2223-T111249.99,DELTA,57,100,65,100,3,no,1,405504
2025-05-22T19:00:14.290358,KXBTCD-25MAY2223-T111249.99,DELTA,57,100,65,100,4,yes,2,9
2025-05-22T19:00:17.129765,KXBTCD-25MAY2223-T111249.99,DELTA,57,100,65,100,5,yes,1,-373104
2025-05-22T19:00:17.188565,KXBTCD-25MAY2223-T111249.99,DELTA,57,100,65,100,6,no,1,-373104
2025-05-22T19:00:17.269723,KXBTCD-25MAY2223-T111249.99,DELTA,57,100,65,100,7,no,2,9
2025-05-22T19:00:20.689677,KXBTCD-25MAY2223-T111249.99,DELTA,2,9,65,100,8,yes,57,-100
2025-05-22T19:00:20.871110,KXBTCD-25MAY2223-T111249.99,DELTA,1,32400,65,100,9,yes,2,-9
2025-05-22T19:00:21.068905,KXBTCD-25MAY2223-T111249.99,DELTA,,0,65,100,10,yes,1,-32400
2025-05-22T19:00:21.069277,KXBTCD-25MAY2223-T111249.99,DELTA,7,4628,65,100,11,yes,7,4628
2025-05-22T19:00:21.369227,KXBTCD-25MAY2223-T111249.99,DELTA,30,200,65,100,12,yes,30,200
2025-05-22T19:00:21.389443,KXBTCD-25MAY2223-T111249.99,DELTA,30,200,65,100,13,no,10,200
2025-05-22T19:00:21.488933,KXBTCD-25MAY2223-T111249.99,DELTA,30,200,64,9,14,no,36,9
2025-05-22T19:00:21.489411,KXBTCD-25MAY2223-T111249.99,DELTA,31,9,64,9,15,yes,31,9
2025-05-22T19:00:21.628697,KXBTCD-25MAY2223-T111249.99,DELTA,31,9,64,9,16,no,2,-9
2025-05-22T19:00:21.629088,KXBTCD-25MAY2223-T111249.99,DELTA,31,9,64,9,17,no,11,9
2025-05-22T19:00:21.629477,KXBTCD-25MAY2223-T111249.99,DELTA,31,9,64,9,18,yes,8,9
2025-05-22T19:00:21.769967,KXBTCD-25MAY2223-T111249.99,DELTA,58,100,64,9,19,yes,58,100
2025-05-22T19:00:23.871971,KXBTCD-25MAY2223-T111249.99,DELTA,58,100,64,9,20,no,35,-100
2025-05-22T19:00:23.873089,KXBTCD-25MAY2223-T111249.99,DELTA,31,9,64,9,21,yes,58,-100
2025-05-22T19:00:24.010723,KXBTCD-25MAY2223-T111249.99,DELTA,31,9,64,9,22,no,2,9
2025-05-22T19:00:24.011758,KXBTCD-25MAY2223-T111249.99,DELTA,31,9,64,9,23,no,11,-9
2025-05-22T19:00:24.012281,KXBTCD-25MAY2223-T111249.99,DELTA,31,9,90,200,24,no,36,-9
2025-05-22T19:00:24.012688,KXBTCD-25MAY2223-T111249.99,DELTA,31,9,89,9,25,no,11,9
2025-05-22T19:00:26.252778,KXBTCD-25MAY2223-T111249.99,DELTA,57,100,89,9,26,yes,57,100
2025-05-22T19:00:26.253509,KXBTCD-25MAY2223-T111249.99,DELTA,57,100,66,100,27,no,34,100
2025-05-22T19:00:26.409115,KXBTCD-25MAY2223-T111249.99,DELTA,57,100,66,100,28,no,11,-9
2025-05-22T19:00:26.428731,KXBTCD-25MAY2223-T111249.99,DELTA,57,100,66,100,29,no,11,9
2025-05-22T19:00:26.429070,KXBTCD-25MAY2223-T111249.99,DELTA,57,100,66,100,30,yes,8,-9
2025-05-22T19:00:26.429178,KXBTCD-25MAY2223-T111249.99,DELTA,57,100,66,100,31,yes,31,-9
2025-05-22T19:00:26.429257,KXBTCD-25MAY2223-T111249.99,DELTA,57,100,66,100,32,no,2,-9
2025-05-22T19:00:26.429324,KXBTCD-25MAY2223-T111249.99,DELTA,57,100,66,100,33,yes,31,9
2025-05-22T19:00:26.448322,KXBTCD-25MAY2223-T111249.99,DELTA,57,100,89,9,34,no,34,-100
2025-05-22T19:00:27.329276,KXBTCD-25MAY2223-T111249.99,DELTA,31,9,89,9,35,yes,57,-100
2025-05-22T19:00:27.449702,KXBTCD-25MAY2223-T111249.99,DELTA,31,9,89,9,36,yes,8,9
2025-05-22T19:00:27.468738,KXBTCD-25MAY2223-T111249.99,DELTA,31,9,89,18,37,no,11,9
2025-05-22T19:00:27.469058,KXBTCD-25MAY2223-T111249.99,DELTA,30,200,89,18,38,yes,31,-9
2025-05-22T19:00:27.469179,KXBTCD-25MAY2223-T111249.99,DELTA,30,200,89,9,39,no,11,-9
2025-05-22T19:00:27.469268,KXBTCD-25MAY2223-T111249.99,DELTA,30,200,89,9,40,no,2,9
2025-05-22T19:00:27.469352,KXBTCD-25MAY2223-T111249.99,DELTA,31,9,89,9,41,yes,31,9
2025-05-22T19:00:27.811137,KXBTCD-25MAY2223-T111249.99,DELTA,31,9,89,9,42,yes,7,-4628
2025-05-22T19:00:27.811480,KXBTCD-25MAY2223-T111249.99,DELTA,31,9,89,9,43,yes,9,3600
2025-05-22T19:00:27.869393,KXBTCD-25MAY2223-T111249.99,DELTA,31,9,89,9,44,no,1,-32400
2025-05-22T19:00:27.869830,KXBTCD-25MAY2223-T111249.99,DELTA,31,9,89,2954,45,no,11,2945
2025-05-22T19:00:28.169032,KXBTCD-25MAY2223-T111249.99,DELTA,31,9,66,100,46,no,34,100
2025-05-22T19:00:28.290546,KXBTCD-25MAY2223-T111249.99,DELTA,31,9,66,100,47,no,2,-9
2025-05-22T19:00:28.290946,KXBTCD-25MAY2223-T111249.99,DELTA,31,9,66,100,48,yes,8,-9
2025-05-22T19:00:28.291374,KXBTCD-25MAY2223-T111249.99,DELTA,31,9,66,100,49,no,12,9
2025-05-22T19:00:28.291481,KXBTCD-25MAY2223-T111249.99,DELTA,31,9,66,100,50,yes,10,9
2025-05-22T19:00:28.388785,KXBTCD-25MAY2223-T111249.99,DELTA,31,9,66,100,51,no,11,-9
2025-05-22T19:00:28.389051,KXBTCD-25MAY2223-T111249.99,DELTA,31,9,65,9,52,no,35,9
2025-05-22T19:00:29.022190,KXBTCD-25MAY2223-T111249.99,DELTA,58,100,65,9,53,yes,58,100
2025-05-22T19:00:29.050292,KXBTCD-25MAY2223-T111249.99,DELTA,58,100,66,100,54,no,35,-9
2025-05-22T19:00:29.050586,KXBTCD-25MAY2223-T111249.99,DELTA,58,100,66,100,55,yes,31,9
2025-05-22T19:00:29.050829,KXBTCD-25MAY2223-T111249.99,DELTA,58,100,66,100,56,yes,31,-9
2025-05-22T19:00:29.070522,KXBTCD-25MAY2223-T111249.99,DELTA,58,100,66,100,57,yes,10,-9
2025-05-22T19:00:30.388868,KXBTCD-25MAY2223-T111249.99,DELTA,58,100,66,100,58,yes,9,-3600
2025-05-22T19:00:30.389563,KXBTCD-25MAY2223-T111249.99,DELTA,58,100,66,100,59,yes,1,32400
2025-05-22T19:00:30.709930,KXBTCD-25MAY2223-T111249.99,DELTA,31,9,66,100,60,yes,58,-100
2025-05-22T19:00:31.083074,KXBTCD-25MAY2223-T111249.99,DELTA,31,9,88,9,61,no,34,-100
2025-05-22T19:00:31.169482,KXBTCD-25MAY2223-T111249.99,DELTA,31,9,88,18,62,no,12,9
2025-05-22T19:00:31.169594,KXBTCD-25MAY2223-T111249.99,DELTA,31,18,88,18,63,yes,31,9
2025-05-22T19:00:31.289718,KXBTCD-25MAY2223-T111249.99,DELTA,31,9,88,18,64,yes,31,-9
2025-05-22T19:00:31.289902,KXBTCD-25MAY2223-T111249.99,DELTA,31,9,88,9,65,no,12,-9
2025-05-22T19:00:31.290013,KXBTCD-25MAY2223-T111249.99,DELTA,31,9,88,9,66,yes,2,9
2025-05-22T19:00:32.228568,KXBTCD-25MAY2223-T111249.99,DELTA,31,9,88,9,67,yes,1,-32400
2025-05-22T19:00:32.229143,KXBTCD-25MAY2223-T111249.99,DELTA,31,9,88,9,68,yes,3,10800
2025-05-22T19:00:32.350690,KXBTCD-25MAY2223-T111249.99,DELTA,31,9,88,9,69,yes,2,-9
2025-05-22T19:00:32.350955,KXBTCD-25MAY2223-T111249.99,DELTA,31,9,88,9,70,yes,4,9
2025-05-22T19:00:32.549630,KXBTCD-25MAY2223-T111249.99,DELTA,60,100,88,9,71,yes,60,100
2025-05-22T19:00:33.135954,KXBTCD-25MAY2223-T111249.99,DELTA,60,100,88,9,72,yes,3,-10800
2025-05-22T19:00:33.136940,KXBTCD-25MAY2223-T111249.99,DELTA,60,100,88,9,73,yes,5,6480
2025-05-22T19:00:33.266394,KXBTCD-25MAY2223-T111249.99,DELTA,60,100,88,9,74,yes,31,9
2025-05-22T19:00:33.267457,KXBTCD-25MAY2223-T111249.99,DELTA,60,100,88,9,75,yes,4,-9
2025-05-22T19:00:33.270028,KXBTCD-25MAY2223-T111249.99,DELTA,60,100,88,9,76,yes,31,-9
2025-05-22T19:00:33.270531,KXBTCD-25MAY2223-T111249.99,DELTA,61,9,88,9,77,yes,61,9
2025-05-22T19:00:33.649689,KXBTCD-25MAY2223-T111249.99,DELTA,61,9,67,100,78,no,33,100
2025-05-22T19:00:33.789426,KXBTCD-25MAY2223-T111249.99,DELTA,60,100,67,100,79,yes,61,-9
2025-05-22T19:00:33.789744,KXBTCD-25MAY2223-T111249.99,DELTA,60,100,67,100,80,no,12,-9
2025-05-22T19:00:34.029071,KXBTCD-25MAY2223-T111249.99,DELTA,60,100,67,100,81,yes,5,-6480
2025-05-22T19:00:34.029480,KXBTCD-25MAY2223-T111249.99,DELTA,60,100,67,100,82,yes,1,32400
2025-05-22T19:00:34.030018,KXBTCD-25MAY2223-T111249.99,DELTA,31,9,67,100,83,yes,60,-100
2025-05-22T19:00:34.049948,KXBTCD-25MAY2223-T111249.99,DELTA,31,9,89,2945,84,no,33,-100
2025-05-22T19:00:34.168980,KXBTCD-25MAY2223-T111249.99,DELTA,30,200,89,2945,85,yes,31,-9
2025-05-22T19:00:34.169969,KXBTCD-25MAY2223-T111249.99,DELTA,30,200,88,9,86,no,12,9
2025-05-22T19:00:34.170260,KXBTCD-25MAY2223-T111249.99,DELTA,30,200,88,9,87,yes,2,9
2025-05-22T19:00:35.910212,KXBTCD-25MAY2223-T111249.99,DELTA,57,100,88,9,88,yes,57,100
2025-05-22T19:00:35.911342,KXBTCD-25MAY2223-T111249.99,DELTA,57,100,65,100,89,no,35,100
2025-05-22T19:00:36.009318,KXBTCD-25MAY2223-T111249.99,DELTA,57,100,65,100,90,yes,2,-9
2025-05-22T19:00:36.028193,KXBTCD-25MAY2223-T111249.99,DELTA,57,100,65,100,91,yes,31,9
2025-05-22T19:00:36.547556,KXBTCD-25MAY2223-T111249.99,DELTA,31,9,65,100,92,yes,57,-100
2025-05-22T19:00:36.667462,KXBTCD-25MAY2223-T111249.99,DELTA,31,18,65,100,93,yes,31,9
2025-05-22T19:00:36.668241,KXBTCD-25MAY2223-T111249.99,DELTA,31,18,64,9,94,no,36,9
2025-05-22T19:00:36.788162,KXBTCD-25MAY2223-T111249.99,DELTA,31,9,64,9,95,yes,31,-9
2025-05-22T19:00:36.788433,KXBTCD-25MAY2223-T111249.99,DELTA,31,9,64,9,96,yes,2,9
2025-05-22T19:00:37.929939,KXBTCD-25MAY2223-T111249.99,DELTA,58,100,64,9,97,yes,58,100
2025-05-22T19:00:38.049179,KXBTCD-25MAY2223-T111249.99,DELTA,58,100,65,100,98,no,36,-9
2025-05-22T19:00:38.049538,KXBTCD-25MAY2223-T111249.99,DELTA,58,100,65,100,99,yes,31,-9
2025-05-22T19:00:38.049913,KXBTCD-25MAY2223-T111249.99,DELTA,58,100,65,100,100,yes,31,9
2025-05-22T19:00:38.068183,KXBTCD-25MAY2223-T111249.99,DELTA,58,100,65,100,101,yes,2,-9
2025-05-22T19:00:41.428534,KXBTCD-25MAY2223-T111249.99,DELTA,31,9,65,100,102,yes,58,-100
2025-05-22T19:00:41.429752,KXBTCD-25MAY2223-T111249.99,DELTA,31,9,88,9,103,no,35,-100
2025-05-22T19:00:41.568384,KXBTCD-25MAY2223-T111249.99,DELTA,30,200,88,9,104,yes,31,-9
2025-05-22T19:00:41.588680,KXBTCD-25MAY2223-T111249.99,DELTA,30,200,88,9,105,yes,2,9
2025-05-22T19:00:41.589017,KXBTCD-25MAY2223-T111249.99,DELTA,30,200,89,2945,106,no,12,-9
2025-05-22T19:00:41.589340,KXBTCD-25MAY2223-T111249.99,DELTA,30,200,88,9,107,no,12,9
2025-05-22T19:00:41.589523,KXBTCD-25MAY2223-T111249.99,DELTA,31,9,88,9,108,yes,31,9
2025-05-22T19:00:42.268176,KXBTCD-25MAY2223-T111249.99,DELTA,31,9,88,9,109,yes,1,-32400
2025-05-22T19:00:42.268513,KXBTCD-25MAY2223-T111249.99,DELTA,31,9,88,9,110,yes,3,10800
2025-05-22T19:00:42.388670,KXBTCD-25MAY2223-T111249.99,DELTA,31,9,88,9,111,yes,2,-9
2025-05-22T19:00:42.388947,KXBTCD-25MAY2223-T111249.99,DELTA,31,9,88,9,112,yes,4,9
2025-05-22T19:00:43.211942,KXBTCD-25MAY2223-T111249.99,DELTA,31,9,88,9,113,yes,3,-10800
2025-05-22T19:00:43.212857,KXBTCD-25MAY2223-T111249.99,DELTA,31,9,88,9,114,yes,5,6480
2025-05-22T19:00:43.309183,KXBTCD-25MAY2223-T111249.99,DELTA,31,9,88,9,115,yes,4,-9
2025-05-22T19:00:43.309573,KXBTCD-25MAY2223-T111249.99,DELTA,31,9,88,9,116,yes,6,9
2025-05-22T19:00:43.588817,KXBTCD-25MAY2223-T111249.99,DELTA,59,100,88,9,117,yes,59,100
2025-05-22T19:00:43.607782,KXBTCD-25MAY2223-T111249.99,DELTA,59,100,67,100,118,no,33,100
2025-05-22T19:00:43.750628,KXBTCD-25MAY2223-T111249.99,DELTA,59,100,67,100,119,no,12,-9
2025-05-22T19:00:43.828848,KXBTCD-25MAY2223-T111249.99,DELTA,59,100,67,100,120,yes,31,-9
2025-05-22T19:00:44.149291,KXBTCD-25MAY2223-T111249.99,DELTA,59,100,67,100,121,yes,5,-6480
2025-05-22T19:00:44.149589,KXBTCD-25MAY2223-T111249.99,DELTA,59,100,67,100,122,yes,7,4628
2025-05-22T19:00:44.268995,KXBTCD-25MAY2223-T111249.99,DELTA,59,100,67,100,123,yes,6,-9
2025-05-22T19:00:44.269966,KXBTCD-25MAY2223-T111249.99,DELTA,59,100,67,100,124,yes,31,9
2025-05-22T19:00:44.270517,KXBTCD-25MAY2223-T111249.99,DELTA,59,100,67,100,125,no,12,9
2025-05-22T19:00:45.095796,KXBTCD-25MAY2223-T111249.99,DELTA,59,100,67,100,126,yes,7,-4628
2025-05-22T19:00:45.096443,KXBTCD-25MAY2223-T111249.99,DELTA,59,100,67,100,127,yes,1,32400
2025-05-22T19:00:48.249216,KXBTCD-25MAY2223-T111249.99,DELTA,59,100,67,100,128,yes,3,80000
2025-05-22T19:00:48.268265,KXBTCD-25MAY2223-T111249.99,DELTA,59,100,67,100,129,yes,38,3000
2025-05-22T19:00:48.290821,KXBTCD-25MAY2223-T111249.99,DELTA,59,100,67,100,130,no,13,3000
2025-05-22T19:00:48.291407,KXBTCD-25MAY2223-T111249.99,DELTA,59,100,67,100,131,no,3,80000
2025-05-22T19:00:48.291655,KXBTCD-25MAY2223-T111249.99,DELTA,59,100,67,100,132,yes,3,8000
2025-05-22T19:00:48.410719,KXBTCD-25MAY2223-T111249.99,DELTA,59,100,67,100,133,yes,3,-8000
2025-05-22T19:00:48.450846,KXBTCD-25MAY2223-T111249.99,DELTA,60,1000,67,100,134,yes,60,1000
2025-05-22T19:00:48.451033,KXBTCD-25MAY2223-T111249.99,DELTA,60,1000,67,100,135,yes,2,20000
2025-05-22T19:00:48.568308,KXBTCD-25MAY2223-T111249.99,DELTA,60,1000,87,3000,136,no,33,-100
2025-05-22T19:00:49.288509,KXBTCD-25MAY2223-T111249.99,DELTA,60,1000,87,3000,137,no,12,2000
2025-05-22T19:00:49.289219,KXBTCD-25MAY2223-T111249.99,DELTA,60,1000,87,3000,138,yes,4,8000
2025-05-22T19:00:49.292644,KXBTCD-25MAY2223-T111249.99,DELTA,60,1000,87,3000,139,no,12,1000
2025-05-22T19:00:49.293038,KXBTCD-25MAY2223-T111249.99,DELTA,60,1000,87,3000,140,yes,31,2000
2025-05-22T19:00:49.679010,KXBTCD-25MAY2223-T111249.99,DELTA,60,1000,87,3000,141,yes,31,-9
2025-05-22T19:00:49.679609,KXBTCD-25MAY2223-T111249.99,DELTA,61,9,87,3000,142,yes,61,9
2025-05-22T19:00:49.680077,KXBTCD-25MAY2223-T111249.99,DELTA,61,9,87,3000,143,no,12,-9
2025-05-22T19:00:49.680682,KXBTCD-25MAY2223-T111249.99,DELTA,61,9,86,9,144,no,14,9
2025-05-22T19:00:50.389022,KXBTCD-25MAY2223-T111249.99,DELTA,61,9,67,100,145,no,33,100
2025-05-22T19:00:50.469526,KXBTCD-25MAY2223-T111249.99,DELTA,61,9,67,100,146,no,12,-1000
2025-05-22T19:00:50.507952,KXBTCD-25MAY2223-T111249.99,DELTA,61,9,66,1000,147,no,34,1000
2025-05-22T19:00:50.534861,KXBTCD-25MAY2223-T111249.99,DELTA,61,9,66,1000,148,no,14,-9
2025-05-22T19:00:50.535185,KXBTCD-25MAY2223-T111249.99,DELTA,60,1000,66,1000,149,yes,61,-9
2025-05-22T19:00:50.535286,KXBTCD-25MAY2223-T111249.99,DELTA,60,1000,66,1000,150,no,14,9
2025-05-22T19:00:51.528154,KXBTCD-25MAY2223-T111249.99,DELTA,60,1000,66,1000,151,no,33,-100
2025-05-22T19:00:51.588015,KXBTCD-25MAY2223-T111249.99,DELTA,60,1000,86,9,152,no,34,-1000
2025-05-22T19:00:51.636131,KXBTCD-25MAY2223-T111249.99,DELTA,60,1000,86,9,153,no,12,1000
2025-05-22T19:00:51.636891,KXBTCD-25MAY2223-T111249.99,DELTA,60,1000,87,3000,154,no,14,-9
2025-05-22T19:00:51.668701,KXBTCD-25MAY2223-T111249.99,DELTA,60,1000,87,3000,155,yes,1,-32400
2025-05-22T19:00:51.669361,KXBTCD-25MAY2223-T111249.99,DELTA,60,1000,87,3000,156,yes,5,6480
2025-05-22T19:00:51.729256,KXBTCD-25MAY2223-T111249.99,DELTA,60,1000,87,3000,157,no,11,-2945
2025-05-22T19:00:51.729985,KXBTCD-25MAY2223-T111249.99,DELTA,60,1000,86,2314,158,no,14,2314
2025-05-22T19:00:51.730315,KXBTCD-25MAY2223-T111249.99,DELTA,60,1000,86,2314,159,yes,2,-20000
2025-05-22T19:00:51.769633,KXBTCD-25MAY2223-T111249.99,DELTA,60,1000,86,2314,160,yes,6,20000
2025-05-22T19:00:51.788618,KXBTCD-25MAY2223-T111249.99,DELTA,60,1000,86,2314,161,no,12,-2000
2025-05-22T19:00:51.810936,KXBTCD-25MAY2223-T111249.99,DELTA,60,1000,86,2314,162,no,12,-1000
2025-05-22T19:00:51.848023,KXBTCD-25MAY2223-T111249.99,DELTA,60,1000,85,1000,163,no,15,1000
2025-05-22T19:00:51.848932,KXBTCD-25MAY2223-T111249.99,DELTA,60,1000,85,3000,164,no,15,2000
2025-05-22T19:00:53.546933,KXBTCD-25MAY2223-T111249.99,DELTA,60,1000,67,100,165,no,33,100
2025-05-22T19:00:53.608211,KXBTCD-25MAY2223-T111249.99,DELTA,60,1000,67,100,166,no,15,-1000
2025-05-22T19:00:53.656844,KXBTCD-25MAY2223-T111249.99,DELTA,60,1000,66,1000,167,no,34,1000
2025-05-22T19:00:53.670533,KXBTCD-25MAY2223-T111249.99,DELTA,60,1000,66,1000,168,no,16,9
2025-05-22T19:00:54.109843,KXBTCD-25MAY2223-T111249.99,DELTA,60,1014,66,1000,169,yes,60,14
2025-05-22T19:00:54.110642,KXBTCD-25MAY2223-T111249.99,DELTA,60,1014,66,1000,170,no,31,14
2025-05-22T19:00:54.169656,KXBTCD-25MAY2223-T111249.99,DELTA,60,1014,66,1000,171,yes,59,30
2025-05-22T19:00:54.188366,KXBTCD-25MAY2223-T111249.99,DELTA,60,1014,66,1000,172,no,30,30
2025-05-22T19:00:54.428704,KXBTCD-25MAY2223-T111249.99,DELTA,60,1014,66,1000,173,yes,5,-6480
2025-05-22T19:00:54.429514,KXBTCD-25MAY2223-T111249.99,DELTA,60,1014,66,1000,174,yes,7,4628
2025-05-22T19:00:54.488852,KXBTCD-25MAY2223-T111249.99,DELTA,60,1014,66,1000,175,yes,6,-20000
2025-05-22T19:00:54.528259,KXBTCD-25MAY2223-T111249.99,DELTA,60,1014,66,1000,176,yes,8,20000
2025-05-22T19:00:54.548367,KXBTCD-25MAY2223-T111249.99,DELTA,60,1014,66,1000,177,no,16,-9
2025-05-22T19:00:55.030664,KXBTCD-25MAY2223-T111249.99,DELTA,60,14,66,1000,178,yes,60,-1000
2025-05-22T19:00:55.068608,KXBTCD-25MAY2223-T111249.99,DELTA,60,14,66,1000,179,yes,59,1000
2025-05-22T19:00:55.528517,KXBTCD-25MAY2223-T111249.99,DELTA,60,14,66,1000,180,yes,7,-4628
2025-05-22T19:00:55.529320,KXBTCD-25MAY2223-T111249.99,DELTA,60,14,66,1000,181,yes,9,3600
2025-05-22T19:00:55.588620,KXBTCD-25MAY2223-T111249.99,DELTA,60,14,66,1000,182,yes,8,-20000
2025-05-22T19:00:55.628565,KXBTCD-25MAY2223-T111249.99,DELTA,60,14,66,1000,183,yes,10,20000
2025-05-22T19:00:56.788893,KXBTCD-25MAY2223-T111249.99,DELTA,60,14,66,1000,184,yes,9,-3600
2025-05-22T19:00:56.790045,KXBTCD-25MAY2223-T111249.99,DELTA,60,14,66,1000,185,yes,11,2945
2025-05-22T19:00:56.847706,KXBTCD-25MAY2223-T111249.99,DELTA,60,14,66,1000,186,yes,10,-20000
2025-05-22T19:00:58.117520,KXBTCD-25MAY2223-T111249.99,DELTA,60,14,66,1000,187,yes,11,-2945
2025-05-22T19:00:58.119266,KXBTCD-25MAY2223-T111249.99,DELTA,60,14,66,1000,188,yes,5,6480
2025-05-22T19:00:58.120378,KXBTCD-25MAY2223-T111249.99,DELTA,60,14,66,1000,189,yes,6,20000
2025-05-22T19:00:58.230460,KXBTCD-25MAY2223-T111249.99,DELTA,63,50,66,1000,190,yes,63,50
2025-05-22T19:00:58.288788,KXBTCD-25MAY2223-T111249.99,DELTA,63,50,66,1000,191,no,32,150
2025-05-22T19:00:58.407830,KXBTCD-25MAY2223-T111249.99,DELTA,63,50,66,1000,192,no,15,-2000
2025-05-22T19:00:58.509792,KXBTCD-25MAY2223-T111249.99,DELTA,63,50,66,1000,193,no,32,2000
2025-05-22T19:00:58.729013,KXBTCD-25MAY2223-T111249.99,DELTA,60,14,66,1000,194,yes,63,-50
2025-05-22T19:00:58.748362,KXBTCD-25MAY2223-T111249.99,DELTA,63,150,66,1000,195,yes,63,150
2025-05-22T19:00:59.127949,KXBTCD-25MAY2223-T111249.99,DELTA,63,150,66,1000,196,yes,59,-1000
2025-05-22T19:00:59.188842,KXBTCD-25MAY2223-T111249.99,DELTA,63,150,66,1000,197,yes,60,1000
2025-05-22T19:00:59.228128,KXBTCD-25MAY2223-T111249.99,DELTA,63,150,66,1000,198,yes,60,-1000
2025-05-22T19:00:59.229129,KXBTCD-25MAY2223-T111249.99,DELTA,63,150,66,1000,199,yes,39,9
2025-05-22T19:00:59.268189,KXBTCD-25MAY2223-T111249.99,DELTA,63,150,66,1000,200,yes,5,-6480
2025-05-22T19:00:59.268972,KXBTCD-25MAY2223-T111249.99,DELTA,63,150,66,1000,201,yes,7,4628
2025-05-22T19:00:59.269555,KXBTCD-25MAY2223-T111249.99,DELTA,63,150,66,1000,202,yes,59,1000
2025-05-22T19:00:59.328404,KXBTCD-25MAY2223-T111249.99,DELTA,63,150,66,1000,203,yes,6,-20000
2025-05-22T19:00:59.367673,KXBTCD-25MAY2223-T111249.99,DELTA,63,150,66,1000,204,yes,8,20000
2025-05-22T19:01:00.628890,KXBTCD-25MAY2223-T111249.99,DELTA,63,150,66,1000,205,no,32,-2000
2025-05-22T19:01:00.649224,KXBTCD-25MAY2223-T111249.99,DELTA,63,150,66,1000,206,yes,59,-1000
2025-05-22T19:01:00.690003,KXBTCD-25MAY2223-T111249.99,DELTA,63,150,66,1000,207,no,33,2000
2025-05-22T19:01:00.710044,KXBTCD-25MAY2223-T111249.99,DELTA,63,150,66,1000,208,yes,31,1000
2025-05-22T19:01:00.748506,KXBTCD-25MAY2223-T111249.99,DELTA,63,150,66,1000,209,yes,39,-9
2025-05-22T19:01:01.190442,KXBTCD-25MAY2223-T111249.99,DELTA,60,14,66,1000,210,yes,63,-150
2025-05-22T19:01:01.249044,KXBTCD-25MAY2223-T111249.99,DELTA,60,14,66,1000,211,no,32,-150
2025-05-22T19:01:01.289250,KXBTCD-25MAY2223-T111249.99,DELTA,60,264,66,1000,212,yes,60,250
2025-05-22T19:01:01.309592,KXBTCD-25MAY2223-T111249.99,DELTA,60,264,66,1250,213,no,34,250
2025-05-22T19:01:01.327824,KXBTCD-25MAY2223-T111249.99,DELTA,60,264,66,1250,214,no,33,-2000
2025-05-22T19:01:01.328795,KXBTCD-25MAY2223-T111249.99,DELTA,60,264,66,1250,215,no,33,-100
2025-05-22T19:01:01.373188,KXBTCD-25MAY2223-T111249.99,DELTA,60,264,66,1250,216,no,15,2000
2025-05-22T19:01:01.409551,KXBTCD-25MAY2223-T111249.99,DELTA,60,264,66,1250,217,no,15,-2000
2025-05-22T19:01:01.467710,KXBTCD-25MAY2223-T111249.99,DELTA,60,264,66,250,218,no,34,-1000
2025-05-22T19:01:01.532588,KXBTCD-25MAY2223-T111249.99,DELTA,60,264,66,2250,219,no,34,2000
2025-05-22T19:01:01.533108,KXBTCD-25MAY2223-T111249.99,DELTA,60,264,65,1000,220,no,35,1000
2025-05-22T19:01:01.533365,KXBTCD-25MAY2223-T111249.99,DELTA,60,264,65,1000,221,yes,39,9
2025-05-22T19:01:01.628977,KXBTCD-25MAY2223-T111249.99,DELTA,60,264,65,1000,222,yes,59,-100
2025-05-22T19:01:03.228809,KXBTCD-25MAY2223-T111249.99,DELTA,60,264,65,1000,223,no,34,100
2025-05-22T19:01:03.746981,KXBTCD-25MAY2223-T111249.99,DELTA,60,264,65,1000,224,no,34,-2000
2025-05-22T19:01:03.767830,KXBTCD-25MAY2223-T111249.99,DELTA,60,264,65,1000,225,no,15,2000
2025-05-22T19:01:03.829227,KXBTCD-25MAY2223-T111249.99,DELTA,60,264,65,1000,226,no,15,-2000
2025-05-22T19:01:03.868903,KXBTCD-25MAY2223-T111249.99,DELTA,60,264,65,1000,227,no,34,2000
2025-05-22T19:01:04.229114,KXBTCD-25MAY2223-T111249.99,DELTA,60,264,65,1000,228,no,34,-2000
2025-05-22T19:01:04.268434,KXBTCD-25MAY2223-T111249.99,DELTA,60,264,65,1000,229,no,15,2000
2025-05-22T19:01:04.448908,KXBTCD-25MAY2223-T111249.99,DELTA,60,264,65,1000,230,no,34,-100
2025-05-22T19:01:04.700613,KXBTCD-25MAY2223-T111249.99,DELTA,60,264,65,1000,231,yes,58,100
2025-05-22T19:01:04.750058,KXBTCD-25MAY2223-T111249.99,DELTA,60,264,65,1000,232,yes,31,-1000
2025-05-22T19:01:04.788574,KXBTCD-25MAY2223-T111249.99,DELTA,60,264,65,1000,233,yes,58,1000
2025-05-22T19:01:05.708727,KXBTCD-25MAY2223-T111249.99,DELTA,60,264,65,1100,234,no,35,100
2025-05-22T19:01:05.768133,KXBTCD-25MAY2223-T111249.99,DELTA,60,264,65,100,235,no,35,-1000
2025-05-22T19:01:05.808836,KXBTCD-25MAY2223-T111249.99,DELTA,60,264,64,1000,236,no,36,1000
2025-05-22T19:01:05.809620,KXBTCD-25MAY2223-T111249.99,DELTA,60,264,64,1000,237,yes,39,-9
2025-05-22T19:01:06.307005,KXBTCD-25MAY2223-T111249.99,DELTA,60,264,64,1000,238,yes,7,-4628
2025-05-22T19:01:06.308261,KXBTCD-25MAY2223-T111249.99,DELTA,60,264,64,1000,239,yes,9,3600
2025-05-22T19:01:06.308913,KXBTCD-25MAY2223-T111249.99,DELTA,60,264,64,1000,240,yes,8,-20000
2025-05-22T19:01:06.327815,KXBTCD-25MAY2223-T111249.99,DELTA,60,264,64,1000,241,yes,10,20000
2025-05-22T19:01:07.029182,KXBTCD-25MAY2223-T111249.99,DELTA,60,264,64,1000,242,no,15,-2000
2025-05-22T19:01:07.088143,KXBTCD-25MAY2223-T111249.99,DELTA,60,264,64,1000,243,no,34,2000
2025-05-22T19:01:08.768333,KXBTCD-25MAY2223-T111249.99,DELTA,60,264,64,1000,244,yes,9,-3600
2025-05-22T19:01:08.769168,KXBTCD-25MAY2223-T111249.99,DELTA,60,264,64,1000,245,yes,11,2945
2025-05-22T19:01:08.828192,KXBTCD-25MAY2223-T111249.99,DELTA,60,264,64,1000,246,yes,10,-20000
2025-05-22T19:01:09.829893,KXBTCD-25MAY2223-T111249.99,DELTA,60,264,64,1000,247,yes,11,-2945
2025-05-22T19:01:09.831115,KXBTCD-25MAY2223-T111249.99,DELTA,60,264,64,1000,248,yes,5,6480
2025-05-22T19:01:09.895929,KXBTCD-25MAY2223-T111249.99,DELTA,60,264,64,1000,249,yes,6,20000
2025-05-22T19:01:10.650761,KXBTCD-25MAY2223-T111249.99,DELTA,60,264,64,1000,250,yes,57,30
2025-05-22T19:01:10.651615,KXBTCD-25MAY2223-T111249.99,DELTA,60,264,64,1000,251,yes,58,14
2025-05-22T19:01:10.652235,KXBTCD-25MAY2223-T111249.99,DELTA,60,264,64,1000,252,no,33,14
2025-05-22T19:01:10.652777,KXBTCD-25MAY2223-T111249.99,DELTA,60,264,64,1000,253,no,32,30
2025-05-22T19:01:10.669189,KXBTCD-25MAY2223-T111249.99,DELTA,60,250,64,1000,254,yes,60,-14
2025-05-22T19:01:10.669911,KXBTCD-25MAY2223-T111249.99,DELTA,60,250,64,1000,255,yes,59,-30
2025-05-22T19:01:10.688800,KXBTCD-25MAY2223-T111249.99,DELTA,60,250,64,1000,256,no,30,-30
2025-05-22T19:01:10.689485,KXBTCD-25MAY2223-T111249.99,DELTA,60,250,64,1000,257,no,31,-14
2025-05-22T19:01:11.019688,KXBTCD-25MAY2223-T111249.99,DELTA,60,250,64,1000,258,yes,5,-6480
2025-05-22T19:01:11.020899,KXBTCD-25MAY2223-T111249.99,DELTA,60,250,64,1000,259,yes,7,4628
2025-05-22T19:01:11.021890,KXBTCD-25MAY2223-T111249.99,DELTA,60,250,64,1000,260,yes,6,-20000
2025-05-22T19:01:11.022632,KXBTCD-25MAY2223-T111249.99,DELTA,60,250,64,1000,261,yes,8,20000
2025-05-22T19:01:11.469499,KXBTCD-25MAY2223-T111249.99,DELTA,60,250,64,1000,262,no,35,-100
2025-05-22T19:01:11.488055,KXBTCD-25MAY2223-T111249.99,DELTA,60,250,64,1000,263,yes,58,-100
2025-05-22T19:01:11.528638,KXBTCD-25MAY2223-T111249.99,DELTA,60,250,66,2250,264,no,36,-1000
2025-05-22T19:01:11.588438,KXBTCD-25MAY2223-T111249.99,DELTA,60,250,65,1000,265,no,35,1000
2025-05-22T19:01:12.145300,KXBTCD-25MAY2223-T111249.99,DELTA,60,250,65,1000,266,yes,7,-4628
2025-05-22T19:01:12.146249,KXBTCD-25MAY2223-T111249.99,DELTA,60,250,65,1000,267,yes,9,3600
2025-05-22T19:01:12.146857,KXBTCD-25MAY2223-T111249.99,DELTA,60,250,65,1000,268,yes,8,-20000
2025-05-22T19:01:12.148528,KXBTCD-25MAY2223-T111249.99,DELTA,60,250,65,1000,269,yes,10,20000
2025-05-22T19:01:12.969988,KXBTCD-25MAY2223-T111249.99,DELTA,60,250,65,1000,270,yes,57,100
2025-05-22T19:01:12.989031,KXBTCD-25MAY2223-T111249.99,DELTA,60,250,65,1000,271,no,34,100
2025-05-22T19:01:13.288220,KXBTCD-25MAY2223-T111249.99,DELTA,60,250,65,1000,272,yes,9,-3600
2025-05-22T19:01:13.289355,KXBTCD-25MAY2223-T111249.99,DELTA,60,250,65,1000,273,yes,11,2945
2025-05-22T19:01:13.348220,KXBTCD-25MAY2223-T111249.99,DELTA,60,250,65,1000,274,yes,10,-20000
2025-05-22T19:01:13.588730,KXBTCD-25MAY2223-T111249.99,DELTA,60,250,65,1000,275,yes,58,-1000
2025-05-22T19:01:13.608152,KXBTCD-25MAY2223-T111249.99,DELTA,60,250,65,1000,276,no,34,-2000
2025-05-22T19:01:13.650518,KXBTCD-25MAY2223-T111249.99,DELTA,58,14,65,1000,277,yes,60,-250
2025-05-22T19:01:13.651492,KXBTCD-25MAY2223-T111249.99,DELTA,58,14,65,1000,278,yes,31,1000
2025-05-22T19:01:13.652423,KXBTCD-25MAY2223-T111249.99,DELTA,58,14,65,3000,279,no,35,2000
2025-05-22T19:01:13.669038,KXBTCD-25MAY2223-T111249.99,DELTA,58,14,65,3000,280,yes,56,14
2025-05-22T19:01:13.669811,KXBTCD-25MAY2223-T111249.99,DELTA,58,14,65,3000,281,yes,55,30
2025-05-22T19:01:13.670342,KXBTCD-25MAY2223-T111249.99,DELTA,58,14,65,3000,282,yes,57,-30
2025-05-22T19:01:13.688555,KXBTCD-25MAY2223-T111249.99,DELTA,58,14,65,3000,283,no,32,-30
2025-05-22T19:01:13.689102,KXBTCD-25MAY2223-T111249.99,DELTA,58,14,65,3000,284,no,34,30
2025-05-22T19:01:13.689449,KXBTCD-25MAY2223-T111249.99,DELTA,58,14,65,3014,285,no,35,14
2025-05-22T19:01:13.689736,KXBTCD-25MAY2223-T111249.99,DELTA,58,14,65,3014,286,no,34,-250
2025-05-22T19:01:13.690000,KXBTCD-25MAY2223-T111249.99,DELTA,57,100,65,3014,287,yes,58,-14
2025-05-22T19:01:13.708899,KXBTCD-25MAY2223-T111249.99,DELTA,57,100,65,3014,288,no,33,-14
2025-05-22T19:01:13.728588,KXBTCD-25MAY2223-T111249.99,DELTA,58,250,65,3014,289,yes,58,250
2025-05-22T19:01:13.729591,KXBTCD-25MAY2223-T111249.99,DELTA,58,250,65,3014,290,yes,31,-1000
2025-05-22T19:01:13.730228,KXBTCD-25MAY2223-T111249.99,DELTA,58,250,64,200,291,no,36,200
2025-05-22T19:01:13.788747,KXBTCD-25MAY2223-T111249.99,DELTA,58,250,64,200,292,yes,56,1000
2025-05-22T19:01:13.828385,KXBTCD-25MAY2223-T111249.99,DELTA,58,250,64,200,293,no,35,-2000
2025-05-22T19:01:13.829236,KXBTCD-25MAY2223-T111249.99,DELTA,58,250,64,200,294,yes,56,-1000
2025-05-22T19:01:13.829787,KXBTCD-25MAY2223-T111249.99,DELTA,58,250,64,200,295,no,35,-1000
2025-05-22T19:01:13.849847,KXBTCD-25MAY2223-T111249.99,DELTA,58,250,64,200,296,yes,39,9
2025-05-22T19:01:13.850750,KXBTCD-25MAY2223-T111249.99,DELTA,57,100,64,200,297,yes,58,-250
2025-05-22T19:01:13.889090,KXBTCD-25MAY2223-T111249.99,DELTA,57,100,64,200,298,yes,55,1000
2025-05-22T19:01:13.889986,KXBTCD-25MAY2223-T111249.99,DELTA,57,100,65,14,299,no,36,-200
2025-05-22T19:01:13.909536,KXBTCD-25MAY2223-T111249.99,DELTA,57,100,65,14,300,no,10,-200
2025-05-22T19:01:13.910295,KXBTCD-25MAY2223-T111249.99,DELTA,57,100,65,14,301,no,20,200
2025-05-22T19:01:13.947943,KXBTCD-25MAY2223-T111249.99,DELTA,57,150,65,14,302,yes,57,50
2025-05-22T19:01:13.948685,KXBTCD-25MAY2223-T111249.99,DELTA,57,150,62,150,303,no,38,150
2025-05-22T19:01:13.968680,KXBTCD-25MAY2223-T111249.99,DELTA,57,150,62,150,304,no,34,-100
2025-05-22T19:01:14.027920,KXBTCD-25MAY2223-T111249.99,DELTA,57,150,61,1000,305,no,39,1000
2025-05-22T19:01:14.028572,KXBTCD-25MAY2223-T111249.99,DELTA,57,150,61,1000,306,no,21,2000
2025-05-22T19:01:14.071459,KXBTCD-25MAY2223-T111249.99,DELTA,57,150,61,1000,307,yes,53,30
2025-05-22T19:01:14.072352,KXBTCD-25MAY2223-T111249.99,DELTA,57,150,61,1000,308,yes,54,14
2025-05-22T19:01:14.073053,KXBTCD-25MAY2223-T111249.99,DELTA,57,150,61,1000,309,yes,55,-30
2025-05-22T19:01:14.073479,KXBTCD-25MAY2223-T111249.99,DELTA,57,150,61,1000,310,no,36,30
2025-05-22T19:01:14.073897,KXBTCD-25MAY2223-T111249.99,DELTA,57,150,61,1000,311,no,37,14
2025-05-22T19:01:14.088220,KXBTCD-25MAY2223-T111249.99,DELTA,57,150,61,1000,312,no,34,-30
2025-05-22T19:01:14.089633,KXBTCD-25MAY2223-T111249.99,DELTA,57,150,61,1000,313,yes,56,-14
2025-05-22T19:01:14.109210,KXBTCD-25MAY2223-T111249.99,DELTA,57,150,61,1000,314,no,35,-14
2025-05-22T19:01:14.148532,KXBTCD-25MAY2223-T111249.99,DELTA,57,150,61,1000,315,yes,55,-1000
2025-05-22T19:01:14.194936,KXBTCD-25MAY2223-T111249.99,DELTA,57,150,61,1000,316,yes,54,1000
2025-05-22T19:01:14.247632,KXBTCD-25MAY2223-T111249.99,DELTA,57,150,61,1000,317,no,21,-2000
2025-05-22T19:01:14.288391,KXBTCD-25MAY2223-T111249.99,DELTA,57,150,61,1000,318,no,38,2000
2025-05-22T19:01:14.408678,KXBTCD-25MAY2223-T111249.99,DELTA,57,100,61,1000,319,yes,57,-50
2025-05-22T19:01:14.448998,KXBTCD-25MAY2223-T111249.99,DELTA,57,100,61,1000,320,yes,56,200
2025-05-22T19:01:14.951506,KXBTCD-25MAY2223-T111249.99,DELTA,56,200,61,1000,321,yes,57,-100
2025-05-22T19:01:15.049073,KXBTCD-25MAY2223-T111249.99,DELTA,56,200,61,1000,322,yes,39,-9
2025-05-22T19:01:15.348584,KXBTCD-25MAY2223-T111249.99,DELTA,56,200,61,1000,323,no,38,100
2025-05-22T19:01:15.829950,KXBTCD-25MAY2223-T111249.99,DELTA,56,200,61,1000,324,no,38,-100
2025-05-22T19:01:16.349317,KXBTCD-25MAY2223-T111249.99,DELTA,56,200,61,1000,325,yes,54,100
2025-05-22T19:01:17.041675,KXBTCD-25MAY2223-T111249.99,DELTA,54,1114,61,1000,326,yes,56,-200
2025-05-22T19:01:17.068109,KXBTCD-25MAY2223-T111249.99,DELTA,54,114,61,1000,327,yes,54,-1000
2025-05-22T19:01:17.088201,KXBTCD-25MAY2223-T111249.99,DELTA,55,200,61,1000,328,yes,55,200
2025-05-22T19:01:17.110084,KXBTCD-25MAY2223-T111249.99,DELTA,55,200,61,1000,329,yes,53,1000
2025-05-22T19:01:17.448791,KXBTCD-25MAY2223-T111249.99,DELTA,55,200,61,1100,330,no,39,100
2025-05-22T19:01:17.549014,KXBTCD-25MAY2223-T111249.99,DELTA,55,200,61,100,331,no,39,-1000
2025-05-22T19:01:17.610066,KXBTCD-25MAY2223-T111249.99,DELTA,55,200,60,1000,332,no,40,1000
2025-05-22T19:01:17.877517,KXBTCD-25MAY2223-T111249.99,DELTA,55,200,60,1000,333,yes,11,-2945
2025-05-22T19:01:17.878235,KXBTCD-25MAY2223-T111249.99,DELTA,55,200,60,1000,334,yes,5,6480
2025-05-22T19:01:17.928500,KXBTCD-25MAY2223-T111249.99,DELTA,55,200,60,1000,335,no,14,-2314
2025-05-22T19:01:17.929876,KXBTCD-25MAY2223-T111249.99,DELTA,55,200,60,1000,336,no,13,2492
2025-05-22T19:01:17.930714,KXBTCD-25MAY2223-T111249.99,DELTA,55,200,60,1000,337,yes,6,20000
2025-05-22T19:01:19.618312,KXBTCD-25MAY2223-T111249.99,DELTA,55,200,60,1000,338,yes,54,-100
2025-05-22T19:01:20.928701,KXBTCD-25MAY2223-T111249.99,DELTA,55,200,60,1000,339,yes,5,-6480
2025-05-22T19:01:20.929946,KXBTCD-25MAY2223-T111249.99,DELTA,55,200,60,1000,340,yes,7,4628
2025-05-22T19:01:20.988547,KXBTCD-25MAY2223-T111249.99,DELTA,55,200,60,1000,341,yes,6,-20000
2025-05-22T19:01:21.029016,KXBTCD-25MAY2223-T111249.99,DELTA,55,200,60,1000,342,yes,8,20000
2025-05-22T19:01:21.109483,KXBTCD-25MAY2223-T111249.99,DELTA,55,200,60,1000,343,yes,53,100
2025-05-22T19:01:21.509564,KXBTCD-25MAY2223-T111249.99,DELTA,55,200,60,1000,344,yes,53,-1000
2025-05-22T19:01:21.548394,KXBTCD-25MAY2223-T111249.99,DELTA,55,200,60,1000,345,yes,54,1000
2025-05-22T19:01:22.110781,KXBTCD-25MAY2223-T111249.99,DELTA,55,200,60,1000,346,yes,7,-4628
2025-05-22T19:01:22.111938,KXBTCD-25MAY2223-T111249.99,DELTA,55,200,60,1000,347,yes,9,3600
2025-05-22T19:01:22.168506,KXBTCD-25MAY2223-T111249.99,DELTA,55,200,60,1000,348,yes,8,-20000
2025-05-22T19:01:22.208007,KXBTCD-25MAY2223-T111249.99,DELTA,55,200,60,1000,349,yes,10,20000
2025-05-22T19:01:23.328966,KXBTCD-25MAY2223-T111249.99,DELTA,55,200,60,1000,350,yes,9,-3600
2025-05-22T19:01:23.329881,KXBTCD-25MAY2223-T111249.99,DELTA,55,200,60,1000,351,yes,11,2945
2025-05-22T19:01:23.407460,KXBTCD-25MAY2223-T111249.99,DELTA,55,200,60,1000,352,yes,10,-20000
2025-05-22T19:01:23.728319,KXBTCD-25MAY2223-T111249.99,DELTA,55,200,60,1000,353,no,39,-100
2025-05-22T19:01:23.788130,KXBTCD-25MAY2223-T111249.99,DELTA,55,200,62,2150,354,no,40,-1000
2025-05-22T19:01:23.849287,KXBTCD-25MAY2223-T111249.99,DELTA,55,200,61,1000,355,no,39,1000
2025-05-22T19:01:24.548101,KXBTCD-25MAY2223-T111249.99,DELTA,55,200,61,1000,356,yes,11,-2945
2025-05-22T19:01:24.549059,KXBTCD-25MAY2223-T111249.99,DELTA,55,200,61,1000,357,yes,5,6480
2025-05-22T19:01:24.609185,KXBTCD-25MAY2223-T111249.99,DELTA,55,200,61,1000,358,yes,6,20000
2025-05-22T19:01:24.918302,KXBTCD-25MAY2223-T111249.99,DELTA,54,1014,61,1000,359,yes,55,-200
2025-05-22T19:01:24.948143,KXBTCD-25MAY2223-T111249.99,DELTA,57,50,61,1000,360,yes,57,50
2025-05-22T19:01:25.387898,KXBTCD-25MAY2223-T111249.99,DELTA,57,50,61,1100,361,no,39,100
2025-05-22T19:01:25.448028,KXBTCD-25MAY2223-T111249.99,DELTA,57,50,61,100,362,no,39,-1000
2025-05-22T19:01:25.487571,KXBTCD-25MAY2223-T111249.99,DELTA,57,50,60,1000,363,no,40,1000
2025-05-22T19:01:25.729047,KXBTCD-25MAY2223-T111249.99,DELTA,54,1014,60,1000,364,yes,57,-50
2025-05-22T19:01:25.770411,KXBTCD-25MAY2223-T111249.99,DELTA,56,250,60,1000,365,yes,56,250
2025-05-22T19:01:25.807797,KXBTCD-25MAY2223-T111249.99,DELTA,56,250,60,1000,366,yes,5,-6480
2025-05-22T19:01:25.808844,KXBTCD-25MAY2223-T111249.99,DELTA,56,250,60,1000,367,yes,7,4628
2025-05-22T19:01:25.867101,KXBTCD-25MAY2223-T111249.99,DELTA,56,250,60,1000,368,yes,6,-20000
2025-05-22T19:01:25.887755,KXBTCD-25MAY2223-T111249.99,DELTA,56,250,60,1000,369,yes,8,20000
2025-05-22T19:01:26.629454,KXBTCD-25MAY2223-T111249.99,DELTA,56,250,60,1000,370,no,38,-2000
2025-05-22T19:01:26.630272,KXBTCD-25MAY2223-T111249.99,DELTA,56,250,61,100,371,no,40,-1000
2025-05-22T19:01:26.668501,KXBTCD-25MAY2223-T111249.99,DELTA,56,250,61,1100,372,no,39,1000
2025-05-22T19:01:26.688499,KXBTCD-25MAY2223-T111249.99,DELTA,54,1014,61,1100,373,yes,56,-250
2025-05-22T19:01:26.689271,KXBTCD-25MAY2223-T111249.99,DELTA,54,1014,61,1100,374,no,21,2000
2025-05-22T19:01:26.689870,KXBTCD-25MAY2223-T111249.99,DELTA,54,1014,61,1100,375,no,38,-150
2025-05-22T19:01:26.749461,KXBTCD-25MAY2223-T111249.99,DELTA,54,1014,61,1100,376,no,21,9
2025-05-22T19:01:26.768465,KXBTCD-25MAY2223-T111249.99,DELTA,58,150,61,1100,377,yes,58,150
2025-05-22T19:01:26.769485,KXBTCD-25MAY2223-T111249.99,DELTA,58,150,61,1100,378,no,37,50
2025-05-22T19:01:27.489474,KXBTCD-25MAY2223-T111249.99,DELTA,58,150,61,100,379,no,39,-1000
2025-05-22T19:01:27.534510,KXBTCD-25MAY2223-T111249.99,DELTA,58,150,61,100,380,no,38,1000
2025-05-22T19:01:27.608500,KXBTCD-25MAY2223-T111249.99,DELTA,58,150,61,100,381,no,22,9
2025-05-22T19:01:27.610499,KXBTCD-25MAY2223-T111249.99,DELTA,58,150,61,100,382,no,21,-9
2025-05-22T19:01:27.844827,KXBTCD-25MAY2223-T111249.99,DELTA,58,150,61,100,383,yes,53,-100
2025-05-22T19:01:29.127381,KXBTCD-25MAY2223-T111249.99,DELTA,58,150,61,100,384,no,37,-50
2025-05-22T19:01:29.147882,KXBTCD-25MAY2223-T111249.99,DELTA,58,150,61,100,385,no,36,300
2025-05-22T19:01:29.187334,KXBTCD-25MAY2223-T111249.99,DELTA,58,150,61,100,386,no,38,-1000
2025-05-22T19:01:29.227551,KXBTCD-25MAY2223-T111249.99,DELTA,58,150,61,100,387,no,21,-2000
2025-05-22T19:01:29.228352,KXBTCD-25MAY2223-T111249.99,DELTA,58,150,61,100,388,no,37,1000
2025-05-22T19:01:29.248465,KXBTCD-25MAY2223-T111249.99,DELTA,58,150,61,100,389,no,22,-9
2025-05-22T19:01:29.268412,KXBTCD-25MAY2223-T111249.99,DELTA,58,150,61,100,390,no,36,2000
2025-05-22T19:01:29.367777,KXBTCD-25MAY2223-T111249.99,DELTA,58,150,61,100,391,no,36,-2000
2025-05-22T19:01:29.409201,KXBTCD-25MAY2223-T111249.99,DELTA,58,150,61,100,392,no,21,2000
2025-05-22T19:01:29.607906,KXBTCD-25MAY2223-T111249.99,DELTA,58,150,61,100,393,yes,54,100
2025-05-22T19:01:29.668447,KXBTCD-25MAY2223-T111249.99,DELTA,58,150,61,100,394,yes,54,-1000
2025-05-22T19:01:29.728212,KXBTCD-25MAY2223-T111249.99,DELTA,58,1150,61,100,395,yes,58,1000
2025-05-22T19:01:29.728842,KXBTCD-25MAY2223-T111249.99,DELTA,58,1150,61,100,396,no,37,-1000
2025-05-22T19:01:29.788699,KXBTCD-25MAY2223-T111249.99,DELTA,58,1150,61,100,397,no,36,1000
2025-05-22T19:01:29.848670,KXBTCD-25MAY2223-T111249.99,DELTA,58,1150,61,100,398,no,20,-200
2025-05-22T19:01:29.849417,KXBTCD-25MAY2223-T111249.99,DELTA,58,1150,61,100,399,no,10,200
2025-05-22T19:01:29.868308,KXBTCD-25MAY2223-T111249.99,DELTA,58,1150,61,100,400,no,36,-300
2025-05-22T19:01:29.910395,KXBTCD-25MAY2223-T111249.99,DELTA,58,1000,61,100,401,yes,58,-150
2025-05-22T19:01:29.911254,KXBTCD-25MAY2223-T111249.99,DELTA,58,1000,61,100,402,no,21,-2000
2025-05-22T19:01:29.968882,KXBTCD-25MAY2223-T111249.99,DELTA,58,1000,61,100,403,no,14,2000
2025-05-22T19:01:29.988419,KXBTCD-25MAY2223-T111249.99,DELTA,60,200,61,100,404,yes,60,200
2025-05-22T19:01:29.989278,KXBTCD-25MAY2223-T111249.99,DELTA,60,200,61,100,405,yes,58,-1000
2025-05-22T19:01:29.989998,KXBTCD-25MAY2223-T111249.99,DELTA,60,200,61,100,406,no,34,250
2025-05-22T19:01:30.089054,KXBTCD-25MAY2223-T111249.99,DELTA,60,200,61,100,407,yes,55,1000
2025-05-22T19:01:30.089747,KXBTCD-25MAY2223-T111249.99,DELTA,60,200,61,100,408,no,14,-2000
2025-05-22T19:01:30.228664,KXBTCD-25MAY2223-T111249.99,DELTA,60,200,61,100,409,no,34,2000
2025-05-22T19:01:30.668296,KXBTCD-25MAY2223-T111249.99,DELTA,60,200,61,100,410,yes,7,-4628
2025-05-22T19:01:30.669088,KXBTCD-25MAY2223-T111249.99,DELTA,60,200,61,100,411,yes,9,3600
2025-05-22T19:01:30.735164,KXBTCD-25MAY2223-T111249.99,DELTA,60,200,63,14,412,no,39,-100
2025-05-22T19:01:30.736235,KXBTCD-25MAY2223-T111249.99,DELTA,60,200,63,14,413,yes,8,-20000
2025-05-22T19:01:30.736976,KXBTCD-25MAY2223-T111249.99,DELTA,60,200,63,14,414,yes,54,-100
2025-05-22T19:01:30.768321,KXBTCD-25MAY2223-T111249.99,DELTA,60,200,63,14,415,yes,10,20000
2025-05-22T19:01:30.788277,KXBTCD-25MAY2223-T111249.99,DELTA,60,200,63,14,416,yes,56,9
2025-05-22T19:01:30.808140,KXBTCD-25MAY2223-T111249.99,DELTA,60,200,63,14,417,yes,55,-1000
2025-05-22T19:01:30.847793,KXBTCD-25MAY2223-T111249.99,DELTA,60,200,63,14,418,yes,54,1000
2025-05-22T19:01:31.928764,KXBTCD-25MAY2223-T111249.99,DELTA,60,200,63,14,419,yes,56,14
2025-05-22T19:01:31.930524,KXBTCD-25MAY2223-T111249.99,DELTA,60,200,63,14,420,yes,53,-30
2025-05-22T19:01:31.931150,KXBTCD-25MAY2223-T111249.99,DELTA,60,200,63,14,421,yes,55,30
2025-05-22T19:01:31.931707,KXBTCD-25MAY2223-T111249.99,DELTA,60,200,63,14,422,no,36,-30
2025-05-22T19:01:31.932129,KXBTCD-25MAY2223-T111249.99,DELTA,60,200,63,14,423,no,34,30
2025-05-22T19:01:31.932519,KXBTCD-25MAY2223-T111249.99,DELTA,60,200,63,14,424,no,35,14
2025-05-22T19:01:31.951313,KXBTCD-25MAY2223-T111249.99,DELTA,60,200,63,14,425,yes,54,-14
2025-05-22T19:01:31.952172,KXBTCD-25MAY2223-T111249.99,DELTA,60,200,64,1000,426,no,37,-14
2025-05-22T19:01:31.988464,KXBTCD-25MAY2223-T111249.99,DELTA,60,200,64,1000,427,yes,54,-1000
2025-05-22T19:01:32.010811,KXBTCD-25MAY2223-T111249.99,DELTA,60,200,65,14,428,no,36,-1000
2025-05-22T19:01:32.049592,KXBTCD-25MAY2223-T111249.99,DELTA,60,200,65,14,429,yes,56,1000
2025-05-22T19:01:32.050476,KXBTCD-25MAY2223-T111249.99,DELTA,60,200,65,14,430,no,34,-2000
2025-05-22T19:01:32.050816,KXBTCD-25MAY2223-T111249.99,DELTA,60,200,65,1014,431,no,35,1000
2025-05-22T19:01:32.090242,KXBTCD-25MAY2223-T111249.99,DELTA,60,200,65,1014,432,no,14,2000
2025-05-22T19:01:32.209329,KXBTCD-25MAY2223-T111249.99,DELTA,60,200,65,1014,433,yes,56,30
2025-05-22T19:01:32.209607,KXBTCD-25MAY2223-T111249.99,DELTA,60,200,65,1014,434,yes,55,-30
2025-05-22T19:01:32.209738,KXBTCD-25MAY2223-T111249.99,DELTA,60,200,65,1014,435,no,33,30
2025-05-22T19:01:32.209825,KXBTCD-25MAY2223-T111249.99,DELTA,60,200,65,1014,436,no,34,-30
2025-05-22T19:01:32.269524,KXBTCD-25MAY2223-T111249.99,DELTA,60,200,65,1014,437,yes,58,14
2025-05-22T19:01:32.269707,KXBTCD-25MAY2223-T111249.99,DELTA,60,200,65,1014,438,yes,56,-14
2025-05-22T19:01:32.269781,KXBTCD-25MAY2223-T111249.99,DELTA,60,200,65,1000,439,no,35,-14
2025-05-22T19:01:32.269845,KXBTCD-25MAY2223-T111249.99,DELTA,60,200,65,1000,440,no,33,14
2025-05-22T19:01:32.308746,KXBTCD-25MAY2223-T111249.99,DELTA,60,200,65,1000,441,yes,56,-1000
2025-05-22T19:01:32.347950,KXBTCD-25MAY2223-T111249.99,DELTA,60,200,65,1000,442,yes,57,1000
2025-05-22T19:01:32.391271,KXBTCD-25MAY2223-T111249.99,DELTA,60,200,65,1000,443,no,34,-250
2025-05-22T19:01:32.428151,KXBTCD-25MAY2223-T111249.99,DELTA,60,200,65,1000,444,no,33,250
2025-05-22T19:01:32.448062,KXBTCD-25MAY2223-T111249.99,DELTA,60,200,67,294,445,no,35,-1000
2025-05-22T19:01:32.448318,KXBTCD-25MAY2223-T111249.99,DELTA,60,200,67,294,446,yes,56,100
2025-05-22T19:01:32.467623,KXBTCD-25MAY2223-T111249.99,DELTA,60,200,64,100,447,no,36,100
2025-05-22T19:01:32.508187,KXBTCD-25MAY2223-T111249.99,DELTA,60,200,64,100,448,no,14,-2000
2025-05-22T19:01:32.508289,KXBTCD-25MAY2223-T111249.99,DELTA,60,200,64,100,449,no,34,1000
2025-05-22T19:01:32.547941,KXBTCD-25MAY2223-T111249.99,DELTA,60,200,64,100,450,no,34,-1000
2025-05-22T19:01:32.548154,KXBTCD-25MAY2223-T111249.99,DELTA,60,200,64,100,451,no,33,2000
2025-05-22T19:01:32.587694,KXBTCD-25MAY2223-T111249.99,DELTA,60,200,64,1100,452,no,36,1000
2025-05-22T19:01:32.668973,KXBTCD-25MAY2223-T111249.99,DELTA,60,200,64,100,453,no,36,-1000
2025-05-22T19:01:32.708221,KXBTCD-25MAY2223-T111249.99,DELTA,60,200,64,100,454,no,34,1000
2025-05-22T19:01:32.828874,KXBTCD-25MAY2223-T111249.99,DELTA,60,200,64,100,455,yes,56,-9
2025-05-22T19:01:32.867449,KXBTCD-25MAY2223-T111249.99,DELTA,60,200,64,100,456,no,33,-2000
2025-05-22T19:01:32.908497,KXBTCD-25MAY2223-T111249.99,DELTA,60,200,64,100,457,no,14,2000
2025-05-22T19:01:33.308489,KXBTCD-25MAY2223-T111249.99,DELTA,58,14,64,100,458,yes,60,-200
2025-05-22T19:01:33.329288,KXBTCD-25MAY2223-T111249.99,DELTA,62,50,64,100,459,yes,62,50
2025-05-22T19:01:33.329865,KXBTCD-25MAY2223-T111249.99,DELTA,62,50,64,100,460,yes,9,-3600
2025-05-22T19:01:33.330229,KXBTCD-25MAY2223-T111249.99,DELTA,62,50,64,100,461,yes,11,2945
2025-05-22T19:01:33.387369,KXBTCD-25MAY2223-T111249.99,DELTA,62,50,64,100,462,yes,10,-20000
2025-05-22T19:01:33.409211,KXBTCD-25MAY2223-T111249.99,DELTA,62,50,66,1000,463,no,36,-100
2025-05-22T19:01:33.409647,KXBTCD-25MAY2223-T111249.99,DELTA,62,50,66,1000,464,yes,56,-100
2025-05-22T19:01:33.988068,KXBTCD-25MAY2223-T111249.99,DELTA,58,14,66,1000,465,yes,62,-50
2025-05-22T19:01:34.008479,KXBTCD-25MAY2223-T111249.99,DELTA,62,150,66,1000,466,yes,62,150
2025-05-22T19:01:34.208604,KXBTCD-25MAY2223-T111249.99,DELTA,62,150,66,1000,467,no,33,-250
2025-05-22T19:01:34.247705,KXBTCD-25MAY2223-T111249.99,DELTA,62,150,66,1000,468,no,32,300
2025-05-22T19:01:34.308390,KXBTCD-25MAY2223-T111249.99,DELTA,62,150,66,1000,469,no,14,-2000
2025-05-22T19:01:34.347644,KXBTCD-25MAY2223-T111249.99,DELTA,62,150,66,1000,470,no,32,2000
2025-05-22T19:01:34.488062,KXBTCD-25MAY2223-T111249.99,DELTA,62,150,66,1000,471,yes,11,-2945
2025-05-22T19:01:34.488855,KXBTCD-25MAY2223-T111249.99,DELTA,62,150,66,1000,472,yes,5,6480
2025-05-22T19:01:34.550216,KXBTCD-25MAY2223-T111249.99,DELTA,62,150,66,1000,473,yes,6,20000
2025-05-22T19:01:34.709355,KXBTCD-25MAY2223-T111249.99,DELTA,62,150,66,1000,474,no,32,-2000
2025-05-22T19:01:34.768955,KXBTCD-25MAY2223-T111249.99,DELTA,62,150,66,1000,475,no,14,2000
2025-05-22T19:01:34.889445,KXBTCD-25MAY2223-T111249.99,DELTA,62,150,66,1000,476,yes,58,9
2025-05-22T19:01:35.068442,KXBTCD-25MAY2223-T111249.99,DELTA,62,150,66,1000,477,yes,58,100
2025-05-22T19:01:35.068857,KXBTCD-25MAY2223-T111249.99,DELTA,62,150,66,1100,478,no,34,100
2025-05-22T19:01:35.208226,KXBTCD-25MAY2223-T111249.99,DELTA,62,150,66,1100,479,yes,57,-1000
2025-05-22T19:01:35.248408,KXBTCD-25MAY2223-T111249.99,DELTA,62,150,66,1100,480,yes,59,1000
2025-05-22T19:01:35.648287,KXBTCD-25MAY2223-T111249.99,DELTA,62,150,66,1100,481,yes,5,-6480
2025-05-22T19:01:35.648896,KXBTCD-25MAY2223-T111249.99,DELTA,62,150,66,1100,482,yes,7,4628
2025-05-22T19:01:35.708469,KXBTCD-25MAY2223-T111249.99,DELTA,62,150,66,1100,483,no,13,-2492
2025-05-22T19:01:35.709041,KXBTCD-25MAY2223-T111249.99,DELTA,62,150,66,1100,484,no,14,2314
2025-05-22T19:01:35.709372,KXBTCD-25MAY2223-T111249.99,DELTA,62,150,66,1100,485,yes,6,-20000
2025-05-22T19:01:35.747984,KXBTCD-25MAY2223-T111249.99,DELTA,62,150,66,1100,486,yes,8,20000
2025-05-22T19:01:35.748542,KXBTCD-25MAY2223-T111249.99,DELTA,62,150,66,1100,487,yes,58,-9
2025-05-22T19:01:35.767803,KXBTCD-25MAY2223-T111249.99,DELTA,62,150,66,1100,488,no,14,-2000
2025-05-22T19:01:35.808160,KXBTCD-25MAY2223-T111249.99,DELTA,62,150,66,1100,489,no,15,2000
2025-05-22T19:01:36.948954,KXBTCD-25MAY2223-T111249.99,DELTA,62,150,66,1100,490,yes,7,-4628
2025-05-22T19:01:36.950038,KXBTCD-25MAY2223-T111249.99,DELTA,62,150,66,1100,491,yes,9,3600
2025-05-22T19:01:37.029160,KXBTCD-25MAY2223-T111249.99,DELTA,62,150,66,1100,492,yes,8,-20000
2025-05-22T19:01:37.089153,KXBTCD-25MAY2223-T111249.99,DELTA,62,150,66,1100,493,yes,10,20000
2025-05-22T19:01:37.294403,KXBTCD-25MAY2223-T111249.99,DELTA,62,150,66,100,494,no,34,-1000
2025-05-22T19:01:37.349095,KXBTCD-25MAY2223-T111249.99,DELTA,62,150,66,100,495,no,33,1000
2025-05-22T19:01:38.155461,KXBTCD-25MAY2223-T111249.99,DELTA,62,150,66,100,496,yes,9,-3600
2025-05-22T19:01:38.156970,KXBTCD-25MAY2223-T111249.99,DELTA,62,150,66,100,497,yes,11,2945
2025-05-22T19:01:38.208128,KXBTCD-25MAY2223-T111249.99,DELTA,62,150,66,100,498,yes,10,-20000
2025-05-22T19:01:41.493963,KXBTCD-25MAY2223-T111249.99,DELTA,62,150,66,100,499,no,33,-1000
2025-05-22T19:01:41.531747,KXBTCD-25MAY2223-T111249.99,DELTA,62,150,66,1100,500,no,34,1000
2025-05-22T19:01:41.567212,KXBTCD-25MAY2223-T111249.99,DELTA,62,150,66,1100,501,no,16,9
2025-05-22T19:01:42.308460,KXBTCD-25MAY2223-T111249.99,DELTA,62,150,66,1100,502,no,15,-2000
2025-05-22T19:01:42.333945,KXBTCD-25MAY2223-T111249.99,DELTA,62,150,66,100,503,no,34,-1000
2025-05-22T19:01:42.373704,KXBTCD-25MAY2223-T111249.99,DELTA,62,150,65,1000,504,no,35,1000
2025-05-22T19:01:42.374147,KXBTCD-25MAY2223-T111249.99,DELTA,62,150,65,1000,505,no,33,2000
2025-05-22T19:01:42.387797,KXBTCD-25MAY2223-T111249.99,DELTA,59,1000,65,1000,506,yes,62,-150
2025-05-22T19:01:42.388098,KXBTCD-25MAY2223-T111249.99,DELTA,59,1000,65,1000,507,no,32,-300
2025-05-22T19:01:42.431406,KXBTCD-25MAY2223-T111249.99,DELTA,59,1000,65,1000,508,no,16,-9
2025-05-22T19:01:42.447459,KXBTCD-25MAY2223-T111249.99,DELTA,59,1000,65,1000,509,no,33,-2000
2025-05-22T19:01:42.467666,KXBTCD-25MAY2223-T111249.99,DELTA,60,50,65,1000,510,yes,60,50
2025-05-22T19:01:42.486902,KXBTCD-25MAY2223-T111249.99,DELTA,60,50,65,1150,511,no,35,150
2025-05-22T19:01:42.487276,KXBTCD-25MAY2223-T111249.99,DELTA,60,50,65,1150,512,no,15,2000
2025-05-22T19:01:42.549953,KXBTCD-25MAY2223-T111249.99,DELTA,59,1000,65,1150,513,yes,60,-50
2025-05-22T19:01:42.588029,KXBTCD-25MAY2223-T111249.99,DELTA,59,1200,65,1150,514,yes,59,200
2025-05-22T19:01:42.788494,KXBTCD-25MAY2223-T111249.99,DELTA,59,200,65,1150,515,yes,59,-1000
2025-05-22T19:01:42.789899,KXBTCD-25MAY2223-T111249.99,DELTA,59,200,65,150,516,no,35,-1000
2025-05-22T19:01:42.868743,KXBTCD-25MAY2223-T111249.99,DELTA,59,200,65,150,517,yes,58,1000
2025-05-22T19:01:42.869662,KXBTCD-25MAY2223-T111249.99,DELTA,59,200,64,1000,518,no,36,1000
2025-05-22T19:01:43.054443,KXBTCD-25MAY2223-T111249.99,DELTA,59,200,64,1000,519,no,34,-100
2025-05-22T19:01:43.055423,KXBTCD-25MAY2223-T111249.99,DELTA,59,200,64,1000,520,no,35,-150
2025-05-22T19:01:43.107887,KXBTCD-25MAY2223-T111249.99,DELTA,59,200,64,1000,521,no,34,250
2025-05-22T19:01:43.127418,KXBTCD-25MAY2223-T111249.99,DELTA,59,200,66,250,522,no,36,-1000
2025-05-22T19:01:43.250156,KXBTCD-25MAY2223-T111249.99,DELTA,59,200,65,1000,523,no,35,1000
2025-05-22T19:01:43.250587,KXBTCD-25MAY2223-T111249.99,DELTA,59,200,65,1000,524,no,15,-2000
2025-05-22T19:01:43.290092,KXBTCD-25MAY2223-T111249.99,DELTA,59,200,65,1000,525,no,15,2000
2025-05-22T19:01:44.127534,KXBTCD-25MAY2223-T111249.99,DELTA,59,200,65,1000,526,yes,11,-2945
2025-05-22T19:01:44.127916,KXBTCD-25MAY2223-T111249.99,DELTA,59,200,65,1000,527,yes,5,6480
2025-05-22T19:01:44.169243,KXBTCD-25MAY2223-T111249.99,DELTA,59,200,65,1000,528,no,14,-2314
2025-05-22T19:01:44.169627,KXBTCD-25MAY2223-T111249.99,DELTA,59,200,65,1000,529,no,13,2492
2025-05-22T19:01:44.247201,KXBTCD-25MAY2223-T111249.99,DELTA,59,200,65,1000,530,yes,6,20000
2025-05-22T19:01:44.268749,KXBTCD-25MAY2223-T111249.99,DELTA,59,200,65,1000,531,no,15,-2000
2025-05-22T19:01:44.308787,KXBTCD-25MAY2223-T111249.99,DELTA,59,200,65,1000,532,no,14,2000
2025-05-22T19:01:44.556746,KXBTCD-25MAY2223-T111249.99,DELTA,59,200,65,1000,533,yes,58,-100
2025-05-22T19:01:44.608938,KXBTCD-25MAY2223-T111249.99,DELTA,59,200,65,1000,534,yes,58,-1000
2025-05-22T19:01:44.667933,KXBTCD-25MAY2223-T111249.99,DELTA,59,200,65,1000,535,yes,57,1000
2025-05-22T19:01:45.068350,KXBTCD-25MAY2223-T111249.99,DELTA,59,200,65,1100,536,no,35,100
2025-05-22T19:01:45.128326,KXBTCD-25MAY2223-T111249.99,DELTA,59,200,65,100,537,no,35,-1000
2025-05-22T19:01:45.208109,KXBTCD-25MAY2223-T111249.99,DELTA,59,200,64,1000,538,no,36,1000
2025-05-22T19:01:45.427742,KXBTCD-25MAY2223-T111249.99,DELTA,59,200,64,1000,539,no,35,-100
2025-05-22T19:01:45.487568,KXBTCD-25MAY2223-T111249.99,DELTA,59,200,66,250,540,no,36,-1000
2025-05-22T19:01:45.527074,KXBTCD-25MAY2223-T111249.99,DELTA,59,200,65,1000,541,no,35,1000
2025-05-22T19:01:46.127295,KXBTCD-25MAY2223-T111249.99,DELTA,59,200,65,1000,542,yes,57,100
2025-05-22T19:01:46.228141,KXBTCD-25MAY2223-T111249.99,DELTA,59,200,65,1000,543,yes,57,-1000
2025-05-22T19:01:46.267517,KXBTCD-25MAY2223-T111249.99,DELTA,59,200,65,1000,544,yes,58,1000
2025-05-22T19:01:46.908849,KXBTCD-25MAY2223-T111249.99,DELTA,59,200,65,1000,545,yes,58,-1000
2025-05-22T19:01:46.909241,KXBTCD-25MAY2223-T111249.99,DELTA,59,200,65,1000,546,yes,5,-6480
2025-05-22T19:01:46.909564,KXBTCD-25MAY2223-T111249.99,DELTA,59,200,65,1000,547,yes,7,4628
2025-05-22T19:01:46.947928,KXBTCD-25MAY2223-T111249.99,DELTA,59,1200,65,1000,548,yes,59,1000
2025-05-22T19:01:46.968445,KXBTCD-25MAY2223-T111249.99,DELTA,59,1200,65,1000,549,yes,6,-20000
2025-05-22T19:01:47.028432,KXBTCD-25MAY2223-T111249.99,DELTA,59,1200,65,1000,550,yes,39,9
2025-05-22T19:01:47.029365,KXBTCD-25MAY2223-T111249.99,DELTA,59,1200,65,1000,551,yes,8,20000
2025-05-22T19:01:47.187550,KXBTCD-25MAY2223-T111249.99,DELTA,59,1000,65,1000,552,yes,59,-200
2025-05-22T19:01:47.207898,KXBTCD-25MAY2223-T111249.99,DELTA,61,50,65,1000,553,yes,61,50
2025-05-22T19:01:47.227107,KXBTCD-25MAY2223-T111249.99,DELTA,59,1000,65,1000,554,yes,61,-50
2025-05-22T19:01:47.293483,KXBTCD-25MAY2223-T111249.99,DELTA,61,200,65,1000,555,yes,61,200
2025-05-22T19:01:47.293706,KXBTCD-25MAY2223-T111249.99,DELTA,61,200,65,1000,556,yes,59,-1000
2025-05-22T19:01:47.329406,KXBTCD-25MAY2223-T111249.99,DELTA,61,200,65,1000,557,yes,58,1000
2025-05-22T19:01:47.428990,KXBTCD-25MAY2223-T111249.99,DELTA,61,200,65,1100,558,no,35,100
2025-05-22T19:01:48.087586,KXBTCD-25MAY2223-T111249.99,DELTA,61,200,65,1100,559,yes,7,-4628
2025-05-22T19:01:48.088413,KXBTCD-25MAY2223-T111249.99,DELTA,61,200,65,1100,560,yes,9,3600
2025-05-22T19:01:48.109545,KXBTCD-25MAY2223-T111249.99,DELTA,61,200,65,1100,561,yes,8,-20000
2025-05-22T19:01:48.170035,KXBTCD-25MAY2223-T111249.99,DELTA,61,200,65,1100,562,yes,39,-9
2025-05-22T19:01:48.171137,KXBTCD-25MAY2223-T111249.99,DELTA,61,200,65,1100,563,yes,10,20000
2025-05-22T19:01:48.788999,KXBTCD-25MAY2223-T111249.99,DELTA,61,200,65,1100,564,no,34,-250
2025-05-22T19:01:48.807807,KXBTCD-25MAY2223-T111249.99,DELTA,61,200,65,1100,565,no,33,250
2025-05-22T19:01:48.869717,KXBTCD-25MAY2223-T111249.99,DELTA,61,200,65,1100,566,no,14,-2000
2025-05-22T19:01:48.908140,KXBTCD-25MAY2223-T111249.99,DELTA,61,200,65,1100,567,no,33,2000
2025-05-22T19:01:49.347313,KXBTCD-25MAY2223-T111249.99,DELTA,61,200,65,1100,568,yes,9,-3600
2025-05-22T19:01:49.347899,KXBTCD-25MAY2223-T111249.99,DELTA,61,200,65,1100,569,yes,11,2945
2025-05-22T19:01:49.408933,KXBTCD-25MAY2223-T111249.99,DELTA,61,200,65,1100,570,yes,10,-20000
2025-05-22T19:01:49.688051,KXBTCD-25MAY2223-T111249.99,DELTA,61,200,65,1100,571,no,33,-2000
2025-05-22T19:01:49.749825,KXBTCD-25MAY2223-T111249.99,DELTA,61,200,65,1100,572,no,14,2000
2025-05-22T19:01:50.150924,KXBTCD-25MAY2223-T111249.99,DELTA,58,1014,65,1100,573,yes,61,-200
2025-05-22T19:01:50.168184,KXBTCD-25MAY2223-T111249.99,DELTA,58,1014,65,1100,574,no,33,-250
2025-05-22T19:01:50.188111,KXBTCD-25MAY2223-T111249.99,DELTA,60,200,65,1100,575,yes,60,200
2025-05-22T19:01:50.208398,KXBTCD-25MAY2223-T111249.99,DELTA,60,200,65,1100,576,no,34,250
2025-05-22T19:01:50.545763,KXBTCD-25MAY2223-T111249.99,DELTA,60,200,65,1100,577,yes,11,-2945
2025-05-22T19:01:50.546839,KXBTCD-25MAY2223-T111249.99,DELTA,60,200,65,1100,578,yes,5,6480
2025-05-22T19:01:50.547555,KXBTCD-25MAY2223-T111249.99,DELTA,60,200,65,1100,579,yes,6,20000
2025-05-22T19:01:50.907823,KXBTCD-25MAY2223-T111249.99,DELTA,60,200,65,100,580,no,35,-1000
2025-05-22T19:01:50.947556,KXBTCD-25MAY2223-T111249.99,DELTA,60,200,64,1000,581,no,36,1000
2025-05-22T19:01:51.630060,KXBTCD-25MAY2223-T111249.99,DELTA,60,200,64,1000,582,yes,5,-6480
2025-05-22T19:01:51.631160,KXBTCD-25MAY2223-T111249.99,DELTA,60,200,64,1000,583,yes,7,4628
2025-05-22T19:01:51.687567,KXBTCD-25MAY2223-T111249.99,DELTA,60,200,64,1000,584,yes,6,-20000
2025-05-22T19:01:51.728009,KXBTCD-25MAY2223-T111249.99,DELTA,60,200,64,1000,585,yes,8,20000
2025-05-22T19:01:54.710063,KXBTCD-25MAY2223-T111249.99,DELTA,60,200,64,1000,586,no,14,-2000
2025-05-22T19:01:54.748281,KXBTCD-25MAY2223-T111249.99,DELTA,60,200,64,1000,587,no,34,2000
2025-05-22T19:01:55.108320,KXBTCD-25MAY2223-T111249.99,DELTA,60,200,64,1000,588,yes,58,-1000
2025-05-22T19:01:55.168150,KXBTCD-25MAY2223-T111249.99,DELTA,60,200,64,1000,589,yes,57,1000
2025-05-22T19:01:55.188289,KXBTCD-25MAY2223-T111249.99,DELTA,58,14,64,1000,590,yes,60,-200
2025-05-22T19:01:55.207933,KXBTCD-25MAY2223-T111249.99,DELTA,59,300,64,1000,591,yes,59,300
2025-05-22T19:01:56.707465,KXBTCD-25MAY2223-T111249.99,DELTA,59,300,64,1000,592,no,35,-100
2025-05-22T19:01:56.767545,KXBTCD-25MAY2223-T111249.99,DELTA,59,300,66,2250,593,no,36,-1000
2025-05-22T19:01:56.807442,KXBTCD-25MAY2223-T111249.99,DELTA,59,300,65,1000,594,no,35,1000
2025-05-22T19:01:56.948320,KXBTCD-25MAY2223-T111249.99,DELTA,59,300,65,1000,595,yes,57,-1000
2025-05-22T19:01:56.987393,KXBTCD-25MAY2223-T111249.99,DELTA,59,300,65,1000,596,yes,58,1000
2025-05-22T19:01:57.487761,KXBTCD-25MAY2223-T111249.99,DELTA,59,300,65,1000,597,yes,7,-4628
2025-05-22T19:01:57.488104,KXBTCD-25MAY2223-T111249.99,DELTA,59,300,65,1000,598,yes,9,3600
2025-05-22T19:01:57.547894,KXBTCD-25MAY2223-T111249.99,DELTA,59,300,65,1000,599,yes,8,-20000
2025-05-22T19:01:57.587437,KXBTCD-25MAY2223-T111249.99,DELTA,59,300,65,1000,600,yes,10,20000
2025-05-22T19:01:58.468871,KXBTCD-25MAY2223-T111249.99,DELTA,59,300,65,1000,601,no,34,-2000
2025-05-22T19:01:58.528260,KXBTCD-25MAY2223-T111249.99,DELTA,59,300,65,1000,602,no,14,2000
2025-05-22T19:01:59.208683,KXBTCD-25MAY2223-T111249.99,DELTA,59,300,65,1100,603,no,35,100
2025-05-22T19:01:59.269315,KXBTCD-25MAY2223-T111249.99,DELTA,59,300,65,100,604,no,35,-1000
2025-05-22T19:01:59.328643,KXBTCD-25MAY2223-T111249.99,DELTA,59,300,64,1000,605,no,36,1000
2025-05-22T19:01:59.369689,KXBTCD-25MAY2223-T111249.99,DELTA,59,300,64,1000,606,no,15,9
2025-05-22T19:01:59.868239,KXBTCD-25MAY2223-T111249.99,DELTA,58,1014,64,1000,607,yes,59,-300
2025-05-22T19:01:59.895740,KXBTCD-25MAY2223-T111249.99,DELTA,61,50,64,1000,608,yes,61,50
2025-05-22T19:02:00.128613,KXBTCD-25MAY2223-T111249.99,DELTA,58,1014,64,1000,609,yes,61,-50
2025-05-22T19:02:00.169295,KXBTCD-25MAY2223-T111249.99,DELTA,60,300,64,1000,610,yes,60,300
2025-05-22T19:02:00.249629,KXBTCD-25MAY2223-T111249.99,DELTA,60,300,64,1000,611,no,15,-9
2025-05-22T19:02:00.288376,KXBTCD-25MAY2223-T111249.99,DELTA,60,300,64,1000,612,yes,9,-3600
2025-05-22T19:02:00.289238,KXBTCD-25MAY2223-T111249.99,DELTA,60,300,64,1000,613,yes,11,2945
2025-05-22T19:02:00.347929,KXBTCD-25MAY2223-T111249.99,DELTA,60,300,64,1000,614,yes,10,-20000
2025-05-22T19:02:00.889006,KXBTCD-25MAY2223-T111249.99,DELTA,60,300,64,1000,615,no,14,-2000
2025-05-22T19:02:00.928369,KXBTCD-25MAY2223-T111249.99,DELTA,60,300,64,1000,616,no,34,2000
2025-05-22T19:02:01.428108,KXBTCD-25MAY2223-T111249.99,DELTA,60,300,64,1000,617,yes,11,-2945
2025-05-22T19:02:01.429540,KXBTCD-25MAY2223-T111249.99,DELTA,60,300,64,1000,618,yes,5,6480
2025-05-22T19:02:01.547735,KXBTCD-25MAY2223-T111249.99,DELTA,60,300,64,1000,619,yes,6,20000
2025-05-22T19:02:02.127767,KXBTCD-25MAY2223-T111249.99,DELTA,60,300,64,1000,620,yes,58,-1000
2025-05-22T19:02:02.167457,KXBTCD-25MAY2223-T111249.99,DELTA,60,300,64,1000,621,yes,57,1000
2025-05-22T19:02:02.267374,KXBTCD-25MAY2223-T111249.99,DELTA,60,300,64,1000,622,yes,39,9
2025-05-22T19:02:02.527060,KXBTCD-25MAY2223-T111249.99,DELTA,60,300,64,1000,623,yes,5,-6480
2025-05-22T19:02:02.527905,KXBTCD-25MAY2223-T111249.99,DELTA,60,300,64,1000,624,yes,7,4628
2025-05-22T19:02:02.587562,KXBTCD-25MAY2223-T111249.99,DELTA,60,300,64,1000,625,yes,6,-20000
2025-05-22T19:02:02.648445,KXBTCD-25MAY2223-T111249.99,DELTA,60,300,64,1000,626,yes,8,20000
2025-05-22T19:02:03.289141,KXBTCD-25MAY2223-T111249.99,DELTA,60,300,64,1000,627,yes,57,-1000
2025-05-22T19:02:03.327914,KXBTCD-25MAY2223-T111249.99,DELTA,60,300,64,1000,628,yes,58,1000
2025-05-22T19:02:03.627300,KXBTCD-25MAY2223-T111249.99,DELTA,60,300,64,1000,629,yes,7,-4628
2025-05-22T19:02:03.627886,KXBTCD-25MAY2223-T111249.99,DELTA,60,300,64,1000,630,yes,9,3600
2025-05-22T19:02:03.688512,KXBTCD-25MAY2223-T111249.99,DELTA,60,300,64,1000,631,yes,8,-20000
2025-05-22T19:02:03.728211,KXBTCD-25MAY2223-T111249.99,DELTA,60,300,64,1000,632,yes,10,20000
2025-05-22T19:02:04.777432,KXBTCD-25MAY2223-T111249.99,DELTA,60,300,64,1000,633,yes,9,-3600
2025-05-22T19:02:04.778558,KXBTCD-25MAY2223-T111249.99,DELTA,60,300,64,1000,634,yes,11,2945
2025-05-22T19:02:04.807389,KXBTCD-25MAY2223-T111249.99,DELTA,60,300,64,1000,635,yes,10,-20000
2025-05-22T19:02:04.867989,KXBTCD-25MAY2223-T111249.99,DELTA,60,300,64,1000,636,yes,39,-9
2025-05-22T19:02:07.596136,KXBTCD-25MAY2223-T111249.99,DELTA,60,300,64,1000,637,yes,58,-1000
2025-05-22T19:02:07.628534,KXBTCD-25MAY2223-T111249.99,DELTA,60,300,64,1000,638,yes,57,1000
2025-05-22T19:02:07.707911,KXBTCD-25MAY2223-T111249.99,DELTA,60,300,64,1000,639,yes,39,9
2025-05-22T19:02:09.088404,KXBTCD-25MAY2223-T111249.99,DELTA,60,300,64,1000,640,yes,57,-1000
2025-05-22T19:02:09.108017,KXBTCD-25MAY2223-T111249.99,DELTA,60,300,64,1000,641,yes,58,1000
2025-05-22T19:02:10.613997,KXBTCD-25MAY2223-T111249.99,DELTA,60,300,64,1000,642,yes,11,-2945
2025-05-22T19:02:10.615060,KXBTCD-25MAY2223-T111249.99,DELTA,60,300,64,1000,643,yes,5,6480
2025-05-22T19:02:10.615709,KXBTCD-25MAY2223-T111249.99,DELTA,60,300,64,1000,644,yes,6,20000
2025-05-22T19:02:10.628131,KXBTCD-25MAY2223-T111249.99,DELTA,60,300,64,1000,645,yes,39,-9
2025-05-22T19:02:12.986576,KXBTCD-25MAY2223-T111249.99,DELTA,60,300,64,1000,646,no,34,-250
2025-05-22T19:02:12.987758,KXBTCD-25MAY2223-T111249.99,DELTA,60,300,64,1000,647,no,34,-2000
2025-05-22T19:02:13.007398,KXBTCD-25MAY2223-T111249.99,DELTA,60,300,64,1000,648,no,33,250
2025-05-22T19:02:13.048731,KXBTCD-25MAY2223-T111249.99,DELTA,60,300,64,1000,649,no,14,2000
2025-05-22T19:02:13.068139,KXBTCD-25MAY2223-T111249.99,DELTA,60,300,64,1000,650,yes,5,-6480
2025-05-22T19:02:13.068875,KXBTCD-25MAY2223-T111249.99,DELTA,60,300,64,1000,651,yes,7,4628
2025-05-22T19:02:13.089131,KXBTCD-25MAY2223-T111249.99,DELTA,60,300,64,1000,652,no,14,-2000
2025-05-22T19:02:13.126764,KXBTCD-25MAY2223-T111249.99,DELTA,60,300,64,1000,653,no,33,2000
2025-05-22T19:02:13.127731,KXBTCD-25MAY2223-T111249.99,DELTA,60,300,64,1000,654,no,13,-2492
2025-05-22T19:02:13.128480,KXBTCD-25MAY2223-T111249.99,DELTA,60,300,64,1000,655,no,14,2314
2025-05-22T19:02:13.129642,KXBTCD-25MAY2223-T111249.99,DELTA,60,300,64,1000,656,yes,6,-20000
2025-05-22T19:02:13.174315,KXBTCD-25MAY2223-T111249.99,DELTA,60,300,64,1000,657,yes,8,20000
2025-05-22T19:02:13.687555,KXBTCD-25MAY2223-T111249.99,DELTA,60,300,64,1000,658,yes,57,-100
2025-05-22T19:02:13.748092,KXBTCD-25MAY2223-T111249.99,DELTA,60,300,64,1000,659,yes,58,-1000
2025-05-22T19:02:13.787079,KXBTCD-25MAY2223-T111249.99,DELTA,60,300,64,1000,660,yes,57,1000
2025-05-22T19:02:13.866262,KXBTCD-25MAY2223-T111249.99,DELTA,60,300,64,1000,661,yes,39,9
2025-05-22T19:02:14.403536,KXBTCD-25MAY2223-T111249.99,DELTA,60,300,64,1000,662,yes,7,-4628
2025-05-22T19:02:14.404773,KXBTCD-25MAY2223-T111249.99,DELTA,60,300,64,1000,663,yes,9,3600
2025-05-22T19:02:14.449042,KXBTCD-25MAY2223-T111249.99,DELTA,60,300,64,1000,664,yes,8,-20000
2025-05-22T19:02:14.508008,KXBTCD-25MAY2223-T111249.99,DELTA,60,300,64,1000,665,yes,10,20000
2025-05-22T19:02:14.628287,KXBTCD-25MAY2223-T111249.99,DELTA,60,300,64,1000,666,yes,39,-9
2025-05-22T19:02:14.888921,KXBTCD-25MAY2223-T111249.99,DELTA,60,300,64,1000,667,yes,58,100
2025-05-22T19:02:14.948776,KXBTCD-25MAY2223-T111249.99,DELTA,60,300,64,1000,668,yes,57,-1000
2025-05-22T19:02:14.989025,KXBTCD-25MAY2223-T111249.99,DELTA,60,300,64,1000,669,yes,58,1000
2025-05-22T19:02:15.631583,KXBTCD-25MAY2223-T111249.99,DELTA,60,300,64,1000,670,yes,9,-3600
2025-05-22T19:02:15.632866,KXBTCD-25MAY2223-T111249.99,DELTA,60,300,64,1000,671,yes,11,2945
2025-05-22T19:02:15.633711,KXBTCD-25MAY2223-T111249.99,DELTA,60,300,64,1000,672,yes,10,-20000
2025-05-22T19:02:16.588852,KXBTCD-25MAY2223-T111249.99,DELTA,60,300,64,1000,673,yes,11,-2945
2025-05-22T19:02:16.589589,KXBTCD-25MAY2223-T111249.99,DELTA,60,300,64,1000,674,yes,5,6480
2025-05-22T19:02:16.646877,KXBTCD-25MAY2223-T111249.99,DELTA,60,300,64,1000,675,yes,6,20000
2025-05-22T19:02:16.748682,KXBTCD-25MAY2223-T111249.99,DELTA,60,300,64,1000,676,yes,58,-1000
2025-05-22T19:02:16.786928,KXBTCD-25MAY2223-T111249.99,DELTA,60,300,64,1000,677,yes,59,1000
2025-05-22T19:02:17.446521,KXBTCD-25MAY2223-T111249.99,DELTA,60,300,64,1000,678,yes,59,-1000
2025-05-22T19:02:17.507776,KXBTCD-25MAY2223-T111249.99,DELTA,60,300,64,1000,679,yes,58,1000
2025-05-22T19:02:17.547515,KXBTCD-25MAY2223-T111249.99,DELTA,60,300,64,1000,680,yes,58,-1000
2025-05-22T19:02:17.567498,KXBTCD-25MAY2223-T111249.99,DELTA,60,300,64,1000,681,yes,39,9
2025-05-22T19:02:17.586917,KXBTCD-25MAY2223-T111249.99,DELTA,60,300,64,1000,682,yes,59,1000
2025-05-22T19:02:17.627149,KXBTCD-25MAY2223-T111249.99,DELTA,60,300,64,1000,683,yes,59,-1000
2025-05-22T19:02:17.668495,KXBTCD-25MAY2223-T111249.99,DELTA,60,300,64,1000,684,yes,5,-6480
2025-05-22T19:02:17.669402,KXBTCD-25MAY2223-T111249.99,DELTA,60,300,64,1000,685,yes,7,4628
2025-05-22T19:02:17.694070,KXBTCD-25MAY2223-T111249.99,DELTA,60,300,64,1000,686,yes,58,1000
2025-05-22T19:02:17.772412,KXBTCD-25MAY2223-T111249.99,DELTA,60,300,64,1000,687,yes,6,-20000
2025-05-22T19:02:17.773385,KXBTCD-25MAY2223-T111249.99,DELTA,60,300,64,1000,688,yes,8,20000
2025-05-22T19:02:18.029213,KXBTCD-25MAY2223-T111249.99,DELTA,60,300,64,1000,689,yes,58,-1000
2025-05-22T19:02:18.148031,KXBTCD-25MAY2223-T111249.99,DELTA,60,300,64,1000,690,yes,59,1000
2025-05-22T19:02:19.091786,KXBTCD-25MAY2223-T111249.99,DELTA,60,300,65,100,691,no,36,-1000
2025-05-22T19:02:19.128762,KXBTCD-25MAY2223-T111249.99,DELTA,60,300,65,1100,692,no,35,1000
2025-05-22T19:02:19.207620,KXBTCD-25MAY2223-T111249.99,DELTA,60,300,65,1100,693,yes,39,-9
2025-05-22T19:02:19.523189,KXBTCD-25MAY2223-T111249.99,DELTA,59,1000,65,1100,694,yes,60,-300
2025-05-22T19:02:19.528143,KXBTCD-25MAY2223-T111249.99,DELTA,62,50,65,1100,695,yes,62,50
2025-05-22T19:02:20.650130,KXBTCD-25MAY2223-T111249.99,DELTA,59,1000,65,1100,696,yes,62,-50
2025-05-22T19:02:20.651366,KXBTCD-25MAY2223-T111249.99,DELTA,62,50,65,1100,697,yes,62,50
2025-05-22T19:02:21.188848,KXBTCD-25MAY2223-T111249.99,DELTA,62,50,65,1100,698,no,33,-2000
2025-05-22T19:02:21.238695,KXBTCD-25MAY2223-T111249.99,DELTA,62,50,65,1100,699,no,15,2000
2025-05-22T19:02:22.951797,KXBTCD-25MAY2223-T111249.99,DELTA,59,1000,65,1100,700,yes,62,-50
2025-05-22T19:02:23.013354,KXBTCD-25MAY2223-T111249.99,DELTA,61,200,65,1100,701,yes,61,200
2025-05-22T19:02:23.070189,KXBTCD-25MAY2223-T111249.99,DELTA,61,200,65,1100,702,no,15,-2000
2025-05-22T19:02:23.070569,KXBTCD-25MAY2223-T111249.99,DELTA,59,1000,65,1100,703,yes,61,-200
2025-05-22T19:02:23.070809,KXBTCD-25MAY2223-T111249.99,DELTA,59,1000,65,100,704,no,35,-1000
2025-05-22T19:02:23.070999,KXBTCD-25MAY2223-T111249.99,DELTA,58,114,65,100,705,yes,59,-1000
2025-05-22T19:02:23.129168,KXBTCD-25MAY2223-T111249.99,DELTA,60,250,65,100,706,yes,60,250
2025-05-22T19:02:23.129913,KXBTCD-25MAY2223-T111249.99,DELTA,60,250,65,100,707,no,33,2000
2025-05-22T19:02:23.130407,KXBTCD-25MAY2223-T111249.99,DELTA,60,250,64,1000,708,no,36,1000
2025-05-22T19:02:23.130841,KXBTCD-25MAY2223-T111249.99,DELTA,60,250,64,1000,709,yes,58,1000
2025-05-22T19:02:23.329309,KXBTCD-25MAY2223-T111249.99,DELTA,60,250,64,1000,710,no,33,-2000
2025-05-22T19:02:23.365817,KXBTCD-25MAY2223-T111249.99,DELTA,60,250,64,1000,711,no,34,2000
2025-05-22T19:02:23.400722,KXBTCD-25MAY2223-T111249.99,DELTA,58,1114,64,1000,712,yes,60,-250
2025-05-22T19:02:23.416645,KXBTCD-25MAY2223-T111249.99,DELTA,58,1114,64,1000,713,no,33,-250
2025-05-22T19:02:23.452998,KXBTCD-25MAY2223-T111249.99,DELTA,59,250,64,1000,714,yes,59,250
2025-05-22T19:02:23.454146,KXBTCD-25MAY2223-T111249.99,DELTA,59,250,64,1000,715,no,35,250
2025-05-22T19:02:23.475334,KXBTCD-25MAY2223-T111249.99,DELTA,59,250,64,1000,716,no,34,-2000
2025-05-22T19:02:23.507758,KXBTCD-25MAY2223-T111249.99,DELTA,59,250,64,1000,717,yes,7,-4628
2025-05-22T19:02:23.509333,KXBTCD-25MAY2223-T111249.99,DELTA,59,250,64,1000,718,yes,9,3600
2025-05-22T19:02:23.547822,KXBTCD-25MAY2223-T111249.99,DELTA,59,250,64,1000,719,no,15,2000
2025-05-22T19:02:23.567500,KXBTCD-25MAY2223-T111249.99,DELTA,59,250,64,1000,720,yes,8,-20000
2025-05-22T19:02:23.607103,KXBTCD-25MAY2223-T111249.99,DELTA,59,250,64,1000,721,yes,10,20000
2025-05-22T19:02:24.389601,KXBTCD-25MAY2223-T111249.99,DELTA,59,250,64,1000,722,yes,58,-100
2025-05-22T19:02:24.390087,KXBTCD-25MAY2223-T111249.99,DELTA,59,250,64,1000,723,yes,58,-1000
2025-05-22T19:02:24.410812,KXBTCD-25MAY2223-T111249.99,DELTA,59,250,64,1000,724,no,35,-100
2025-05-22T19:02:24.432430,KXBTCD-25MAY2223-T111249.99,DELTA,59,250,64,1000,725,no,35,-250
2025-05-22T19:02:24.432785,KXBTCD-25MAY2223-T111249.99,DELTA,59,1250,64,1000,726,yes,59,1000
2025-05-22T19:02:24.457384,KXBTCD-25MAY2223-T111249.99,DELTA,59,1250,64,1000,727,no,34,250
2025-05-22T19:02:24.495678,KXBTCD-25MAY2223-T111249.99,DELTA,59,1250,66,250,728,no,36,-1000
2025-05-22T19:02:24.510458,KXBTCD-25MAY2223-T111249.99,DELTA,59,1250,66,250,729,yes,39,9
2025-05-22T19:02:24.547797,KXBTCD-25MAY2223-T111249.99,DELTA,59,1250,65,1000,730,no,35,1000
2025-05-22T19:02:25.058453,KXBTCD-25MAY2223-T111249.99,DELTA,59,250,65,1000,731,yes,59,-1000
2025-05-22T19:02:25.059412,KXBTCD-25MAY2223-T111249.99,DELTA,59,250,65,1000,732,no,15,-2000
2025-05-22T19:02:25.068326,KXBTCD-25MAY2223-T111249.99,DELTA,59,250,65,1000,733,yes,57,1000
2025-05-22T19:02:25.068841,KXBTCD-25MAY2223-T111249.99,DELTA,59,250,65,3000,734,no,35,2000
2025-05-22T19:02:25.108418,KXBTCD-25MAY2223-T111249.99,DELTA,59,250,65,3000,735,no,10,-200
2025-05-22T19:02:25.109053,KXBTCD-25MAY2223-T111249.99,DELTA,59,250,65,3000,736,no,20,200
2025-05-22T19:02:25.565476,KXBTCD-25MAY2223-T111249.99,DELTA,59,250,65,1000,737,no,35,-2000
2025-05-22T19:02:25.566604,KXBTCD-25MAY2223-T111249.99,DELTA,59,250,65,1000,738,no,21,2000
2025-05-22T19:02:25.629057,KXBTCD-25MAY2223-T111249.99,DELTA,59,250,65,1000,739,yes,39,-9
2025-05-22T19:02:25.947160,KXBTCD-25MAY2223-T111249.99,DELTA,59,250,65,1000,740,yes,9,-3600
2025-05-22T19:02:25.948143,KXBTCD-25MAY2223-T111249.99,DELTA,59,250,65,1000,741,yes,11,2945
2025-05-22T19:02:26.008832,KXBTCD-25MAY2223-T111249.99,DELTA,59,250,65,1000,742,yes,10,-20000
2025-05-22T19:02:26.370427,KXBTCD-25MAY2223-T111249.99,DELTA,59,250,65,1000,743,yes,57,100
2025-05-22T19:02:26.371231,KXBTCD-25MAY2223-T111249.99,DELTA,59,250,65,1100,744,no,35,100
2025-05-22T19:02:26.428461,KXBTCD-25MAY2223-T111249.99,DELTA,59,250,65,1100,745,yes,57,-1000
2025-05-22T19:02:26.447087,KXBTCD-25MAY2223-T111249.99,DELTA,59,250,65,100,746,no,35,-1000
2025-05-22T19:02:26.487548,KXBTCD-25MAY2223-T111249.99,DELTA,59,250,64,1000,747,no,36,1000
2025-05-22T19:02:26.488420,KXBTCD-25MAY2223-T111249.99,DELTA,59,250,64,1000,748,yes,58,1000
2025-05-22T19:02:26.998184,KXBTCD-25MAY2223-T111249.99,DELTA,59,250,64,1000,749,yes,11,-2945
2025-05-22T19:02:26.999105,KXBTCD-25MAY2223-T111249.99,DELTA,59,250,64,1000,750,yes,5,6480
2025-05-22T19:02:26.999736,KXBTCD-25MAY2223-T111249.99,DELTA,59,250,64,1000,751,yes,6,20000
2025-05-22T19:02:27.327201,KXBTCD-25MAY2223-T111249.99,DELTA,59,250,64,1000,752,no,21,-2000
2025-05-22T19:02:27.373299,KXBTCD-25MAY2223-T111249.99,DELTA,59,250,64,1000,753,no,34,2000
2025-05-22T19:02:28.047144,KXBTCD-25MAY2223-T111249.99,DELTA,59,250,64,1000,754,yes,5,-6480
2025-05-22T19:02:28.047913,KXBTCD-25MAY2223-T111249.99,DELTA,59,250,64,1000,755,yes,7,4628
2025-05-22T19:02:28.107118,KXBTCD-25MAY2223-T111249.99,DELTA,59,250,64,1000,756,yes,6,-20000
2025-05-22T19:02:28.147435,KXBTCD-25MAY2223-T111249.99,DELTA,59,250,64,1000,757,yes,8,20000
2025-05-22T19:02:29.110557,KXBTCD-25MAY2223-T111249.99,DELTA,59,250,64,1000,758,yes,7,-4628
2025-05-22T19:02:29.111449,KXBTCD-25MAY2223-T111249.99,DELTA,59,250,64,1000,759,yes,9,3600
2025-05-22T19:02:29.168262,KXBTCD-25MAY2223-T111249.99,DELTA,59,250,64,1000,760,yes,8,-20000
2025-05-22T19:02:29.215050,KXBTCD-25MAY2223-T111249.99,DELTA,59,250,64,1000,761,yes,10,20000
2025-05-22T19:02:30.387542,KXBTCD-25MAY2223-T111249.99,DELTA,59,250,64,1000,762,yes,9,-3600
2025-05-22T19:02:30.388435,KXBTCD-25MAY2223-T111249.99,DELTA,59,250,64,1000,763,yes,11,2945
2025-05-22T19:02:30.451050,KXBTCD-25MAY2223-T111249.99,DELTA,59,250,64,1000,764,yes,10,-20000
2025-05-22T19:02:31.235616,KXBTCD-25MAY2223-T111249.99,DELTA,59,250,64,1000,765,no,34,-2000
2025-05-22T19:02:31.236639,KXBTCD-25MAY2223-T111249.99,DELTA,58,1014,64,1000,766,yes,59,-250
2025-05-22T19:02:31.268546,KXBTCD-25MAY2223-T111249.99,DELTA,58,1014,64,1000,767,no,21,2000
2025-05-22T19:02:31.269332,KXBTCD-25MAY2223-T111249.99,DELTA,61,150,64,1000,768,yes,61,150
2025-05-22T19:02:31.348358,KXBTCD-25MAY2223-T111249.99,DELTA,61,150,64,1000,769,no,20,-200
2025-05-22T19:02:31.349381,KXBTCD-25MAY2223-T111249.99,DELTA,61,150,64,1000,770,no,10,200
2025-05-22T19:02:31.427602,KXBTCD-25MAY2223-T111249.99,DELTA,61,150,64,1000,771,no,21,-2000
2025-05-22T19:02:31.467328,KXBTCD-25MAY2223-T111249.99,DELTA,61,150,64,1000,772,no,15,2000
2025-05-22T19:02:31.892722,KXBTCD-25MAY2223-T111249.99,DELTA,61,150,64,1000,773,no,34,-250
2025-05-22T19:02:31.926758,KXBTCD-25MAY2223-T111249.99,DELTA,61,150,64,1000,774,no,33,250
2025-05-22T19:02:31.988012,KXBTCD-25MAY2223-T111249.99,DELTA,61,150,64,1000,775,no,15,-2000
2025-05-22T19:02:32.029397,KXBTCD-25MAY2223-T111249.99,DELTA,61,150,65,100,776,no,36,-1000
2025-05-22T19:02:32.046735,KXBTCD-25MAY2223-T111249.99,DELTA,61,150,65,100,777,no,33,2000
2025-05-22T19:02:32.067047,KXBTCD-25MAY2223-T111249.99,DELTA,61,150,65,1100,778,no,35,1000
2025-05-22T19:02:32.466865,KXBTCD-25MAY2223-T111249.99,DELTA,61,150,65,1100,779,yes,57,-100
2025-05-22T19:02:32.529658,KXBTCD-25MAY2223-T111249.99,DELTA,61,150,65,1100,780,yes,58,-1000
2025-05-22T19:02:32.567717,KXBTCD-25MAY2223-T111249.99,DELTA,61,150,65,1100,781,yes,57,1000
2025-05-22T19:02:34.885063,KXBTCD-25MAY2223-T111249.99,DELTA,61,150,65,1100,782,yes,58,100
2025-05-22T19:02:34.886360,KXBTCD-25MAY2223-T111249.99,DELTA,61,150,65,1100,783,yes,57,-1000
2025-05-22T19:02:34.887260,KXBTCD-25MAY2223-T111249.99,DELTA,61,150,65,1100,784,yes,59,1000
2025-05-22T19:02:36.247759,KXBTCD-25MAY2223-T111249.99,DELTA,61,150,65,1100,785,yes,11,-2945
2025-05-22T19:02:36.248837,KXBTCD-25MAY2223-T111249.99,DELTA,61,150,65,1100,786,yes,5,6480
2025-05-22T19:02:36.308210,KXBTCD-25MAY2223-T111249.99,DELTA,61,150,65,1100,787,yes,6,20000
2025-05-22T19:02:36.787805,KXBTCD-25MAY2223-T111249.99,DELTA,61,150,65,1100,788,no,33,-2000
2025-05-22T19:02:36.848811,KXBTCD-25MAY2223-T111249.99,DELTA,61,150,65,1100,789,no,15,2000
2025-05-22T19:02:38.867450,KXBTCD-25MAY2223-T111249.99,DELTA,61,150,65,1100,790,yes,5,-6480
2025-05-22T19:02:38.867713,KXBTCD-25MAY2223-T111249.99,DELTA,61,150,65,1100,791,yes,7,4628
2025-05-22T19:02:38.928047,KXBTCD-25MAY2223-T111249.99,DELTA,61,150,65,1100,792,no,14,-2314
2025-05-22T19:02:38.928363,KXBTCD-25MAY2223-T111249.99,DELTA,61,150,65,1100,793,no,15,2160
2025-05-22T19:02:38.928765,KXBTCD-25MAY2223-T111249.99,DELTA,61,150,65,1100,794,yes,6,-20000
2025-05-22T19:02:38.971094,KXBTCD-25MAY2223-T111249.99,DELTA,61,150,65,1100,795,yes,8,20000
2025-05-22T19:02:39.010587,KXBTCD-25MAY2223-T111249.99,DELTA,61,150,65,1100,796,no,15,-2000
2025-05-22T19:02:39.069065,KXBTCD-25MAY2223-T111249.99,DELTA,61,150,65,1100,797,no,16,2000
2025-05-22T19:02:39.177499,KXBTCD-25MAY2223-T111249.99,DELTA,59,1000,65,1100,798,yes,61,-150
2025-05-22T19:02:39.178139,KXBTCD-25MAY2223-T111249.99,DELTA,59,1000,61,100,799,no,39,100
2025-05-22T19:02:39.271281,KXBTCD-25MAY2223-T111249.99,DELTA,59,1000,61,50,800,no,39,-50
2025-05-22T19:02:39.368581,KXBTCD-25MAY2223-T111249.99,DELTA,59,1000,65,1100,801,no,39,-50
2025-05-22T19:02:39.369151,KXBTCD-25MAY2223-T111249.99,DELTA,61,200,65,1100,802,yes,61,200
2025-05-22T19:02:41.287787,KXBTCD-25MAY2223-T111249.99,DELTA,61,200,65,1100,803,yes,7,-4628
2025-05-22T19:02:41.289194,KXBTCD-25MAY2223-T111249.99,DELTA,61,200,65,1100,804,yes,9,3600
2025-05-22T19:02:41.327460,KXBTCD-25MAY2223-T111249.99,DELTA,61,200,65,1100,805,no,15,-2160
2025-05-22T19:02:41.328673,KXBTCD-25MAY2223-T111249.99,DELTA,61,200,65,1100,806,no,14,2314
2025-05-22T19:02:41.346617,KXBTCD-25MAY2223-T111249.99,DELTA,61,200,65,1100,807,yes,8,-20000
2025-05-22T19:02:41.388957,KXBTCD-25MAY2223-T111249.99,DELTA,61,200,65,1100,808,no,16,-2000
2025-05-22T19:02:41.389855,KXBTCD-25MAY2223-T111249.99,DELTA,61,200,65,1100,809,yes,10,20000
2025-05-22T19:02:41.427090,KXBTCD-25MAY2223-T111249.99,DELTA,61,200,65,1100,810,no,15,2000
2025-05-22T19:02:42.426964,KXBTCD-25MAY2223-T111249.99,DELTA,61,200,65,1100,811,yes,9,-3600
2025-05-22T19:02:42.427359,KXBTCD-25MAY2223-T111249.99,DELTA,61,200,65,1100,812,yes,11,2945
2025-05-22T19:02:42.486938,KXBTCD-25MAY2223-T111249.99,DELTA,61,200,65,1100,813,no,14,-2314
2025-05-22T19:02:42.487452,KXBTCD-25MAY2223-T111249.99,DELTA,61,200,65,1100,814,no,15,2160
2025-05-22T19:02:42.487730,KXBTCD-25MAY2223-T111249.99,DELTA,61,200,65,1100,815,yes,10,-20000
2025-05-22T19:02:42.549725,KXBTCD-25MAY2223-T111249.99,DELTA,61,200,65,1100,816,no,15,-2000
2025-05-22T19:02:42.587085,KXBTCD-25MAY2223-T111249.99,DELTA,61,200,65,1100,817,no,16,2000
2025-05-22T19:02:43.606766,KXBTCD-25MAY2223-T111249.99,DELTA,61,200,65,1100,818,yes,11,-2945
2025-05-22T19:02:43.608006,KXBTCD-25MAY2223-T111249.99,DELTA,61,200,65,1100,819,yes,5,6480
2025-05-22T19:02:43.649656,KXBTCD-25MAY2223-T111249.99,DELTA,61,200,65,1100,820,no,15,-2160
2025-05-22T19:02:43.650814,KXBTCD-25MAY2223-T111249.99,DELTA,61,200,65,1100,821,no,14,2314
2025-05-22T19:02:43.688628,KXBTCD-25MAY2223-T111249.99,DELTA,61,200,65,1100,822,yes,6,20000
2025-05-22T19:02:43.706754,KXBTCD-25MAY2223-T111249.99,DELTA,61,200,65,100,823,no,35,-1000
2025-05-22T19:02:43.743459,KXBTCD-25MAY2223-T111249.99,DELTA,61,200,65,100,824,no,16,-2000
2025-05-22T19:02:43.754037,KXBTCD-25MAY2223-T111249.99,DELTA,61,200,65,100,825,no,34,1000
2025-05-22T19:02:43.765858,KXBTCD-25MAY2223-T111249.99,DELTA,61,200,65,100,826,no,15,2000
2025-05-22T19:02:45.595625,KXBTCD-25MAY2223-T111249.99,DELTA,61,200,66,1000,827,no,35,-100
2025-05-22T19:02:45.596931,KXBTCD-25MAY2223-T111249.99,DELTA,61,200,66,1000,828,yes,58,-100
2025-05-22T19:02:45.606966,KXBTCD-25MAY2223-T111249.99,DELTA,61,200,66,1000,829,yes,59,-1000
2025-05-22T19:02:45.647718,KXBTCD-25MAY2223-T111249.99,DELTA,61,200,66,1000,830,yes,57,1000
2025-05-22T19:02:45.867914,KXBTCD-25MAY2223-T111249.99,DELTA,61,200,66,1000,831,yes,58,30
2025-05-22T19:02:45.868961,KXBTCD-25MAY2223-T111249.99,DELTA,61,200,66,1000,832,yes,56,-30
2025-05-22T19:02:45.889974,KXBTCD-25MAY2223-T111249.99,DELTA,61,200,66,1000,833,no,33,-30
2025-05-22T19:02:45.891089,KXBTCD-25MAY2223-T111249.99,DELTA,61,200,66,1000,834,no,31,30
2025-05-22T19:02:45.928455,KXBTCD-25MAY2223-T111249.99,DELTA,61,200,66,1000,835,yes,57,-1000
2025-05-22T19:02:45.968561,KXBTCD-25MAY2223-T111249.99,DELTA,61,200,66,1000,836,yes,59,1000
2025-05-22T19:02:46.128426,KXBTCD-25MAY2223-T111249.99,DELTA,59,1000,66,1000,837,yes,61,-200
2025-05-22T19:02:46.129748,KXBTCD-25MAY2223-T111249.99,DELTA,59,1000,66,1000,838,no,33,-250
2025-05-22T19:02:46.168952,KXBTCD-25MAY2223-T111249.99,DELTA,63,50,66,1000,839,yes,63,50
2025-05-22T19:02:46.170104,KXBTCD-25MAY2223-T111249.99,DELTA,63,50,66,1000,840,no,32,200
2025-05-22T19:02:46.193344,KXBTCD-25MAY2223-T111249.99,DELTA,63,50,67,14,841,no,34,-1000
2025-05-22T19:02:46.207893,KXBTCD-25MAY2223-T111249.99,DELTA,59,1000,67,14,842,yes,63,-50
2025-05-22T19:02:46.227240,KXBTCD-25MAY2223-T111249.99,DELTA,59,1000,67,14,843,no,32,1000
2025-05-22T19:02:46.248563,KXBTCD-25MAY2223-T111249.99,DELTA,63,150,67,14,844,yes,63,150
2025-05-22T19:02:46.268805,KXBTCD-25MAY2223-T111249.99,DELTA,63,150,67,14,845,no,15,-2000
2025-05-22T19:02:46.269747,KXBTCD-25MAY2223-T111249.99,DELTA,63,150,67,14,846,no,32,-1000
2025-05-22T19:02:46.327476,KXBTCD-25MAY2223-T111249.99,DELTA,63,150,67,1014,847,no,33,1000
2025-05-22T19:02:46.328777,KXBTCD-25MAY2223-T111249.99,DELTA,63,150,67,1014,848,no,32,2000
2025-05-22T19:02:46.487810,KXBTCD-25MAY2223-T111249.99,DELTA,63,150,67,1014,849,no,32,-2000
2025-05-22T19:02:46.527500,KXBTCD-25MAY2223-T111249.99,DELTA,63,150,67,1014,850,no,15,2000
2025-05-22T19:02:48.288119,KXBTCD-25MAY2223-T111249.99,DELTA,63,150,67,1014,851,yes,59,100
2025-05-22T19:02:48.289466,KXBTCD-25MAY2223-T111249.99,DELTA,63,150,67,1114,852,no,33,100
2025-05-22T19:02:48.349520,KXBTCD-25MAY2223-T111249.99,DELTA,63,150,67,1114,853,yes,59,-1000
2025-05-22T19:02:48.366750,KXBTCD-25MAY2223-T111249.99,DELTA,63,150,67,114,854,no,33,-1000
2025-05-22T19:02:48.407624,KXBTCD-25MAY2223-T111249.99,DELTA,63,150,66,1000,855,no,34,1000
2025-05-22T19:02:48.408599,KXBTCD-25MAY2223-T111249.99,DELTA,63,150,66,1000,856,yes,60,1000
2025-05-22T19:02:48.425282,KXBTCD-25MAY2223-T111249.99,DELTA,63,150,66,1000,857,yes,5,-6480
2025-05-22T19:02:48.425886,KXBTCD-25MAY2223-T111249.99,DELTA,63,150,66,1000,858,yes,7,4628
2025-05-22T19:02:48.488338,KXBTCD-25MAY2223-T111249.99,DELTA,63,150,66,1000,859,no,14,-2314
2025-05-22T19:02:48.489168,KXBTCD-25MAY2223-T111249.99,DELTA,63,150,66,1000,860,no,15,2160
2025-05-22T19:02:48.489601,KXBTCD-25MAY2223-T111249.99,DELTA,63,150,66,1000,861,yes,6,-20000
2025-05-22T19:02:48.527674,KXBTCD-25MAY2223-T111249.99,DELTA,63,150,66,1000,862,yes,8,20000
2025-05-22T19:02:48.548204,KXBTCD-25MAY2223-T111249.99,DELTA,63,150,66,1000,863,no,15,-2000
2025-05-22T19:02:48.588583,KXBTCD-25MAY2223-T111249.99,DELTA,63,150,66,1000,864,no,16,2000
2025-05-22T19:02:49.726302,KXBTCD-25MAY2223-T111249.99,DELTA,63,100,66,1000,865,yes,63,-50
2025-05-22T19:02:50.426873,KXBTCD-25MAY2223-T111249.99,DELTA,60,1000,66,1000,866,yes,63,-100
2025-05-22T19:02:50.468191,KXBTCD-25MAY2223-T111249.99,DELTA,62,250,66,1000,867,yes,62,250
2025-05-22T19:02:50.469075,KXBTCD-25MAY2223-T111249.99,DELTA,62,250,66,1000,868,no,16,-2000
2025-05-22T19:02:50.508121,KXBTCD-25MAY2223-T111249.99,DELTA,62,250,66,1000,869,no,32,2000
2025-05-22T19:02:51.167737,KXBTCD-25MAY2223-T111249.99,DELTA,62,250,66,1000,870,yes,7,-4628
2025-05-22T19:02:51.168352,KXBTCD-25MAY2223-T111249.99,DELTA,62,250,66,1000,871,yes,9,3600
2025-05-22T19:02:51.206850,KXBTCD-25MAY2223-T111249.99,DELTA,62,250,66,1000,872,no,15,-2160
2025-05-22T19:02:51.207699,KXBTCD-25MAY2223-T111249.99,DELTA,62,250,66,1000,873,no,14,2314
2025-05-22T19:02:51.227327,KXBTCD-25MAY2223-T111249.99,DELTA,62,250,66,1000,874,yes,8,-20000
2025-05-22T19:02:51.329661,KXBTCD-25MAY2223-T111249.99,DELTA,62,250,66,1000,875,yes,10,20000
2025-05-22T19:02:52.228559,KXBTCD-25MAY2223-T111249.99,DELTA,62,250,66,1000,876,yes,9,-3600
2025-05-22T19:02:52.229065,KXBTCD-25MAY2223-T111249.99,DELTA,62,250,66,1000,877,yes,11,2945
2025-05-22T19:02:52.367164,KXBTCD-25MAY2223-T111249.99,DELTA,62,250,66,1000,878,yes,10,-20000
2025-05-22T19:02:53.249452,KXBTCD-25MAY2223-T111249.99,DELTA,62,250,66,1000,879,yes,11,-2945
2025-05-22T19:02:53.250211,KXBTCD-25MAY2223-T111249.99,DELTA,62,250,66,1000,880,yes,5,6480
2025-05-22T19:02:53.369141,KXBTCD-25MAY2223-T111249.99,DELTA,62,250,66,1000,881,yes,6,20000
2025-05-22T19:02:54.308214,KXBTCD-25MAY2223-T111249.99,DELTA,62,250,66,1000,882,yes,5,-6480
2025-05-22T19:02:54.309135,KXBTCD-25MAY2223-T111249.99,DELTA,62,250,66,1000,883,yes,7,4628
2025-05-22T19:02:54.367753,KXBTCD-25MAY2223-T111249.99,DELTA,62,250,66,1000,884,yes,6,-20000
2025-05-22T19:02:54.387333,KXBTCD-25MAY2223-T111249.99,DELTA,62,250,66,1000,885,yes,58,-14
2025-05-22T19:02:54.388132,KXBTCD-25MAY2223-T111249.99,DELTA,62,250,66,1000,886,yes,60,14
2025-05-22T19:02:54.388442,KXBTCD-25MAY2223-T111249.99,DELTA,62,250,66,1000,887,no,33,-14
2025-05-22T19:02:54.408298,KXBTCD-25MAY2223-T111249.99,DELTA,62,250,66,1000,888,no,31,14
2025-05-22T19:02:54.409145,KXBTCD-25MAY2223-T111249.99,DELTA,62,250,66,1000,889,yes,8,20000
2025-05-22T19:02:55.347407,KXBTCD-25MAY2223-T111249.99,DELTA,62,250,66,1000,890,yes,7,-4628
2025-05-22T19:02:55.348269,KXBTCD-25MAY2223-T111249.99,DELTA,62,250,66,1000,891,yes,9,3600
2025-05-22T19:02:55.427069,KXBTCD-25MAY2223-T111249.99,DELTA,62,250,66,1000,892,yes,8,-20000
2025-05-22T19:02:55.467731,KXBTCD-25MAY2223-T111249.99,DELTA,62,250,66,1000,893,yes,10,20000
2025-05-22T19:02:56.488764,KXBTCD-25MAY2223-T111249.99,DELTA,62,250,66,1000,894,no,33,-100
2025-05-22T19:02:56.527164,KXBTCD-25MAY2223-T111249.99,DELTA,62,250,68,2200,895,no,34,-1000
2025-05-22T19:02:56.587275,KXBTCD-25MAY2223-T111249.99,DELTA,62,250,67,1000,896,no,33,1000
2025-05-22T19:02:57.386417,KXBTCD-25MAY2223-T111249.99,DELTA,62,250,67,1000,897,no,32,-2000
2025-05-22T19:02:57.426875,KXBTCD-25MAY2223-T111249.99,DELTA,62,250,67,1000,898,no,15,2000
2025-05-22T19:02:58.842981,KXBTCD-25MAY2223-T111249.99,DELTA,62,250,67,1100,899,no,33,100
2025-05-22T19:02:58.888275,KXBTCD-25MAY2223-T111249.99,DELTA,62,250,67,1100,900,no,15,-2000
2025-05-22T19:02:58.888504,KXBTCD-25MAY2223-T111249.99,DELTA,62,250,67,100,901,no,33,-1000
2025-05-22T19:02:58.928263,KXBTCD-25MAY2223-T111249.99,DELTA,62,250,66,1000,902,no,34,1000
2025-05-22T19:02:58.928457,KXBTCD-25MAY2223-T111249.99,DELTA,62,250,66,1000,903,no,32,2000
2025-05-22T19:02:59.587200,KXBTCD-25MAY2223-T111249.99,DELTA,62,250,66,1000,904,yes,9,-3600
2025-05-22T19:02:59.587898,KXBTCD-25MAY2223-T111249.99,DELTA,62,250,66,1000,905,yes,11,2945
2025-05-22T19:02:59.647361,KXBTCD-25MAY2223-T111249.99,DELTA,62,250,66,1000,906,yes,10,-20000
2025-05-22T19:03:01.608343,KXBTCD-25MAY2223-T111249.99,DELTA,62,250,66,1000,907,no,33,-100
2025-05-22T19:03:01.666449,KXBTCD-25MAY2223-T111249.99,DELTA,62,250,68,2200,908,no,34,-1000
2025-05-22T19:03:01.806542,KXBTCD-25MAY2223-T111249.99,DELTA,62,250,67,1000,909,no,33,1000
2025-05-22T19:03:02.107202,KXBTCD-25MAY2223-T111249.99,DELTA,62,250,67,1000,910,yes,11,-2945
2025-05-22T19:03:02.107956,KXBTCD-25MAY2223-T111249.99,DELTA,62,250,67,1000,911,yes,5,6480
2025-05-22T19:03:02.167023,KXBTCD-25MAY2223-T111249.99,DELTA,62,250,67,1000,912,yes,6,20000
2025-05-22T19:03:02.588569,KXBTCD-25MAY2223-T111249.99,DELTA,62,250,67,1000,913,yes,60,-1000
2025-05-22T19:03:02.626199,KXBTCD-25MAY2223-T111249.99,DELTA,62,250,67,1000,914,yes,59,1000
2025-05-22T19:03:02.689498,KXBTCD-25MAY2223-T111249.99,DELTA,62,250,67,1000,915,no,32,-2000
2025-05-22T19:03:02.727776,KXBTCD-25MAY2223-T111249.99,DELTA,62,250,67,3000,916,no,33,2000
2025-05-22T19:03:02.747906,KXBTCD-25MAY2223-T111249.99,DELTA,62,250,67,3000,917,yes,39,9
2025-05-22T19:03:02.887000,KXBTCD-25MAY2223-T111249.99,DELTA,60,14,67,3000,918,yes,62,-250
2025-05-22T19:03:02.947790,KXBTCD-25MAY2223-T111249.99,DELTA,60,14,67,3000,919,yes,59,-1000
2025-05-22T19:03:02.986306,KXBTCD-25MAY2223-T111249.99,DELTA,60,14,67,3000,920,yes,58,1000
2025-05-22T19:03:02.987060,KXBTCD-25MAY2223-T111249.99,DELTA,60,14,67,3000,921,no,32,-200
2025-05-22T19:03:03.048002,KXBTCD-25MAY2223-T111249.99,DELTA,60,14,67,1000,922,no,33,-2000
2025-05-22T19:03:03.066692,KXBTCD-25MAY2223-T111249.99,DELTA,60,14,69,44,923,no,33,-1000
2025-05-22T19:03:03.108828,KXBTCD-25MAY2223-T111249.99,DELTA,60,14,68,1000,924,no,32,1000
2025-05-22T19:03:03.109527,KXBTCD-25MAY2223-T111249.99,DELTA,60,14,68,1000,925,no,15,2000
2025-05-22T19:03:03.110124,KXBTCD-25MAY2223-T111249.99,DELTA,61,50,68,1000,926,yes,61,50
2025-05-22T19:03:03.128033,KXBTCD-25MAY2223-T111249.99,DELTA,61,50,66,200,927,no,34,200
2025-05-22T19:03:03.188050,KXBTCD-25MAY2223-T111249.99,DELTA,61,50,66,200,928,no,32,-1000
2025-05-22T19:03:03.226957,KXBTCD-25MAY2223-T111249.99,DELTA,61,50,65,1000,929,no,35,1000
2025-05-22T19:03:03.267477,KXBTCD-25MAY2223-T111249.99,DELTA,61,50,65,1000,930,no,34,100
2025-05-22T19:03:03.326560,KXBTCD-25MAY2223-T111249.99,DELTA,61,50,65,1000,931,no,15,-2000
2025-05-22T19:03:03.347028,KXBTCD-25MAY2223-T111249.99,DELTA,61,50,65,1000,932,yes,5,-6480
2025-05-22T19:03:03.347855,KXBTCD-25MAY2223-T111249.99,DELTA,61,50,65,1000,933,yes,7,4628
2025-05-22T19:03:03.387840,KXBTCD-25MAY2223-T111249.99,DELTA,61,50,65,1000,934,no,34,2000
2025-05-22T19:03:03.406434,KXBTCD-25MAY2223-T111249.99,DELTA,61,50,65,1000,935,no,14,-2314
2025-05-22T19:03:03.407100,KXBTCD-25MAY2223-T111249.99,DELTA,61,50,65,1000,936,no,15,2160
2025-05-22T19:03:03.407879,KXBTCD-25MAY2223-T111249.99,DELTA,61,50,65,1000,937,yes,6,-20000
2025-05-22T19:03:03.408285,KXBTCD-25MAY2223-T111249.99,DELTA,60,14,65,1000,938,yes,61,-50
2025-05-22T19:03:03.447534,KXBTCD-25MAY2223-T111249.99,DELTA,60,214,65,1000,939,yes,60,200
2025-05-22T19:03:03.448136,KXBTCD-25MAY2223-T111249.99,DELTA,60,214,65,1000,940,yes,39,-9
2025-05-22T19:03:03.448307,KXBTCD-25MAY2223-T111249.99,DELTA,60,214,65,1000,941,yes,8,20000
2025-05-22T19:03:03.667035,KXBTCD-25MAY2223-T111249.99,DELTA,60,214,65,1000,942,no,34,-2000
2025-05-22T19:03:03.709227,KXBTCD-25MAY2223-T111249.99,DELTA,60,214,65,1000,943,no,16,2000
2025-05-22T19:03:04.488980,KXBTCD-25MAY2223-T111249.99,DELTA,60,214,65,1000,944,no,34,-100
2025-05-22T19:03:04.489741,KXBTCD-25MAY2223-T111249.99,DELTA,60,214,65,1000,945,yes,7,-4628
2025-05-22T19:03:04.490188,KXBTCD-25MAY2223-T111249.99,DELTA,60,214,65,1000,946,yes,9,3600
2025-05-22T19:03:04.490468,KXBTCD-25MAY2223-T111249.99,DELTA,60,214,65,1000,947,yes,59,-100
2025-05-22T19:03:04.547073,KXBTCD-25MAY2223-T111249.99,DELTA,60,214,65,1000,948,yes,8,-20000
2025-05-22T19:03:04.586263,KXBTCD-25MAY2223-T111249.99,DELTA,60,214,65,1000,949,yes,10,20000
2025-05-22T19:03:04.629392,KXBTCD-25MAY2223-T111249.99,DELTA,60,214,65,1000,950,no,15,-2160
2025-05-22T19:03:04.630271,KXBTCD-25MAY2223-T111249.99,DELTA,60,214,65,1000,951,no,14,2314
2025-05-22T19:03:04.687129,KXBTCD-25MAY2223-T111249.99,DELTA,60,214,65,1000,952,no,16,-2000
2025-05-22T19:03:04.727798,KXBTCD-25MAY2223-T111249.99,DELTA,60,214,65,1000,953,no,15,2000
2025-05-22T19:03:05.787170,KXBTCD-25MAY2223-T111249.99,DELTA,60,214,65,1000,954,yes,58,-1000
2025-05-22T19:03:05.867511,KXBTCD-25MAY2223-T111249.99,DELTA,60,214,65,1000,955,no,34,-200
2025-05-22T19:03:05.885967,KXBTCD-25MAY2223-T111249.99,DELTA,60,214,65,1000,956,yes,59,1000
2025-05-22T19:03:06.040427,KXBTCD-25MAY2223-T111249.99,DELTA,60,214,65,1000,957,yes,39,9
2025-05-22T19:03:06.044860,KXBTCD-25MAY2223-T111249.99,DELTA,60,14,65,1000,958,yes,60,-200
2025-05-22T19:03:06.088392,KXBTCD-25MAY2223-T111249.99,DELTA,60,14,69,44,959,no,35,-1000
2025-05-22T19:03:06.187056,KXBTCD-25MAY2223-T111249.99,DELTA,60,14,69,44,960,yes,9,-3600
2025-05-22T19:03:06.187603,KXBTCD-25MAY2223-T111249.99,DELTA,60,14,69,44,961,yes,11,2945
2025-05-22T19:03:06.287182,KXBTCD-25MAY2223-T111249.99,DELTA,60,14,68,1000,962,no,32,1000
2025-05-22T19:03:06.288700,KXBTCD-25MAY2223-T111249.99,DELTA,62,150,68,1000,963,yes,62,150
2025-05-22T19:03:06.367941,KXBTCD-25MAY2223-T111249.99,DELTA,62,150,68,1000,964,no,14,-2314
2025-05-22T19:03:06.368305,KXBTCD-25MAY2223-T111249.99,DELTA,62,150,68,1000,965,no,15,2160
2025-05-22T19:03:06.368556,KXBTCD-25MAY2223-T111249.99,DELTA,62,150,68,1000,966,yes,10,-20000
2025-05-22T19:03:06.369111,KXBTCD-25MAY2223-T111249.99,DELTA,62,150,67,100,967,no,33,100
2025-05-22T19:03:06.471133,KXBTCD-25MAY2223-T111249.99,DELTA,62,150,67,100,968,yes,58,100
2025-05-22T19:03:06.493442,KXBTCD-25MAY2223-T111249.99,DELTA,62,150,67,100,969,no,15,-2000
2025-05-22T19:03:06.767772,KXBTCD-25MAY2223-T111249.99,DELTA,62,150,66,100,970,no,34,100
2025-05-22T19:03:06.767976,KXBTCD-25MAY2223-T111249.99,DELTA,62,150,66,100,971,no,32,-1000
2025-05-22T19:03:06.969404,KXBTCD-25MAY2223-T111249.99,DELTA,62,150,66,100,972,no,16,2000
2025-05-22T19:03:06.970066,KXBTCD-25MAY2223-T111249.99,DELTA,62,150,66,1100,973,no,34,1000
2025-05-22T19:03:06.970572,KXBTCD-25MAY2223-T111249.99,DELTA,62,150,66,1100,974,yes,39,-9
2025-05-22T19:03:07.066556,KXBTCD-25MAY2223-T111249.99,DELTA,62,150,66,100,975,no,34,-1000
2025-05-22T19:03:07.187849,KXBTCD-25MAY2223-T111249.99,DELTA,62,150,66,100,976,no,33,-100
2025-05-22T19:03:07.285547,KXBTCD-25MAY2223-T111249.99,DELTA,62,150,65,1000,977,no,35,1000
2025-05-22T19:03:07.386119,KXBTCD-25MAY2223-T111249.99,DELTA,62,150,65,1000,978,no,32,200
2025-05-22T19:03:07.565769,KXBTCD-25MAY2223-T111249.99,DELTA,62,150,65,1000,979,no,16,-2000
2025-05-22T19:03:07.687522,KXBTCD-25MAY2223-T111249.99,DELTA,62,150,65,1000,980,no,32,2000
2025-05-22T19:03:07.788074,KXBTCD-25MAY2223-T111249.99,DELTA,62,150,65,1000,981,yes,11,-2945
2025-05-22T19:03:07.789185,KXBTCD-25MAY2223-T111249.99,DELTA,62,150,65,1000,982,yes,5,6480
2025-05-22T19:03:07.886566,KXBTCD-25MAY2223-T111249.99,DELTA,62,150,65,1000,983,yes,6,20000
2025-05-22T19:03:07.887308,KXBTCD-25MAY2223-T111249.99,DELTA,62,150,65,1000,984,no,32,-2000
2025-05-22T19:03:07.971746,KXBTCD-25MAY2223-T111249.99,DELTA,62,150,65,1000,985,no,33,2000
2025-05-22T19:03:07.972372,KXBTCD-25MAY2223-T111249.99,DELTA,62,150,65,1000,986,no,15,-2160
2025-05-22T19:03:07.972632,KXBTCD-25MAY2223-T111249.99,DELTA,62,150,65,1000,987,no,14,2314
2025-05-22T19:03:08.688364,KXBTCD-25MAY2223-T111249.99,DELTA,62,150,65,1000,988,yes,58,-100
2025-05-22T19:03:10.186417,KXBTCD-25MAY2223-T111249.99,DELTA,62,150,65,1000,989,yes,58,100
2025-05-22T19:03:11.027085,KXBTCD-25MAY2223-T111249.99,DELTA,60,14,65,1000,990,yes,62,-150
2025-05-22T19:03:11.049798,KXBTCD-25MAY2223-T111249.99,DELTA,61,200,65,1000,991,yes,61,200
2025-05-22T19:03:11.086709,KXBTCD-25MAY2223-T111249.99,DELTA,61,200,65,1000,992,no,32,-200
2025-05-22T19:03:11.106448,KXBTCD-25MAY2223-T111249.99,DELTA,61,200,65,1000,993,no,34,50
2025-05-22T19:03:11.146580,KXBTCD-25MAY2223-T111249.99,DELTA,61,200,65,1000,994,no,33,-2000
2025-05-22T19:03:11.187005,KXBTCD-25MAY2223-T111249.99,DELTA,61,200,65,1000,995,no,15,2000
2025-05-22T19:03:11.427184,KXBTCD-25MAY2223-T111249.99,DELTA,61,200,65,1000,996,no,34,-50
2025-05-22T19:03:11.468043,KXBTCD-25MAY2223-T111249.99,DELTA,61,200,65,1000,997,no,33,300
2025-05-22T19:03:11.528516,KXBTCD-25MAY2223-T111249.99,DELTA,61,200,65,1000,998,no,15,-2000
2025-05-22T19:03:11.567182,KXBTCD-25MAY2223-T111249.99,DELTA,61,200,65,1000,999,no,33,2000
2025-05-22T19:03:12.976330,KXBTCD-25MAY2223-T111249.99,DELTA,61,200,65,1000,1000,yes,59,-1000
2025-05-22T19:03:12.977056,KXBTCD-25MAY2223-T111249.99,DELTA,61,200,65,1000,1001,yes,58,1000
2025-05-22T19:03:13.027538,KXBTCD-25MAY2223-T111249.99,DELTA,61,200,65,1000,1002,yes,39,9
2025-05-22T19:03:13.048293,KXBTCD-25MAY2223-T111249.99,DELTA,61,200,65,1000,1003,yes,5,-6480
2025-05-22T19:03:13.049133,KXBTCD-25MAY2223-T111249.99,DELTA,61,200,65,1000,1004,yes,7,4628
2025-05-22T19:03:13.106363,KXBTCD-25MAY2223-T111249.99,DELTA,61,200,65,1000,1005,yes,6,-20000
2025-05-22T19:03:13.166214,KXBTCD-25MAY2223-T111249.99,DELTA,61,200,65,1000,1006,yes,8,20000
2025-05-22T19:03:14.107599,KXBTCD-25MAY2223-T111249.99,DELTA,61,200,65,1000,1007,yes,7,-4628
2025-05-22T19:03:14.108537,KXBTCD-25MAY2223-T111249.99,DELTA,61,200,65,1000,1008,no,14,-2314
2025-05-22T19:03:14.166261,KXBTCD-25MAY2223-T111249.99,DELTA,61,200,65,1000,1009,yes,8,-20000
2025-05-22T19:03:14.226873,KXBTCD-25MAY2223-T111249.99,DELTA,61,200,65,1000,1010,yes,39,-9
2025-05-22T19:03:15.596147,KXBTCD-25MAY2223-T111249.99,DELTA,60,14,65,1000,1011,yes,61,-200
2025-05-22T19:03:15.596870,KXBTCD-25MAY2223-T111249.99,DELTA,58,1130,65,1000,1012,yes,60,-14
2025-05-22T19:03:15.597396,KXBTCD-25MAY2223-T111249.99,DELTA,58,1101,65,1000,1013,yes,58,-29
2025-05-22T19:03:15.627062,KXBTCD-25MAY2223-T111249.99,DELTA,61,200,65,1000,1014,yes,61,200
2025-05-22T19:03:15.646735,KXBTCD-25MAY2223-T111249.99,DELTA,61,200,65,1000,1015,yes,55,14
2025-05-22T19:03:15.647402,KXBTCD-25MAY2223-T111249.99,DELTA,61,200,65,1000,1016,yes,58,-1
2025-05-22T19:03:15.647842,KXBTCD-25MAY2223-T111249.99,DELTA,61,200,65,1000,1017,no,31,-14
2025-05-22T19:03:15.682007,KXBTCD-25MAY2223-T111249.99,DELTA,61,200,65,1000,1018,no,31,-30
2025-05-22T19:03:15.682689,KXBTCD-25MAY2223-T111249.99,DELTA,61,200,65,1014,1019,no,35,14
2025-05-22T19:03:15.683194,KXBTCD-25MAY2223-T111249.99,DELTA,61,200,65,1014,1020,yes,54,30
2025-05-22T19:03:15.688586,KXBTCD-25MAY2223-T111249.99,DELTA,61,200,65,1044,1021,no,35,30
2025-05-22T19:03:15.747933,KXBTCD-25MAY2223-T111249.99,DELTA,61,200,65,44,1022,no,35,-1000
2025-05-22T19:03:15.767459,KXBTCD-25MAY2223-T111249.99,DELTA,61,200,65,44,1023,yes,5,6480
2025-05-22T19:03:15.785785,KXBTCD-25MAY2223-T111249.99,DELTA,61,200,64,1000,1024,no,36,1000
2025-05-22T19:03:15.806691,KXBTCD-25MAY2223-T111249.99,DELTA,61,200,64,1000,1025,no,14,2314
2025-05-22T19:03:15.826897,KXBTCD-25MAY2223-T111249.99,DELTA,61,200,64,1000,1026,yes,6,20000
2025-05-22T19:03:17.127795,KXBTCD-25MAY2223-T111249.99,DELTA,61,200,64,1000,1027,yes,5,-6480
2025-05-22T19:03:17.129092,KXBTCD-25MAY2223-T111249.99,DELTA,61,200,64,1000,1028,yes,7,4628
2025-05-22T19:03:17.187524,KXBTCD-25MAY2223-T111249.99,DELTA,61,200,64,1000,1029,yes,6,-20000
2025-05-22T19:03:17.226897,KXBTCD-25MAY2223-T111249.99,DELTA,61,200,64,1000,1030,yes,8,20000
2025-05-22T19:03:18.307856,KXBTCD-25MAY2223-T111249.99,DELTA,61,200,64,1000,1031,yes,7,-4628
2025-05-22T19:03:18.309032,KXBTCD-25MAY2223-T111249.99,DELTA,61,200,64,1000,1032,yes,9,3600
2025-05-22T19:03:18.347386,KXBTCD-25MAY2223-T111249.99,DELTA,61,200,64,1000,1033,yes,58,-1000
2025-05-22T19:03:18.366644,KXBTCD-25MAY2223-T111249.99,DELTA,61,200,65,44,1034,no,36,-1000
2025-05-22T19:03:18.407202,KXBTCD-25MAY2223-T111249.99,DELTA,61,200,65,44,1035,yes,59,1000
2025-05-22T19:03:18.408370,KXBTCD-25MAY2223-T111249.99,DELTA,61,200,65,1044,1036,no,35,1000
2025-05-22T19:03:18.408951,KXBTCD-25MAY2223-T111249.99,DELTA,61,200,65,1044,1037,yes,8,-20000
2025-05-22T19:03:18.425815,KXBTCD-25MAY2223-T111249.99,DELTA,61,200,65,1044,1038,no,33,-300
2025-05-22T19:03:18.447837,KXBTCD-25MAY2223-T111249.99,DELTA,61,200,65,1044,1039,yes,10,20000
2025-05-22T19:03:18.465907,KXBTCD-25MAY2223-T111249.99,DELTA,61,200,65,1044,1040,no,32,250
2025-05-22T19:03:18.487139,KXBTCD-25MAY2223-T111249.99,DELTA,61,200,65,1044,1041,no,33,-2000
2025-05-22T19:03:18.488207,KXBTCD-25MAY2223-T111249.99,DELTA,59,1000,65,1044,1042,yes,61,-200
2025-05-22T19:03:18.526753,KXBTCD-25MAY2223-T111249.99,DELTA,59,1000,65,1044,1043,no,33,2000
2025-05-22T19:03:18.527664,KXBTCD-25MAY2223-T111249.99,DELTA,63,50,65,1044,1044,yes,63,50
2025-05-22T19:03:18.726426,KXBTCD-25MAY2223-T111249.99,DELTA,59,1000,65,1044,1045,yes,63,-50
2025-05-22T19:03:18.747750,KXBTCD-25MAY2223-T111249.99,DELTA,62,250,65,1044,1046,yes,62,250
2025-05-22T19:03:18.788481,KXBTCD-25MAY2223-T111249.99,DELTA,62,250,65,1044,1047,no,33,-2000
2025-05-22T19:03:18.827492,KXBTCD-25MAY2223-T111249.99,DELTA,62,250,65,1044,1048,no,32,2000
2025-05-22T19:03:19.486616,KXBTCD-25MAY2223-T111249.99,DELTA,62,250,65,1044,1049,yes,58,-100
2025-05-22T19:03:19.549251,KXBTCD-25MAY2223-T111249.99,DELTA,62,250,65,1044,1050,yes,59,-1000
2025-05-22T19:03:19.587667,KXBTCD-25MAY2223-T111249.99,DELTA,62,250,65,1044,1051,yes,55,1000
2025-05-22T19:03:20.450291,KXBTCD-25MAY2223-T111249.99,DELTA,62,250,65,1044,1052,yes,9,-3600
2025-05-22T19:03:20.451779,KXBTCD-25MAY2223-T111249.99,DELTA,62,250,65,1044,1053,yes,11,2945
2025-05-22T19:03:20.508566,KXBTCD-25MAY2223-T111249.99,DELTA,62,250,65,1044,1054,yes,10,-20000
2025-05-22T19:03:20.567828,KXBTCD-25MAY2223-T111249.99,DELTA,62,250,65,1044,1055,yes,56,9
2025-05-22T19:03:21.506755,KXBTCD-25MAY2223-T111249.99,DELTA,62,250,65,1044,1056,yes,59,100
2025-05-22T19:03:21.565482,KXBTCD-25MAY2223-T111249.99,DELTA,62,250,65,1044,1057,yes,55,-1000
2025-05-22T19:03:21.586585,KXBTCD-25MAY2223-T111249.99,DELTA,62,250,65,1044,1058,yes,59,1000
2025-05-22T19:03:21.987275,KXBTCD-25MAY2223-T111249.99,DELTA,62,250,65,1044,1059,no,32,-2000
2025-05-22T19:03:22.006344,KXBTCD-25MAY2223-T111249.99,DELTA,62,250,65,44,1060,no,35,-1000
2025-05-22T19:03:22.027181,KXBTCD-25MAY2223-T111249.99,DELTA,59,1100,65,44,1061,yes,62,-250
2025-05-22T19:03:22.047733,KXBTCD-25MAY2223-T111249.99,DELTA,59,1100,65,44,1062,no,32,-250
2025-05-22T19:03:22.048464,KXBTCD-25MAY2223-T111249.99,DELTA,59,1100,64,1000,1063,no,36,1000
2025-05-22T19:03:22.048999,KXBTCD-25MAY2223-T111249.99,DELTA,59,1100,64,1000,1064,no,33,2000
2025-05-22T19:03:22.068022,KXBTCD-25MAY2223-T111249.99,DELTA,61,100,64,1000,1065,yes,61,100
2025-05-22T19:03:22.088246,KXBTCD-25MAY2223-T111249.99,DELTA,61,100,64,1000,1066,no,34,150
2025-05-22T19:03:22.106432,KXBTCD-25MAY2223-T111249.99,DELTA,61,100,64,1000,1067,no,33,-2000
2025-05-22T19:03:22.146489,KXBTCD-25MAY2223-T111249.99,DELTA,61,100,64,1000,1068,no,15,2000
2025-05-22T19:03:22.347455,KXBTCD-25MAY2223-T111249.99,DELTA,59,1100,64,1000,1069,yes,61,-100
2025-05-22T19:03:22.367566,KXBTCD-25MAY2223-T111249.99,DELTA,59,1100,64,1000,1070,no,34,-150
2025-05-22T19:03:22.386955,KXBTCD-25MAY2223-T111249.99,DELTA,61,200,64,1000,1071,yes,61,200
2025-05-22T19:03:22.406661,KXBTCD-25MAY2223-T111249.99,DELTA,61,200,64,1000,1072,no,34,50
2025-05-22T19:03:22.425876,KXBTCD-25MAY2223-T111249.99,DELTA,61,200,64,1000,1073,no,34,-50
2025-05-22T19:03:22.446211,KXBTCD-25MAY2223-T111249.99,DELTA,61,200,64,1000,1074,no,33,250
2025-05-22T19:03:22.446316,KXBTCD-25MAY2223-T111249.99,DELTA,61,200,64,1000,1075,yes,56,-9
2025-05-22T19:03:22.527027,KXBTCD-25MAY2223-T111249.99,DELTA,61,200,64,1000,1076,no,15,-2000
2025-05-22T19:03:22.566611,KXBTCD-25MAY2223-T111249.99,DELTA,61,200,64,1000,1077,no,33,2000
2025-05-22T19:03:23.187398,KXBTCD-25MAY2223-T111249.99,DELTA,61,200,65,44,1078,no,36,-1000
2025-05-22T19:03:23.227491,KXBTCD-25MAY2223-T111249.99,DELTA,61,200,65,1044,1079,no,35,1000
2025-05-22T19:03:26.168190,KXBTCD-25MAY2223-T111249.99,DELTA,61,200,65,1044,1080,no,33,-2000
2025-05-22T19:03:26.186648,KXBTCD-25MAY2223-T111249.99,DELTA,61,200,65,1044,1081,yes,59,-1000
2025-05-22T19:03:26.207156,KXBTCD-25MAY2223-T111249.99,DELTA,61,200,65,1044,1082,no,15,2000
2025-05-22T19:03:26.208001,KXBTCD-25MAY2223-T111249.99,DELTA,61,200,65,44,1083,no,35,-1000
2025-05-22T19:03:26.226180,KXBTCD-25MAY2223-T111249.99,DELTA,61,200,65,44,1084,yes,60,1000
2025-05-22T19:03:26.246878,KXBTCD-25MAY2223-T111249.99,DELTA,61,200,65,44,1085,no,34,1000
2025-05-22T19:03:26.867604,KXBTCD-25MAY2223-T111249.99,DELTA,61,200,65,44,1086,yes,60,-1000
2025-05-22T19:03:26.868948,KXBTCD-25MAY2223-T111249.99,DELTA,61,200,65,44,1087,no,34,-1000
2025-05-22T19:03:26.907992,KXBTCD-25MAY2223-T111249.99,DELTA,61,200,65,1044,1088,no,35,1000
