timestamp,market_ticker,type,yes_bid_price_cents,yes_bid_qty,yes_ask_price_cents,yes_ask_qty_on_no_side,sequence_num,delta_side,delta_price_cents,delta_quantity
2025-05-22T15:01:18.243498,KXBTCD-25MAY2219-T110499.99,SNAPSHOT,86,1100,93,1000,1,,,
2025-05-22T15:01:20.366287,KXBTCD-25MAY2219-T110499.99,DELTA,86,1000,93,1000,2,yes,86,-100
2025-05-22T15:01:20.444214,KXBTCD-25MAY2219-T110499.99,DELTA,85,14,93,1000,3,yes,86,-1000
2025-05-22T15:01:20.481923,KXBTCD-25MAY2219-T110499.99,DELTA,85,1014,93,1000,4,yes,85,1000
2025-05-22T15:01:21.322366,KXBTCD-25MAY2219-T110499.99,DELTA,87,100,93,1000,5,yes,87,100
2025-05-22T15:01:21.503741,KXBTCD-25MAY2219-T110499.99,DELTA,87,100,93,1000,6,yes,6,-5400
2025-05-22T15:01:21.504435,KXBTCD-25MAY2219-T110499.99,DELTA,87,100,93,1000,7,yes,8,4050
2025-05-22T15:01:21.562528,KXBTCD-25MAY2219-T110499.99,DELTA,87,100,93,1000,8,yes,7,-20000
2025-05-22T15:01:21.602768,KXBTCD-25MAY2219-T110499.99,DELTA,87,100,93,1000,9,yes,9,20000
2025-05-22T15:01:23.728383,KXBTCD-25MAY2219-T110499.99,DELTA,87,100,93,1000,10,yes,8,-4050
2025-05-22T15:01:23.729096,KXBTCD-25MAY2219-T110499.99,DELTA,87,100,93,1000,11,yes,10,3240
2025-05-22T15:01:23.863548,KXBTCD-25MAY2219-T110499.99,DELTA,87,100,93,1000,12,yes,9,-20000
2025-05-22T15:01:23.903558,KXBTCD-25MAY2219-T110499.99,DELTA,87,100,93,1000,13,yes,11,20000
2025-05-22T15:01:24.982974,KXBTCD-25MAY2219-T110499.99,DELTA,87,100,93,1000,14,yes,10,-3240
2025-05-22T15:01:24.983250,KXBTCD-25MAY2219-T110499.99,DELTA,87,100,93,1000,15,yes,12,2700
2025-05-22T15:01:25.044773,KXBTCD-25MAY2219-T110499.99,DELTA,87,100,93,1000,16,yes,11,-20000
2025-05-22T15:01:25.081992,KXBTCD-25MAY2219-T110499.99,DELTA,87,100,93,1000,17,yes,5,20000
2025-05-22T15:01:26.442892,KXBTCD-25MAY2219-T110499.99,DELTA,87,100,93,1000,18,yes,12,-2700
2025-05-22T15:01:26.443872,KXBTCD-25MAY2219-T110499.99,DELTA,87,100,93,1000,19,yes,6,5400
2025-05-22T15:01:26.502864,KXBTCD-25MAY2219-T110499.99,DELTA,87,100,93,1000,20,yes,5,-20000
2025-05-22T15:01:26.542836,KXBTCD-25MAY2219-T110499.99,DELTA,87,100,93,1000,21,yes,7,20000
2025-05-22T15:01:27.736317,KXBTCD-25MAY2219-T110499.99,DELTA,87,100,93,1000,22,yes,6,-5400
2025-05-22T15:01:27.736469,KXBTCD-25MAY2219-T110499.99,DELTA,87,100,93,1000,23,yes,8,4050
2025-05-22T15:01:27.843361,KXBTCD-25MAY2219-T110499.99,DELTA,87,100,93,1000,24,yes,7,-20000
2025-05-22T15:01:27.881223,KXBTCD-25MAY2219-T110499.99,DELTA,87,100,93,1000,25,yes,9,20000
2025-05-22T15:01:28.221996,KXBTCD-25MAY2219-T110499.99,DELTA,87,100,93,1000,26,yes,85,-1000
2025-05-22T15:01:28.264336,KXBTCD-25MAY2219-T110499.99,DELTA,87,1100,93,1000,27,yes,87,1000
2025-05-22T15:01:29.104282,KXBTCD-25MAY2219-T110499.99,DELTA,87,1100,93,1000,28,yes,8,-4050
2025-05-22T15:01:29.104644,KXBTCD-25MAY2219-T110499.99,DELTA,87,1100,93,1000,29,yes,10,3240
2025-05-22T15:01:29.162777,KXBTCD-25MAY2219-T110499.99,DELTA,87,1100,93,1000,30,yes,9,-20000
2025-05-22T15:01:29.204443,KXBTCD-25MAY2219-T110499.99,DELTA,87,1100,93,1000,31,yes,11,20000
2025-05-22T15:01:33.301392,KXBTCD-25MAY2219-T110499.99,DELTA,87,1100,93,1000,32,yes,10,-3240
2025-05-22T15:01:33.301653,KXBTCD-25MAY2219-T110499.99,DELTA,87,1100,93,1000,33,yes,12,2700
2025-05-22T15:01:33.363615,KXBTCD-25MAY2219-T110499.99,DELTA,87,1100,93,1000,34,yes,11,-20000
2025-05-22T15:01:33.421655,KXBTCD-25MAY2219-T110499.99,DELTA,87,1100,93,1000,35,yes,5,20000
2025-05-22T15:01:35.841547,KXBTCD-25MAY2219-T110499.99,DELTA,87,1100,93,1000,36,yes,12,-2700
2025-05-22T15:01:35.842011,KXBTCD-25MAY2219-T110499.99,DELTA,87,1100,93,1000,37,yes,6,5400
2025-05-22T15:01:35.902326,KXBTCD-25MAY2219-T110499.99,DELTA,87,1100,93,1000,38,yes,5,-20000
2025-05-22T15:01:35.967861,KXBTCD-25MAY2219-T110499.99,DELTA,87,1100,93,1000,39,yes,7,20000
2025-05-22T15:01:37.222994,KXBTCD-25MAY2219-T110499.99,DELTA,87,1100,93,1000,40,yes,6,-5400
2025-05-22T15:01:37.223116,KXBTCD-25MAY2219-T110499.99,DELTA,87,1100,93,1000,41,yes,8,4050
2025-05-22T15:01:37.302231,KXBTCD-25MAY2219-T110499.99,DELTA,87,1100,93,1000,42,yes,7,-20000
2025-05-22T15:01:37.342047,KXBTCD-25MAY2219-T110499.99,DELTA,87,1100,93,1000,43,yes,9,20000
2025-05-22T15:01:37.362464,KXBTCD-25MAY2219-T110499.99,DELTA,87,1100,93,1000,44,no,6,-100
2025-05-22T15:01:37.362591,KXBTCD-25MAY2219-T110499.99,DELTA,87,1000,93,1000,45,yes,87,-100
2025-05-22T15:01:37.422549,KXBTCD-25MAY2219-T110499.99,DELTA,85,14,93,1000,46,yes,87,-1000
2025-05-22T15:01:37.442022,KXBTCD-25MAY2219-T110499.99,DELTA,85,14,94,14,47,no,7,-1000
2025-05-22T15:01:37.482419,KXBTCD-25MAY2219-T110499.99,DELTA,85,14,94,1014,48,no,6,1000
2025-05-22T15:01:37.483150,KXBTCD-25MAY2219-T110499.99,DELTA,85,1014,94,1014,49,yes,85,1000
2025-05-22T15:01:38.162322,KXBTCD-25MAY2219-T110499.99,DELTA,85,1014,94,1014,50,no,5,100
2025-05-22T15:01:38.182753,KXBTCD-25MAY2219-T110499.99,DELTA,87,100,94,1014,51,yes,87,100
2025-05-22T15:01:38.261808,KXBTCD-25MAY2219-T110499.99,DELTA,87,100,94,1014,52,yes,85,-1000
2025-05-22T15:01:38.303110,KXBTCD-25MAY2219-T110499.99,DELTA,87,1100,94,1014,53,yes,87,1000
2025-05-22T15:01:38.543221,KXBTCD-25MAY2219-T110499.99,DELTA,87,1100,94,1014,54,yes,8,-4050
2025-05-22T15:01:38.543719,KXBTCD-25MAY2219-T110499.99,DELTA,87,1100,94,1014,55,yes,40,810
2025-05-22T15:01:38.601116,KXBTCD-25MAY2219-T110499.99,DELTA,87,1100,94,1014,56,yes,9,-20000
2025-05-22T15:01:38.642215,KXBTCD-25MAY2219-T110499.99,DELTA,87,1100,94,1014,57,yes,5,20000
2025-05-22T15:01:39.322221,KXBTCD-25MAY2219-T110499.99,DELTA,91,350,94,1014,58,yes,91,350
2025-05-22T15:01:39.322601,KXBTCD-25MAY2219-T110499.99,DELTA,91,350,94,1014,59,no,4,500
2025-05-22T15:01:39.622299,KXBTCD-25MAY2219-T110499.99,DELTA,91,350,94,1014,60,no,5,1250
2025-05-22T15:01:39.622709,KXBTCD-25MAY2219-T110499.99,DELTA,91,350,94,1014,61,no,5,2000
2025-05-22T15:01:41.262916,KXBTCD-25MAY2219-T110499.99,DELTA,91,350,94,1014,62,yes,87,-100
2025-05-22T15:01:41.322355,KXBTCD-25MAY2219-T110499.99,DELTA,91,350,94,1014,63,yes,87,-1000
2025-05-22T15:01:41.381769,KXBTCD-25MAY2219-T110499.99,DELTA,91,350,94,1014,64,yes,85,1000
2025-05-22T15:01:41.966534,KXBTCD-25MAY2219-T110499.99,DELTA,91,350,94,1014,65,yes,88,100
2025-05-22T15:01:44.502593,KXBTCD-25MAY2219-T110499.99,DELTA,88,100,94,1014,66,yes,91,-350
2025-05-22T15:01:44.582366,KXBTCD-25MAY2219-T110499.99,DELTA,90,500,94,1014,67,yes,90,500
2025-05-22T15:01:44.682104,KXBTCD-25MAY2219-T110499.99,DELTA,88,100,94,1014,68,yes,90,-500
2025-05-22T15:01:44.702034,KXBTCD-25MAY2219-T110499.99,DELTA,88,100,94,1014,69,no,4,-500
2025-05-22T15:01:44.804164,KXBTCD-25MAY2219-T110499.99,DELTA,88,100,94,1014,70,no,5,-2000
2025-05-22T15:01:44.805503,KXBTCD-25MAY2219-T110499.99,DELTA,88,100,94,1014,71,no,5,-1250
2025-05-22T15:01:44.842741,KXBTCD-25MAY2219-T110499.99,DELTA,89,150,94,1014,72,yes,89,150
2025-05-22T15:01:44.863179,KXBTCD-25MAY2219-T110499.99,DELTA,89,150,94,1514,73,no,6,500
2025-05-22T15:01:44.961578,KXBTCD-25MAY2219-T110499.99,DELTA,89,150,94,514,74,no,6,-1000
2025-05-22T15:01:44.962254,KXBTCD-25MAY2219-T110499.99,DELTA,89,150,93,1250,75,no,7,1250
2025-05-22T15:01:44.962511,KXBTCD-25MAY2219-T110499.99,DELTA,89,150,93,1250,76,no,6,2000
2025-05-22T15:01:44.982184,KXBTCD-25MAY2219-T110499.99,DELTA,88,100,93,1250,77,yes,89,-150
2025-05-22T15:01:45.023634,KXBTCD-25MAY2219-T110499.99,DELTA,88,600,93,1250,78,yes,88,500
2025-05-22T15:01:45.023916,KXBTCD-25MAY2219-T110499.99,DELTA,88,600,93,2250,79,no,7,1000
2025-05-22T15:01:46.314011,KXBTCD-25MAY2219-T110499.99,DELTA,88,600,93,2250,80,no,6,-2000
2025-05-22T15:01:46.322738,KXBTCD-25MAY2219-T110499.99,DELTA,88,500,93,2250,81,yes,88,-100
2025-05-22T15:01:46.343491,KXBTCD-25MAY2219-T110499.99,DELTA,88,500,93,4250,82,no,7,2000
2025-05-22T15:01:46.343654,KXBTCD-25MAY2219-T110499.99,DELTA,88,500,93,4250,83,yes,85,-14
2025-05-22T15:01:46.343766,KXBTCD-25MAY2219-T110499.99,DELTA,88,500,93,4250,84,yes,84,14
2025-05-22T15:01:46.343867,KXBTCD-25MAY2219-T110499.99,DELTA,88,500,93,4250,85,yes,83,30
2025-05-22T15:01:46.343961,KXBTCD-25MAY2219-T110499.99,DELTA,88,500,93,4250,86,yes,84,-30
2025-05-22T15:01:46.344061,KXBTCD-25MAY2219-T110499.99,DELTA,88,500,93,4250,87,no,5,-30
2025-05-22T15:01:46.344149,KXBTCD-25MAY2219-T110499.99,DELTA,88,500,93,4250,88,no,6,30
2025-05-22T15:01:46.344299,KXBTCD-25MAY2219-T110499.99,DELTA,88,500,93,4264,89,no,7,14
2025-05-22T15:01:46.344385,KXBTCD-25MAY2219-T110499.99,DELTA,88,500,93,4264,90,no,6,-14
2025-05-22T15:01:46.583228,KXBTCD-25MAY2219-T110499.99,DELTA,88,500,93,4264,91,yes,85,-1000
2025-05-22T15:01:46.782718,KXBTCD-25MAY2219-T110499.99,DELTA,88,500,93,4264,92,yes,84,1000
2025-05-22T15:01:47.082150,KXBTCD-25MAY2219-T110499.99,DELTA,88,500,93,4264,93,no,5,-100
2025-05-22T15:01:47.682664,KXBTCD-25MAY2219-T110499.99,DELTA,88,500,93,4264,94,yes,85,100
2025-05-22T15:01:47.883030,KXBTCD-25MAY2219-T110499.99,DELTA,85,100,93,4264,95,yes,88,-500
2025-05-22T15:01:47.982032,KXBTCD-25MAY2219-T110499.99,DELTA,85,100,93,4264,96,yes,84,-1000
2025-05-22T15:01:48.003225,KXBTCD-25MAY2219-T110499.99,DELTA,85,100,93,4264,97,no,6,-500
2025-05-22T15:01:48.229194,KXBTCD-25MAY2219-T110499.99,DELTA,85,100,93,4264,98,yes,83,1000
2025-05-22T15:01:48.229489,KXBTCD-25MAY2219-T110499.99,DELTA,85,100,93,2264,99,no,7,-2000
2025-05-22T15:01:48.283030,KXBTCD-25MAY2219-T110499.99,DELTA,85,100,93,1014,100,no,7,-1250
2025-05-22T15:01:48.503790,KXBTCD-25MAY2219-T110499.99,DELTA,85,100,93,1014,101,yes,82,14
2025-05-22T15:01:48.503915,KXBTCD-25MAY2219-T110499.99,DELTA,85,100,93,1014,102,yes,84,-14
2025-05-22T15:01:48.503998,KXBTCD-25MAY2219-T110499.99,DELTA,85,100,93,1014,103,yes,83,-30
2025-05-22T15:01:48.702365,KXBTCD-25MAY2219-T110499.99,DELTA,85,100,93,1014,104,yes,83,-1000
2025-05-22T15:01:48.702752,KXBTCD-25MAY2219-T110499.99,DELTA,85,100,91,14,105,no,9,14
2025-05-22T15:01:48.702883,KXBTCD-25MAY2219-T110499.99,DELTA,85,100,91,14,106,no,8,100
2025-05-22T15:01:48.702982,KXBTCD-25MAY2219-T110499.99,DELTA,85,100,91,14,107,no,6,-30
2025-05-22T15:01:48.703078,KXBTCD-25MAY2219-T110499.99,DELTA,85,100,91,14,108,no,7,-14
2025-05-22T15:01:48.782929,KXBTCD-25MAY2219-T110499.99,DELTA,85,100,91,14,109,yes,81,30
2025-05-22T15:01:48.801476,KXBTCD-25MAY2219-T110499.99,DELTA,85,100,91,14,110,yes,51,1000
2025-05-22T15:01:48.801732,KXBTCD-25MAY2219-T110499.99,DELTA,85,100,91,14,111,no,7,-1000
2025-05-22T15:01:48.802195,KXBTCD-25MAY2219-T110499.99,DELTA,85,100,91,14,112,no,8,30
2025-05-22T15:01:48.881698,KXBTCD-25MAY2219-T110499.99,DELTA,85,100,91,14,113,yes,70,9
2025-05-22T15:01:48.904420,KXBTCD-25MAY2219-T110499.99,DELTA,85,100,91,14,114,yes,51,-1000
2025-05-22T15:01:48.904511,KXBTCD-25MAY2219-T110499.99,DELTA,85,100,91,1014,115,no,9,1000
2025-05-22T15:01:49.082510,KXBTCD-25MAY2219-T110499.99,DELTA,85,100,91,1014,116,yes,82,1000
2025-05-22T15:01:49.102271,KXBTCD-25MAY2219-T110499.99,DELTA,85,100,91,1014,117,no,8,-100
2025-05-22T15:01:49.202282,KXBTCD-25MAY2219-T110499.99,DELTA,82,1014,91,1014,118,yes,85,-100
2025-05-22T15:01:49.382852,KXBTCD-25MAY2219-T110499.99,DELTA,84,350,91,1014,119,yes,84,350
2025-05-22T15:01:49.501786,KXBTCD-25MAY2219-T110499.99,DELTA,84,350,89,50,120,no,11,50
2025-05-22T15:01:49.682439,KXBTCD-25MAY2219-T110499.99,DELTA,84,350,89,50,121,yes,82,-1000
2025-05-22T15:01:49.682904,KXBTCD-25MAY2219-T110499.99,DELTA,84,350,89,50,122,no,1,3000
2025-05-22T15:01:49.781539,KXBTCD-25MAY2219-T110499.99,DELTA,84,350,89,50,123,yes,70,-9
2025-05-22T15:01:49.781873,KXBTCD-25MAY2219-T110499.99,DELTA,84,350,89,50,124,yes,69,-3000
2025-05-22T15:01:49.881020,KXBTCD-25MAY2219-T110499.99,DELTA,84,350,89,50,125,no,9,-1000
2025-05-22T15:01:49.881727,KXBTCD-25MAY2219-T110499.99,DELTA,84,350,89,50,126,yes,67,3000
2025-05-22T15:01:49.902357,KXBTCD-25MAY2219-T110499.99,DELTA,84,350,89,50,127,yes,81,1000
2025-05-22T15:01:50.102772,KXBTCD-25MAY2219-T110499.99,DELTA,84,350,88,1000,128,no,12,1000
2025-05-22T15:01:50.102933,KXBTCD-25MAY2219-T110499.99,DELTA,84,350,88,1000,129,yes,80,30
2025-05-22T15:01:50.103003,KXBTCD-25MAY2219-T110499.99,DELTA,84,350,88,1000,130,yes,82,-14
2025-05-22T15:01:50.103064,KXBTCD-25MAY2219-T110499.99,DELTA,84,350,88,1000,131,yes,81,14
2025-05-22T15:01:50.103124,KXBTCD-25MAY2219-T110499.99,DELTA,84,350,88,1000,132,yes,81,-30
2025-05-22T15:01:50.202400,KXBTCD-25MAY2219-T110499.99,DELTA,84,350,88,1000,133,no,10,14
2025-05-22T15:01:50.202566,KXBTCD-25MAY2219-T110499.99,DELTA,84,350,88,1000,134,no,8,-30
2025-05-22T15:01:50.202648,KXBTCD-25MAY2219-T110499.99,DELTA,84,350,88,1000,135,no,9,-14
2025-05-22T15:01:50.306629,KXBTCD-25MAY2219-T110499.99,DELTA,84,350,88,1000,136,no,9,30
2025-05-22T15:01:50.402235,KXBTCD-25MAY2219-T110499.99,DELTA,84,350,88,1000,137,yes,81,-1000
2025-05-22T15:01:50.618211,KXBTCD-25MAY2219-T110499.99,DELTA,84,350,88,1000,138,yes,81,1000
2025-05-22T15:01:50.618363,KXBTCD-25MAY2219-T110499.99,DELTA,81,1014,88,1000,139,yes,84,-350
2025-05-22T15:01:50.782948,KXBTCD-25MAY2219-T110499.99,DELTA,81,1014,88,1000,140,no,11,-50
2025-05-22T15:01:51.009060,KXBTCD-25MAY2219-T110499.99,DELTA,81,1014,90,14,141,no,12,-1000
2025-05-22T15:01:51.183541,KXBTCD-25MAY2219-T110499.99,DELTA,81,1014,90,1014,142,no,10,1000
2025-05-22T15:01:51.184342,KXBTCD-25MAY2219-T110499.99,DELTA,81,1014,90,1014,143,yes,40,-810
2025-05-22T15:01:51.184853,KXBTCD-25MAY2219-T110499.99,DELTA,81,1014,90,1014,144,yes,6,5400
2025-05-22T15:01:51.384313,KXBTCD-25MAY2219-T110499.99,DELTA,81,1014,90,1014,145,yes,79,100
2025-05-22T15:01:51.384701,KXBTCD-25MAY2219-T110499.99,DELTA,81,1014,90,1014,146,yes,5,-20000
2025-05-22T15:01:51.503475,KXBTCD-25MAY2219-T110499.99,DELTA,81,1014,87,100,147,no,13,100
2025-05-22T15:01:51.583003,KXBTCD-25MAY2219-T110499.99,DELTA,81,1014,87,100,148,yes,7,20000
2025-05-22T15:01:51.682164,KXBTCD-25MAY2219-T110499.99,DELTA,81,1014,87,100,149,no,10,-1000
2025-05-22T15:01:51.722987,KXBTCD-25MAY2219-T110499.99,DELTA,81,1414,87,100,150,yes,81,400
2025-05-22T15:01:51.723151,KXBTCD-25MAY2219-T110499.99,DELTA,81,1414,87,550,151,no,13,450
2025-05-22T15:01:51.783147,KXBTCD-25MAY2219-T110499.99,DELTA,81,1414,86,1000,152,no,14,1000
2025-05-22T15:01:52.102950,KXBTCD-25MAY2219-T110499.99,DELTA,81,1414,86,1000,153,no,13,-100
2025-05-22T15:01:52.822917,KXBTCD-25MAY2219-T110499.99,DELTA,81,1414,86,1000,154,yes,6,-5400
2025-05-22T15:01:52.823764,KXBTCD-25MAY2219-T110499.99,DELTA,81,1414,86,1000,155,yes,8,4050
2025-05-22T15:01:52.883297,KXBTCD-25MAY2219-T110499.99,DELTA,81,1414,86,1000,156,yes,7,-20000
2025-05-22T15:01:52.943133,KXBTCD-25MAY2219-T110499.99,DELTA,81,1414,86,1000,157,yes,9,20000
2025-05-22T15:01:53.863497,KXBTCD-25MAY2219-T110499.99,DELTA,81,1414,86,1100,158,no,14,100
2025-05-22T15:01:53.983955,KXBTCD-25MAY2219-T110499.99,DELTA,81,414,86,1100,159,yes,81,-1000
2025-05-22T15:01:54.010104,KXBTCD-25MAY2219-T110499.99,DELTA,81,414,86,1100,160,no,13,-450
2025-05-22T15:01:54.013813,KXBTCD-25MAY2219-T110499.99,DELTA,81,414,86,100,161,no,14,-1000
2025-05-22T15:01:54.021058,KXBTCD-25MAY2219-T110499.99,DELTA,81,414,86,100,162,no,1,-3000
2025-05-22T15:01:54.062996,KXBTCD-25MAY2219-T110499.99,DELTA,81,414,86,100,163,no,12,450
2025-05-22T15:01:54.083116,KXBTCD-25MAY2219-T110499.99,DELTA,81,414,86,100,164,no,13,1000
2025-05-22T15:01:54.084020,KXBTCD-25MAY2219-T110499.99,DELTA,82,1000,86,100,165,yes,82,1000
2025-05-22T15:01:54.122681,KXBTCD-25MAY2219-T110499.99,DELTA,82,1000,86,100,166,no,13,-1000
2025-05-22T15:01:54.145152,KXBTCD-25MAY2219-T110499.99,DELTA,82,1000,86,100,167,yes,8,-4050
2025-05-22T15:01:54.145821,KXBTCD-25MAY2219-T110499.99,DELTA,82,1000,86,100,168,yes,10,3240
2025-05-22T15:01:54.163925,KXBTCD-25MAY2219-T110499.99,DELTA,82,1000,86,100,169,no,13,1000
2025-05-22T15:01:54.223254,KXBTCD-25MAY2219-T110499.99,DELTA,82,1000,86,100,170,yes,9,-20000
2025-05-22T15:01:54.283389,KXBTCD-25MAY2219-T110499.99,DELTA,82,1000,86,100,171,yes,11,20000
2025-05-22T15:01:55.482886,KXBTCD-25MAY2219-T110499.99,DELTA,82,1000,86,100,172,yes,79,-100
2025-05-22T15:01:55.483950,KXBTCD-25MAY2219-T110499.99,DELTA,82,1000,87,1000,173,no,14,-100
2025-05-22T15:01:56.145710,KXBTCD-25MAY2219-T110499.99,DELTA,82,1000,87,1000,174,yes,81,-400
2025-05-22T15:01:56.165832,KXBTCD-25MAY2219-T110499.99,DELTA,83,50,87,1000,175,yes,83,50
2025-05-22T15:01:56.203887,KXBTCD-25MAY2219-T110499.99,DELTA,83,50,87,1000,176,yes,82,-1000
2025-05-22T15:01:56.243622,KXBTCD-25MAY2219-T110499.99,DELTA,83,50,87,1000,177,yes,81,1000
2025-05-22T15:01:57.182363,KXBTCD-25MAY2219-T110499.99,DELTA,83,50,87,1000,178,yes,76,100
2025-05-22T15:01:57.202920,KXBTCD-25MAY2219-T110499.99,DELTA,83,50,85,100,179,no,15,100
2025-05-22T15:01:57.622572,KXBTCD-25MAY2219-T110499.99,DELTA,83,50,85,100,180,yes,76,-100
2025-05-22T15:01:58.182758,KXBTCD-25MAY2219-T110499.99,DELTA,83,50,85,100,181,yes,10,-3240
2025-05-22T15:01:58.182937,KXBTCD-25MAY2219-T110499.99,DELTA,83,50,85,100,182,yes,12,2700
2025-05-22T15:01:58.242189,KXBTCD-25MAY2219-T110499.99,DELTA,83,50,85,100,183,yes,11,-20000
2025-05-22T15:01:58.303374,KXBTCD-25MAY2219-T110499.99,DELTA,83,50,85,100,184,yes,5,20000
2025-05-22T15:01:58.883290,KXBTCD-25MAY2219-T110499.99,DELTA,83,50,85,100,185,yes,78,100
2025-05-22T15:01:59.482593,KXBTCD-25MAY2219-T110499.99,DELTA,81,1014,85,100,186,yes,83,-50
2025-05-22T15:01:59.521752,KXBTCD-25MAY2219-T110499.99,DELTA,83,150,85,100,187,yes,83,150
2025-05-22T15:02:00.084318,KXBTCD-25MAY2219-T110499.99,DELTA,83,150,87,1000,188,no,15,-100
2025-05-22T15:02:00.102040,KXBTCD-25MAY2219-T110499.99,DELTA,83,150,87,1000,189,yes,78,-100
2025-05-22T15:02:00.423198,KXBTCD-25MAY2219-T110499.99,DELTA,83,150,87,1000,190,yes,12,-2700
2025-05-22T15:02:00.424195,KXBTCD-25MAY2219-T110499.99,DELTA,83,150,87,1000,191,yes,6,5400
2025-05-22T15:02:00.482390,KXBTCD-25MAY2219-T110499.99,DELTA,83,150,87,1000,192,yes,5,-20000
2025-05-22T15:02:00.524367,KXBTCD-25MAY2219-T110499.99,DELTA,83,150,87,1000,193,yes,7,20000
2025-05-22T15:02:01.266652,KXBTCD-25MAY2219-T110499.99,DELTA,81,1014,87,1000,194,yes,83,-150
2025-05-22T15:02:01.266905,KXBTCD-25MAY2219-T110499.99,DELTA,81,1014,87,1000,195,no,12,-450
2025-05-22T15:02:01.341814,KXBTCD-25MAY2219-T110499.99,DELTA,81,1014,90,14,196,no,13,-1000
2025-05-22T15:02:01.341976,KXBTCD-25MAY2219-T110499.99,DELTA,83,450,90,14,197,yes,83,450
2025-05-22T15:02:01.342070,KXBTCD-25MAY2219-T110499.99,DELTA,83,450,89,500,198,no,11,500
2025-05-22T15:02:01.389404,KXBTCD-25MAY2219-T110499.99,DELTA,83,450,89,500,199,no,10,1000
2025-05-22T15:02:01.422515,KXBTCD-25MAY2219-T110499.99,DELTA,83,450,89,500,200,no,10,-1000
2025-05-22T15:02:01.502063,KXBTCD-25MAY2219-T110499.99,DELTA,83,450,88,1000,201,no,12,1000
2025-05-22T15:02:01.662892,KXBTCD-25MAY2219-T110499.99,DELTA,83,450,88,1000,202,yes,81,-1000
2025-05-22T15:02:01.723170,KXBTCD-25MAY2219-T110499.99,DELTA,83,1450,88,1000,203,yes,83,1000
2025-05-22T15:02:01.723349,KXBTCD-25MAY2219-T110499.99,DELTA,83,1450,88,1000,204,yes,6,-5400
2025-05-22T15:02:01.723433,KXBTCD-25MAY2219-T110499.99,DELTA,83,1450,88,1000,205,yes,8,4050
2025-05-22T15:02:01.782818,KXBTCD-25MAY2219-T110499.99,DELTA,83,1450,88,1000,206,yes,7,-20000
2025-05-22T15:02:01.822452,KXBTCD-25MAY2219-T110499.99,DELTA,83,1450,88,1000,207,yes,9,20000
2025-05-22T15:02:02.182601,KXBTCD-25MAY2219-T110499.99,DELTA,83,1450,88,1100,208,no,12,100
2025-05-22T15:02:02.182748,KXBTCD-25MAY2219-T110499.99,DELTA,83,1450,88,1100,209,yes,80,100
2025-05-22T15:02:02.542878,KXBTCD-25MAY2219-T110499.99,DELTA,83,1450,88,1100,210,yes,80,-100
2025-05-22T15:02:03.062097,KXBTCD-25MAY2219-T110499.99,DELTA,83,1450,88,1100,211,yes,8,-4050
2025-05-22T15:02:03.062717,KXBTCD-25MAY2219-T110499.99,DELTA,83,1450,88,1100,212,yes,10,3240
2025-05-22T15:02:03.123405,KXBTCD-25MAY2219-T110499.99,DELTA,83,1450,88,1100,213,yes,9,-20000
2025-05-22T15:02:03.163157,KXBTCD-25MAY2219-T110499.99,DELTA,83,1450,88,1100,214,yes,11,20000
2025-05-22T15:02:03.844877,KXBTCD-25MAY2219-T110499.99,DELTA,83,1450,88,1100,215,yes,81,100
2025-05-22T15:02:04.363987,KXBTCD-25MAY2219-T110499.99,DELTA,83,1450,88,1100,216,yes,10,-3240
2025-05-22T15:02:04.364792,KXBTCD-25MAY2219-T110499.99,DELTA,83,1450,88,1100,217,yes,12,2700
2025-05-22T15:02:04.423164,KXBTCD-25MAY2219-T110499.99,DELTA,83,1450,88,1100,218,yes,11,-20000
2025-05-22T15:02:04.462922,KXBTCD-25MAY2219-T110499.99,DELTA,83,1450,88,1100,219,yes,5,20000
2025-05-22T15:02:05.782883,KXBTCD-25MAY2219-T110499.99,DELTA,83,1450,88,1100,220,yes,12,-2700
2025-05-22T15:02:05.783306,KXBTCD-25MAY2219-T110499.99,DELTA,83,1450,88,1100,221,yes,6,5400
2025-05-22T15:02:05.841270,KXBTCD-25MAY2219-T110499.99,DELTA,83,1450,88,1100,222,yes,5,-20000
2025-05-22T15:02:05.882924,KXBTCD-25MAY2219-T110499.99,DELTA,83,1450,88,1100,223,yes,7,20000
2025-05-22T15:02:09.721961,KXBTCD-25MAY2219-T110499.99,DELTA,83,1450,88,1100,224,yes,6,-5400
2025-05-22T15:02:09.722534,KXBTCD-25MAY2219-T110499.99,DELTA,83,1450,88,1100,225,yes,8,4050
2025-05-22T15:02:09.782311,KXBTCD-25MAY2219-T110499.99,DELTA,83,1450,88,1100,226,yes,7,-20000
2025-05-22T15:02:09.822932,KXBTCD-25MAY2219-T110499.99,DELTA,83,1450,88,1100,227,yes,9,20000
2025-05-22T15:02:10.184464,KXBTCD-25MAY2219-T110499.99,DELTA,83,1450,88,1100,228,no,11,-500
2025-05-22T15:02:10.223909,KXBTCD-25MAY2219-T110499.99,DELTA,83,1450,88,1100,229,no,10,500
2025-05-22T15:02:10.282399,KXBTCD-25MAY2219-T110499.99,DELTA,83,1450,88,1100,230,no,10,1250
2025-05-22T15:02:11.283244,KXBTCD-25MAY2219-T110499.99,DELTA,83,1000,88,1100,231,yes,83,-450
2025-05-22T15:02:11.323591,KXBTCD-25MAY2219-T110499.99,DELTA,85,50,88,1100,232,yes,85,50
2025-05-22T15:02:11.344520,KXBTCD-25MAY2219-T110499.99,DELTA,85,50,88,1100,233,yes,83,-1000
2025-05-22T15:02:11.383884,KXBTCD-25MAY2219-T110499.99,DELTA,85,50,88,1100,234,yes,82,1000
2025-05-22T15:02:11.742914,KXBTCD-25MAY2219-T110499.99,DELTA,82,1000,88,1100,235,yes,85,-50
2025-05-22T15:02:11.842565,KXBTCD-25MAY2219-T110499.99,DELTA,85,200,88,1100,236,yes,85,200
2025-05-22T15:02:11.922302,KXBTCD-25MAY2219-T110499.99,DELTA,85,200,88,100,237,no,12,-1000
2025-05-22T15:02:11.942405,KXBTCD-25MAY2219-T110499.99,DELTA,85,200,88,100,238,no,10,-1250
2025-05-22T15:02:11.982647,KXBTCD-25MAY2219-T110499.99,DELTA,85,200,88,100,239,no,11,1000
2025-05-22T15:02:12.023631,KXBTCD-25MAY2219-T110499.99,DELTA,85,200,88,100,240,yes,8,-4050
2025-05-22T15:02:12.023819,KXBTCD-25MAY2219-T110499.99,DELTA,85,200,88,100,241,yes,10,3240
2025-05-22T15:02:12.083446,KXBTCD-25MAY2219-T110499.99,DELTA,85,200,88,100,242,yes,9,-20000
2025-05-22T15:02:12.122297,KXBTCD-25MAY2219-T110499.99,DELTA,85,200,88,100,243,yes,11,20000
2025-05-22T15:02:12.302377,KXBTCD-25MAY2219-T110499.99,DELTA,82,1000,88,100,244,yes,85,-200
2025-05-22T15:02:12.322491,KXBTCD-25MAY2219-T110499.99,DELTA,82,1000,88,100,245,no,10,-500
2025-05-22T15:02:12.383461,KXBTCD-25MAY2219-T110499.99,DELTA,82,1000,88,100,246,no,11,-1000
2025-05-22T15:02:12.422977,KXBTCD-25MAY2219-T110499.99,DELTA,85,400,88,100,247,yes,85,400
2025-05-22T15:02:12.423148,KXBTCD-25MAY2219-T110499.99,DELTA,85,400,88,100,248,yes,81,30
2025-05-22T15:02:12.423227,KXBTCD-25MAY2219-T110499.99,DELTA,85,400,88,100,249,yes,82,14
2025-05-22T15:02:12.423305,KXBTCD-25MAY2219-T110499.99,DELTA,85,400,88,100,250,yes,80,-30
2025-05-22T15:02:12.423358,KXBTCD-25MAY2219-T110499.99,DELTA,85,400,88,100,251,no,8,30
2025-05-22T15:02:12.423407,KXBTCD-25MAY2219-T110499.99,DELTA,85,400,88,100,252,yes,81,-14
2025-05-22T15:02:12.423455,KXBTCD-25MAY2219-T110499.99,DELTA,85,400,88,100,253,no,10,50
2025-05-22T15:02:12.442390,KXBTCD-25MAY2219-T110499.99,DELTA,85,400,88,100,254,no,9,-30
2025-05-22T15:02:12.442584,KXBTCD-25MAY2219-T110499.99,DELTA,85,400,88,100,255,no,9,14
2025-05-22T15:02:12.442714,KXBTCD-25MAY2219-T110499.99,DELTA,85,400,88,100,256,no,10,-14
2025-05-22T15:02:12.621362,KXBTCD-25MAY2219-T110499.99,DELTA,85,400,88,100,257,no,10,1000
2025-05-22T15:02:12.621560,KXBTCD-25MAY2219-T110499.99,DELTA,85,400,88,100,258,no,10,-50
2025-05-22T15:02:12.682558,KXBTCD-25MAY2219-T110499.99,DELTA,85,400,88,100,259,no,10,-1000
2025-05-22T15:02:12.701864,KXBTCD-25MAY2219-T110499.99,DELTA,85,400,88,100,260,no,9,450
2025-05-22T15:02:12.721556,KXBTCD-25MAY2219-T110499.99,DELTA,85,400,88,100,261,no,9,1000
2025-05-22T15:02:12.763601,KXBTCD-25MAY2219-T110499.99,DELTA,85,400,88,100,262,no,9,-1000
2025-05-22T15:02:12.783412,KXBTCD-25MAY2219-T110499.99,DELTA,85,400,88,100,263,no,9,1250
2025-05-22T15:02:12.822829,KXBTCD-25MAY2219-T110499.99,DELTA,85,400,88,100,264,no,10,1000
2025-05-22T15:02:12.962422,KXBTCD-25MAY2219-T110499.99,DELTA,85,400,88,100,265,yes,82,-1000
2025-05-22T15:02:12.962760,KXBTCD-25MAY2219-T110499.99,DELTA,85,400,88,100,266,no,9,-1250
2025-05-22T15:02:13.002790,KXBTCD-25MAY2219-T110499.99,DELTA,85,400,88,100,267,yes,82,1000
2025-05-22T15:02:13.003079,KXBTCD-25MAY2219-T110499.99,DELTA,85,400,88,100,268,no,9,1250
2025-05-22T15:02:13.403193,KXBTCD-25MAY2219-T110499.99,DELTA,85,400,88,100,269,yes,81,-100
2025-05-22T15:02:13.403424,KXBTCD-25MAY2219-T110499.99,DELTA,85,400,88,100,270,yes,10,-3240
2025-05-22T15:02:13.403541,KXBTCD-25MAY2219-T110499.99,DELTA,85,400,88,100,271,yes,12,2700
2025-05-22T15:02:13.403662,KXBTCD-25MAY2219-T110499.99,DELTA,85,400,90,1000,272,no,12,-100
2025-05-22T15:02:13.482579,KXBTCD-25MAY2219-T110499.99,DELTA,85,400,90,1000,273,yes,11,-20000
2025-05-22T15:02:13.542653,KXBTCD-25MAY2219-T110499.99,DELTA,85,400,90,1000,274,no,9,2000
2025-05-22T15:02:13.542816,KXBTCD-25MAY2219-T110499.99,DELTA,85,400,90,1000,275,no,9,-1250
2025-05-22T15:02:13.582914,KXBTCD-25MAY2219-T110499.99,DELTA,85,400,90,1000,276,yes,5,20000
2025-05-22T15:02:13.601930,KXBTCD-25MAY2219-T110499.99,DELTA,82,1014,90,1000,277,yes,85,-400
2025-05-22T15:02:13.602161,KXBTCD-25MAY2219-T110499.99,DELTA,82,1014,90,1000,278,no,9,-450
2025-05-22T15:02:13.623460,KXBTCD-25MAY2219-T110499.99,DELTA,82,1014,90,2250,279,no,10,1250
2025-05-22T15:02:13.681971,KXBTCD-25MAY2219-T110499.99,DELTA,82,1014,90,2250,280,no,9,-2000
2025-05-22T15:02:13.701890,KXBTCD-25MAY2219-T110499.99,DELTA,82,1014,90,1250,281,no,10,-1000
2025-05-22T15:02:13.702096,KXBTCD-25MAY2219-T110499.99,DELTA,82,1014,91,14,282,no,10,-1250
2025-05-22T15:02:13.722422,KXBTCD-25MAY2219-T110499.99,DELTA,84,100,91,14,283,yes,84,100
2025-05-22T15:02:13.743129,KXBTCD-25MAY2219-T110499.99,DELTA,84,100,89,350,284,no,11,350
2025-05-22T15:02:13.762236,KXBTCD-25MAY2219-T110499.99,DELTA,84,100,89,350,285,no,9,1000
2025-05-22T15:02:13.822946,KXBTCD-25MAY2219-T110499.99,DELTA,84,100,89,350,286,no,9,-1000
2025-05-22T15:02:13.841341,KXBTCD-25MAY2219-T110499.99,DELTA,84,100,89,350,287,no,4,9
2025-05-22T15:02:13.863815,KXBTCD-25MAY2219-T110499.99,DELTA,84,100,88,1000,288,no,12,1000
2025-05-22T15:02:13.961721,KXBTCD-25MAY2219-T110499.99,DELTA,82,1014,88,1000,289,yes,84,-100
2025-05-22T15:02:14.003071,KXBTCD-25MAY2219-T110499.99,DELTA,83,450,88,1000,290,yes,83,450
2025-05-22T15:02:14.082689,KXBTCD-25MAY2219-T110499.99,DELTA,83,450,88,1000,291,yes,82,-1000
2025-05-22T15:02:14.182706,KXBTCD-25MAY2219-T110499.99,DELTA,83,1450,88,1000,292,yes,83,1000
2025-05-22T15:02:14.301457,KXBTCD-25MAY2219-T110499.99,DELTA,83,1000,88,1000,293,yes,83,-450
2025-05-22T15:02:14.382555,KXBTCD-25MAY2219-T110499.99,DELTA,82,14,88,1000,294,yes,83,-1000
2025-05-22T15:02:14.402509,KXBTCD-25MAY2219-T110499.99,DELTA,82,414,88,1000,295,yes,82,400
2025-05-22T15:02:14.445683,KXBTCD-25MAY2219-T110499.99,DELTA,82,1414,88,1000,296,yes,82,1000
2025-05-22T15:02:14.446291,KXBTCD-25MAY2219-T110499.99,DELTA,82,1414,88,1000,297,yes,80,30
2025-05-22T15:02:14.446473,KXBTCD-25MAY2219-T110499.99,DELTA,82,1414,88,1000,298,no,9,30
2025-05-22T15:02:14.463134,KXBTCD-25MAY2219-T110499.99,DELTA,82,1400,88,1000,299,yes,82,-14
2025-05-22T15:02:14.463283,KXBTCD-25MAY2219-T110499.99,DELTA,82,1400,88,1000,300,yes,81,-30
2025-05-22T15:02:14.463354,KXBTCD-25MAY2219-T110499.99,DELTA,82,1400,88,1000,301,no,8,-30
2025-05-22T15:02:14.463614,KXBTCD-25MAY2219-T110499.99,DELTA,82,1400,88,1000,302,no,9,-14
2025-05-22T15:02:14.463678,KXBTCD-25MAY2219-T110499.99,DELTA,82,1400,88,1000,303,no,11,1250
2025-05-22T15:02:14.463735,KXBTCD-25MAY2219-T110499.99,DELTA,82,1400,88,1000,304,yes,81,14
2025-05-22T15:02:14.482690,KXBTCD-25MAY2219-T110499.99,DELTA,82,1400,88,1000,305,no,10,14
2025-05-22T15:02:14.521766,KXBTCD-25MAY2219-T110499.99,DELTA,82,1400,88,1000,306,no,11,-350
2025-05-22T15:02:14.564430,KXBTCD-25MAY2219-T110499.99,DELTA,82,1400,87,150,307,no,13,150
2025-05-22T15:02:14.602251,KXBTCD-25MAY2219-T110499.99,DELTA,82,1400,87,150,308,no,4,-9
2025-05-22T15:02:14.602467,KXBTCD-25MAY2219-T110499.99,DELTA,82,1400,87,150,309,no,12,-1000
2025-05-22T15:02:14.602562,KXBTCD-25MAY2219-T110499.99,DELTA,82,1400,87,150,310,no,11,-1250
2025-05-22T15:02:14.662382,KXBTCD-25MAY2219-T110499.99,DELTA,82,1400,87,1150,311,no,13,1000
2025-05-22T15:02:14.702002,KXBTCD-25MAY2219-T110499.99,DELTA,82,1400,87,1150,312,yes,12,-2700
2025-05-22T15:02:14.702375,KXBTCD-25MAY2219-T110499.99,DELTA,82,1400,87,1150,313,yes,6,5400
2025-05-22T15:02:14.761875,KXBTCD-25MAY2219-T110499.99,DELTA,82,1400,87,1150,314,yes,5,-20000
2025-05-22T15:02:14.821939,KXBTCD-25MAY2219-T110499.99,DELTA,82,1400,87,1150,315,yes,7,20000
2025-05-22T15:02:15.683106,KXBTCD-25MAY2219-T110499.99,DELTA,82,1400,87,1150,316,yes,80,100
2025-05-22T15:02:15.683422,KXBTCD-25MAY2219-T110499.99,DELTA,82,1400,87,1150,317,no,12,100
2025-05-22T15:02:16.064255,KXBTCD-25MAY2219-T110499.99,DELTA,82,1400,87,1150,318,yes,6,-5400
2025-05-22T15:02:16.064577,KXBTCD-25MAY2219-T110499.99,DELTA,82,1400,87,1150,319,yes,8,4050
2025-05-22T15:02:16.122461,KXBTCD-25MAY2219-T110499.99,DELTA,82,1400,87,1150,320,yes,7,-20000
2025-05-22T15:02:16.163290,KXBTCD-25MAY2219-T110499.99,DELTA,82,1400,87,1150,321,yes,9,20000
2025-05-22T15:02:16.222639,KXBTCD-25MAY2219-T110499.99,DELTA,82,1400,87,150,322,no,13,-1000
2025-05-22T15:02:16.222879,KXBTCD-25MAY2219-T110499.99,DELTA,82,1400,87,150,323,no,1,3000
2025-05-22T15:02:16.242630,KXBTCD-25MAY2219-T110499.99,DELTA,82,400,87,150,324,yes,82,-1000
2025-05-22T15:02:16.283080,KXBTCD-25MAY2219-T110499.99,DELTA,82,400,86,1000,325,no,14,1000
2025-05-22T15:02:16.322323,KXBTCD-25MAY2219-T110499.99,DELTA,82,400,86,1000,326,yes,81,1000
2025-05-22T15:02:16.363127,KXBTCD-25MAY2219-T110499.99,DELTA,82,400,86,1000,327,no,12,-100
2025-05-22T15:02:16.616248,KXBTCD-25MAY2219-T110499.99,DELTA,82,400,86,1000,328,yes,81,-1000
2025-05-22T15:02:16.616465,KXBTCD-25MAY2219-T110499.99,DELTA,82,400,87,150,329,no,14,-1000
2025-05-22T15:02:16.662371,KXBTCD-25MAY2219-T110499.99,DELTA,82,1400,87,150,330,yes,82,1000
2025-05-22T15:02:16.662557,KXBTCD-25MAY2219-T110499.99,DELTA,82,1400,87,1150,331,no,13,1000
2025-05-22T15:02:16.842676,KXBTCD-25MAY2219-T110499.99,DELTA,82,1400,87,1150,332,no,1,-3000
2025-05-22T15:02:17.443311,KXBTCD-25MAY2219-T110499.99,DELTA,82,1400,87,1150,333,yes,8,-4050
2025-05-22T15:02:17.443943,KXBTCD-25MAY2219-T110499.99,DELTA,82,1400,87,1150,334,yes,10,3240
2025-05-22T15:02:17.502707,KXBTCD-25MAY2219-T110499.99,DELTA,82,1400,87,1150,335,yes,9,-20000
2025-05-22T15:02:17.544390,KXBTCD-25MAY2219-T110499.99,DELTA,82,1400,87,1000,336,no,13,-150
2025-05-22T15:02:17.544815,KXBTCD-25MAY2219-T110499.99,DELTA,82,1400,87,1000,337,yes,11,20000
2025-05-22T15:02:17.545152,KXBTCD-25MAY2219-T110499.99,DELTA,82,1400,87,1000,338,no,12,100
2025-05-22T15:02:17.563076,KXBTCD-25MAY2219-T110499.99,DELTA,82,1400,87,1000,339,no,12,500
2025-05-22T15:02:18.043309,KXBTCD-25MAY2219-T110499.99,DELTA,82,1400,87,1000,340,no,12,-100
2025-05-22T15:02:20.721087,KXBTCD-25MAY2219-T110499.99,DELTA,82,1400,87,1100,341,no,13,100
2025-05-22T15:02:21.561849,KXBTCD-25MAY2219-T110499.99,DELTA,82,1400,87,1100,342,yes,10,-3240
2025-05-22T15:02:21.562230,KXBTCD-25MAY2219-T110499.99,DELTA,82,1400,87,1100,343,yes,12,2700
2025-05-22T15:02:21.624683,KXBTCD-25MAY2219-T110499.99,DELTA,82,1400,87,1100,344,yes,11,-20000
2025-05-22T15:02:21.662754,KXBTCD-25MAY2219-T110499.99,DELTA,82,1400,87,1100,345,yes,5,20000
2025-05-22T15:02:22.323627,KXBTCD-25MAY2219-T110499.99,DELTA,82,1400,87,1100,346,no,1,3000
2025-05-22T15:02:22.323941,KXBTCD-25MAY2219-T110499.99,DELTA,82,1400,87,1100,347,no,12,1250
2025-05-22T15:02:22.324088,KXBTCD-25MAY2219-T110499.99,DELTA,82,400,87,1100,348,yes,82,-1000
2025-05-22T15:02:22.342041,KXBTCD-25MAY2219-T110499.99,DELTA,82,400,87,100,349,no,13,-1000
2025-05-22T15:02:22.404005,KXBTCD-25MAY2219-T110499.99,DELTA,82,400,86,1000,350,no,14,1000
2025-05-22T15:02:22.404211,KXBTCD-25MAY2219-T110499.99,DELTA,82,400,86,1000,351,yes,81,1000
2025-05-22T15:02:23.604993,KXBTCD-25MAY2219-T110499.99,DELTA,82,400,86,1000,352,yes,79,14
2025-05-22T15:02:23.605293,KXBTCD-25MAY2219-T110499.99,DELTA,82,400,86,1000,353,yes,81,-14
2025-05-22T15:02:23.605655,KXBTCD-25MAY2219-T110499.99,DELTA,82,400,86,1000,354,yes,80,-30
2025-05-22T15:02:23.605749,KXBTCD-25MAY2219-T110499.99,DELTA,82,400,86,1000,355,yes,78,30
2025-05-22T15:02:23.622440,KXBTCD-25MAY2219-T110499.99,DELTA,82,400,86,1000,356,no,10,-14
2025-05-22T15:02:23.622676,KXBTCD-25MAY2219-T110499.99,DELTA,82,400,86,1000,357,no,11,30
2025-05-22T15:02:23.622822,KXBTCD-25MAY2219-T110499.99,DELTA,82,400,86,1000,358,no,9,-30
2025-05-22T15:02:23.622949,KXBTCD-25MAY2219-T110499.99,DELTA,82,400,86,1000,359,no,12,14
2025-05-22T15:02:23.721823,KXBTCD-25MAY2219-T110499.99,DELTA,82,400,86,1000,360,no,12,2000
2025-05-22T15:02:23.723928,KXBTCD-25MAY2219-T110499.99,DELTA,82,400,86,1000,361,yes,81,-1000
2025-05-22T15:02:23.901922,KXBTCD-25MAY2219-T110499.99,DELTA,80,100,86,1000,362,yes,82,-400
2025-05-22T15:02:23.902117,KXBTCD-25MAY2219-T110499.99,DELTA,80,100,86,1000,363,no,12,-500
2025-05-22T15:02:23.902660,KXBTCD-25MAY2219-T110499.99,DELTA,80,100,86,1000,364,yes,79,1000
2025-05-22T15:02:23.902820,KXBTCD-25MAY2219-T110499.99,DELTA,80,100,86,1000,365,no,12,-2000
2025-05-22T15:02:23.902934,KXBTCD-25MAY2219-T110499.99,DELTA,80,100,86,1000,366,no,12,-1250
2025-05-22T15:02:23.903710,KXBTCD-25MAY2219-T110499.99,DELTA,80,400,86,1000,367,yes,80,300
2025-05-22T15:02:23.903834,KXBTCD-25MAY2219-T110499.99,DELTA,80,400,86,1000,368,yes,67,-3000
2025-05-22T15:02:23.903941,KXBTCD-25MAY2219-T110499.99,DELTA,80,400,85,50,369,no,15,50
2025-05-22T15:02:23.906642,KXBTCD-25MAY2219-T110499.99,DELTA,80,400,86,1000,370,no,15,-50
2025-05-22T15:02:23.998007,KXBTCD-25MAY2219-T110499.99,DELTA,80,400,86,1000,371,yes,12,-2700
2025-05-22T15:02:23.998463,KXBTCD-25MAY2219-T110499.99,DELTA,80,400,86,1000,372,yes,6,5400
2025-05-22T15:02:23.998577,KXBTCD-25MAY2219-T110499.99,DELTA,80,400,85,200,373,no,15,200
2025-05-22T15:02:24.003055,KXBTCD-25MAY2219-T110499.99,DELTA,80,400,85,200,374,yes,64,3000
2025-05-22T15:02:24.023088,KXBTCD-25MAY2219-T110499.99,DELTA,80,400,85,200,375,no,14,-1000
2025-05-22T15:02:24.042721,KXBTCD-25MAY2219-T110499.99,DELTA,80,400,85,200,376,yes,5,-20000
2025-05-22T15:02:24.061791,KXBTCD-25MAY2219-T110499.99,DELTA,80,400,84,1000,377,no,16,1000
2025-05-22T15:02:24.103249,KXBTCD-25MAY2219-T110499.99,DELTA,80,400,84,1000,378,yes,7,20000
2025-05-22T15:02:24.221916,KXBTCD-25MAY2219-T110499.99,DELTA,80,400,84,1000,379,yes,78,-30
2025-05-22T15:02:24.222648,KXBTCD-25MAY2219-T110499.99,DELTA,80,400,84,1000,380,yes,76,30
2025-05-22T15:02:24.222958,KXBTCD-25MAY2219-T110499.99,DELTA,80,400,84,1000,381,yes,79,-14
2025-05-22T15:02:24.223146,KXBTCD-25MAY2219-T110499.99,DELTA,80,400,84,1000,382,yes,77,14
2025-05-22T15:02:24.242818,KXBTCD-25MAY2219-T110499.99,DELTA,80,400,84,1000,383,no,13,30
2025-05-22T15:02:24.243158,KXBTCD-25MAY2219-T110499.99,DELTA,80,400,84,1000,384,no,11,-30
2025-05-22T15:02:24.243316,KXBTCD-25MAY2219-T110499.99,DELTA,80,400,84,1000,385,no,12,-14
2025-05-22T15:02:24.243442,KXBTCD-25MAY2219-T110499.99,DELTA,80,400,84,1000,386,no,14,14
2025-05-22T15:02:24.283371,KXBTCD-25MAY2219-T110499.99,DELTA,80,400,84,1000,387,yes,79,-1000
2025-05-22T15:02:24.322087,KXBTCD-25MAY2219-T110499.99,DELTA,80,400,84,1000,388,yes,77,1000
2025-05-22T15:02:24.822431,KXBTCD-25MAY2219-T110499.99,DELTA,80,100,84,1000,389,yes,80,-300
2025-05-22T15:02:24.962605,KXBTCD-25MAY2219-T110499.99,DELTA,80,100,84,1000,390,yes,79,200
2025-05-22T15:02:25.043163,KXBTCD-25MAY2219-T110499.99,DELTA,80,100,84,1000,391,yes,77,-1000
2025-05-22T15:02:25.103528,KXBTCD-25MAY2219-T110499.99,DELTA,80,100,84,1000,392,no,15,-200
2025-05-22T15:02:25.104059,KXBTCD-25MAY2219-T110499.99,DELTA,80,100,84,1000,393,yes,79,1000
2025-05-22T15:02:25.182702,KXBTCD-25MAY2219-T110499.99,DELTA,80,100,86,14,394,no,16,-1000
2025-05-22T15:02:25.222540,KXBTCD-25MAY2219-T110499.99,DELTA,80,100,86,1014,395,no,14,1000
2025-05-22T15:02:25.282833,KXBTCD-25MAY2219-T110499.99,DELTA,80,100,86,1014,396,yes,6,-5400
2025-05-22T15:02:25.282958,KXBTCD-25MAY2219-T110499.99,DELTA,80,100,86,1014,397,yes,8,4050
2025-05-22T15:02:25.362438,KXBTCD-25MAY2219-T110499.99,DELTA,80,100,86,1014,398,yes,7,-20000
2025-05-22T15:02:25.362595,KXBTCD-25MAY2219-T110499.99,DELTA,80,100,85,200,399,no,15,200
2025-05-22T15:02:25.422880,KXBTCD-25MAY2219-T110499.99,DELTA,80,100,85,200,400,yes,9,20000
2025-05-22T15:02:25.440719,KXBTCD-25MAY2219-T110499.99,DELTA,80,100,85,200,401,no,14,-1000
2025-05-22T15:02:25.501601,KXBTCD-25MAY2219-T110499.99,DELTA,80,100,84,1000,402,no,16,1000
2025-05-22T15:02:25.663846,KXBTCD-25MAY2219-T110499.99,DELTA,80,100,84,1000,403,no,13,-100
2025-05-22T15:02:25.681646,KXBTCD-25MAY2219-T110499.99,DELTA,79,1200,84,1000,404,yes,80,-100
2025-05-22T15:02:26.202577,KXBTCD-25MAY2219-T110499.99,DELTA,79,1200,84,1000,405,no,15,-200
2025-05-22T15:02:26.262429,KXBTCD-25MAY2219-T110499.99,DELTA,79,1000,84,1000,406,yes,79,-200
2025-05-22T15:02:26.262617,KXBTCD-25MAY2219-T110499.99,DELTA,79,1000,86,14,407,no,16,-1000
2025-05-22T15:02:26.321747,KXBTCD-25MAY2219-T110499.99,DELTA,79,1000,86,1014,408,no,14,1000
2025-05-22T15:02:26.342825,KXBTCD-25MAY2219-T110499.99,DELTA,77,14,86,1014,409,yes,79,-1000
2025-05-22T15:02:26.361645,KXBTCD-25MAY2219-T110499.99,DELTA,81,150,86,1014,410,yes,81,150
2025-05-22T15:02:26.362249,KXBTCD-25MAY2219-T110499.99,DELTA,81,150,86,1214,411,no,14,200
2025-05-22T15:02:26.381850,KXBTCD-25MAY2219-T110499.99,DELTA,81,150,86,1214,412,yes,77,1000
2025-05-22T15:02:26.462451,KXBTCD-25MAY2219-T110499.99,DELTA,81,150,86,1214,413,yes,77,-1000
2025-05-22T15:02:26.562818,KXBTCD-25MAY2219-T110499.99,DELTA,81,1150,86,1214,414,yes,81,1000
2025-05-22T15:02:26.582143,KXBTCD-25MAY2219-T110499.99,DELTA,81,1150,86,1214,415,yes,77,9
2025-05-22T15:02:26.642219,KXBTCD-25MAY2219-T110499.99,DELTA,81,1150,86,1214,416,yes,8,-4050
2025-05-22T15:02:26.642408,KXBTCD-25MAY2219-T110499.99,DELTA,81,1150,86,1214,417,yes,10,3240
2025-05-22T15:02:26.722869,KXBTCD-25MAY2219-T110499.99,DELTA,81,1150,86,1214,418,yes,9,-20000
2025-05-22T15:02:26.723234,KXBTCD-25MAY2219-T110499.99,DELTA,81,1000,86,1214,419,yes,81,-150
2025-05-22T15:02:26.742250,KXBTCD-25MAY2219-T110499.99,DELTA,81,1000,86,1014,420,no,14,-200
2025-05-22T15:02:26.761983,KXBTCD-25MAY2219-T110499.99,DELTA,81,1000,86,1014,421,yes,11,20000
2025-05-22T15:02:26.762435,KXBTCD-25MAY2219-T110499.99,DELTA,81,1400,86,1014,422,yes,81,400
2025-05-22T15:02:26.781859,KXBTCD-25MAY2219-T110499.99,DELTA,81,1400,86,1014,423,no,13,450
2025-05-22T15:02:26.801377,KXBTCD-25MAY2219-T110499.99,DELTA,81,400,86,1014,424,yes,81,-1000
2025-05-22T15:02:26.842047,KXBTCD-25MAY2219-T110499.99,DELTA,81,1400,86,1014,425,yes,81,1000
2025-05-22T15:02:27.863592,KXBTCD-25MAY2219-T110499.99,DELTA,81,1400,86,1014,426,yes,10,-3240
2025-05-22T15:02:27.864583,KXBTCD-25MAY2219-T110499.99,DELTA,81,1400,86,1014,427,yes,12,2700
2025-05-22T15:02:27.922789,KXBTCD-25MAY2219-T110499.99,DELTA,81,1400,86,1014,428,yes,11,-20000
2025-05-22T15:02:27.962663,KXBTCD-25MAY2219-T110499.99,DELTA,81,1400,86,1014,429,yes,5,20000
2025-05-22T15:02:27.963299,KXBTCD-25MAY2219-T110499.99,DELTA,81,1400,86,1014,430,yes,77,-9
2025-05-22T15:02:28.303458,KXBTCD-25MAY2219-T110499.99,DELTA,81,400,86,1014,431,yes,81,-1000
2025-05-22T15:02:28.304170,KXBTCD-25MAY2219-T110499.99,DELTA,81,400,86,14,432,no,14,-1000
2025-05-22T15:02:28.382821,KXBTCD-25MAY2219-T110499.99,DELTA,81,400,86,14,433,no,13,1000
2025-05-22T15:02:28.383485,KXBTCD-25MAY2219-T110499.99,DELTA,82,1000,86,14,434,yes,82,1000
2025-05-22T15:02:28.542992,KXBTCD-25MAY2219-T110499.99,DELTA,82,1000,86,14,435,yes,79,100
2025-05-22T15:02:28.562574,KXBTCD-25MAY2219-T110499.99,DELTA,82,1000,86,14,436,no,13,100
2025-05-22T15:02:28.582922,KXBTCD-25MAY2219-T110499.99,DELTA,81,400,86,14,437,yes,82,-1000
2025-05-22T15:02:28.583138,KXBTCD-25MAY2219-T110499.99,DELTA,81,400,86,14,438,no,13,-1000
2025-05-22T15:02:28.642281,KXBTCD-25MAY2219-T110499.99,DELTA,81,400,86,1014,439,no,14,1000
2025-05-22T15:02:28.642445,KXBTCD-25MAY2219-T110499.99,DELTA,81,1400,86,1014,440,yes,81,1000
2025-05-22T15:02:29.082599,KXBTCD-25MAY2219-T110499.99,DELTA,81,1400,86,1014,441,yes,12,-2700
2025-05-22T15:02:29.083277,KXBTCD-25MAY2219-T110499.99,DELTA,81,1400,86,1014,442,yes,6,5400
2025-05-22T15:02:29.162652,KXBTCD-25MAY2219-T110499.99,DELTA,81,1400,86,1014,443,yes,5,-20000
2025-05-22T15:02:29.202434,KXBTCD-25MAY2219-T110499.99,DELTA,81,1400,86,1014,444,yes,7,20000
2025-05-22T15:02:29.281998,KXBTCD-25MAY2219-T110499.99,DELTA,81,400,86,1014,445,yes,81,-1000
2025-05-22T15:02:29.302124,KXBTCD-25MAY2219-T110499.99,DELTA,79,100,86,1014,446,yes,81,-400
2025-05-22T15:02:29.342552,KXBTCD-25MAY2219-T110499.99,DELTA,80,1000,86,1014,447,yes,80,1000
2025-05-22T15:02:29.362979,KXBTCD-25MAY2219-T110499.99,DELTA,80,1400,86,1014,448,yes,80,400
2025-05-22T15:02:30.184368,KXBTCD-25MAY2219-T110499.99,DELTA,80,400,86,1014,449,yes,80,-1000
2025-05-22T15:02:30.223034,KXBTCD-25MAY2219-T110499.99,DELTA,81,1000,86,1014,450,yes,81,1000
2025-05-22T15:02:32.063700,KXBTCD-25MAY2219-T110499.99,DELTA,81,1000,86,1014,451,yes,80,-400
2025-05-22T15:02:32.123432,KXBTCD-25MAY2219-T110499.99,DELTA,82,100,86,1014,452,yes,82,100
2025-05-22T15:02:32.123864,KXBTCD-25MAY2219-T110499.99,DELTA,82,100,86,1014,453,yes,81,-1000
2025-05-22T15:02:32.161829,KXBTCD-25MAY2219-T110499.99,DELTA,82,100,86,1014,454,yes,80,1000
2025-05-22T15:02:32.883445,KXBTCD-25MAY2219-T110499.99,DELTA,82,100,86,1014,455,yes,6,-5400
2025-05-22T15:02:32.884499,KXBTCD-25MAY2219-T110499.99,DELTA,82,100,86,1014,456,yes,8,4050
2025-05-22T15:02:32.963579,KXBTCD-25MAY2219-T110499.99,DELTA,82,100,86,1014,457,yes,7,-20000
2025-05-22T15:02:32.984638,KXBTCD-25MAY2219-T110499.99,DELTA,82,100,86,1014,458,yes,80,-1000
2025-05-22T15:02:32.985474,KXBTCD-25MAY2219-T110499.99,DELTA,82,100,86,14,459,no,14,-1000
2025-05-22T15:02:33.003392,KXBTCD-25MAY2219-T110499.99,DELTA,82,100,86,14,460,no,1,-3000
2025-05-22T15:02:33.062075,KXBTCD-25MAY2219-T110499.99,DELTA,79,100,86,14,461,yes,82,-100
2025-05-22T15:02:33.062493,KXBTCD-25MAY2219-T110499.99,DELTA,79,100,86,14,462,no,13,1000
2025-05-22T15:02:33.062728,KXBTCD-25MAY2219-T110499.99,DELTA,82,1000,86,14,463,yes,82,1000
2025-05-22T15:02:33.082282,KXBTCD-25MAY2219-T110499.99,DELTA,82,1000,86,14,464,yes,9,20000
2025-05-22T15:02:33.172447,KXBTCD-25MAY2219-T110499.99,DELTA,82,1000,86,14,465,no,13,-450
2025-05-22T15:02:33.173129,KXBTCD-25MAY2219-T110499.99,DELTA,79,100,86,14,466,yes,82,-1000
2025-05-22T15:02:33.183633,KXBTCD-25MAY2219-T110499.99,DELTA,80,1000,86,14,467,yes,80,1000
2025-05-22T15:02:33.242295,KXBTCD-25MAY2219-T110499.99,DELTA,83,100,86,14,468,yes,83,100
2025-05-22T15:02:33.242730,KXBTCD-25MAY2219-T110499.99,DELTA,83,100,86,14,469,yes,79,-100
2025-05-22T15:02:33.242983,KXBTCD-25MAY2219-T110499.99,DELTA,83,100,86,14,470,no,12,350
2025-05-22T15:02:33.322678,KXBTCD-25MAY2219-T110499.99,DELTA,83,100,86,14,471,yes,80,-1000
2025-05-22T15:02:33.422588,KXBTCD-25MAY2219-T110499.99,DELTA,83,100,86,14,472,yes,77,1000
2025-05-22T15:02:34.221726,KXBTCD-25MAY2219-T110499.99,DELTA,77,1014,86,14,473,yes,83,-100
2025-05-22T15:02:34.263042,KXBTCD-25MAY2219-T110499.99,DELTA,77,1014,86,14,474,no,13,-100
2025-05-22T15:02:34.322383,KXBTCD-25MAY2219-T110499.99,DELTA,82,150,86,14,475,yes,82,150
2025-05-22T15:02:34.404715,KXBTCD-25MAY2219-T110499.99,DELTA,82,150,86,14,476,yes,77,-1000
2025-05-22T15:02:34.462718,KXBTCD-25MAY2219-T110499.99,DELTA,82,1150,86,14,477,yes,82,1000
2025-05-22T15:02:34.534626,KXBTCD-25MAY2219-T110499.99,DELTA,82,1000,86,14,478,yes,82,-150
2025-05-22T15:02:34.542276,KXBTCD-25MAY2219-T110499.99,DELTA,82,1000,86,14,479,no,12,-350
2025-05-22T15:02:34.582423,KXBTCD-25MAY2219-T110499.99,DELTA,77,14,86,14,480,yes,82,-1000
2025-05-22T15:02:34.629002,KXBTCD-25MAY2219-T110499.99,DELTA,77,1014,86,14,481,yes,77,1000
2025-05-22T15:02:34.643090,KXBTCD-25MAY2219-T110499.99,DELTA,81,100,86,14,482,yes,81,100
2025-05-22T15:02:34.665145,KXBTCD-25MAY2219-T110499.99,DELTA,81,100,86,314,483,no,14,300
2025-05-22T15:02:34.702078,KXBTCD-25MAY2219-T110499.99,DELTA,81,100,86,314,484,yes,77,-1000
2025-05-22T15:02:34.722432,KXBTCD-25MAY2219-T110499.99,DELTA,81,100,86,314,485,no,1,3000
2025-05-22T15:02:34.742737,KXBTCD-25MAY2219-T110499.99,DELTA,81,100,86,314,486,no,13,-1000
2025-05-22T15:02:34.762234,KXBTCD-25MAY2219-T110499.99,DELTA,81,1100,86,314,487,yes,81,1000
2025-05-22T15:02:34.782347,KXBTCD-25MAY2219-T110499.99,DELTA,81,1100,86,1314,488,no,14,1000
2025-05-22T15:02:34.782505,KXBTCD-25MAY2219-T110499.99,DELTA,81,1000,86,1314,489,yes,81,-100
2025-05-22T15:02:34.842195,KXBTCD-25MAY2219-T110499.99,DELTA,77,14,86,1314,490,yes,81,-1000
2025-05-22T15:02:34.881572,KXBTCD-25MAY2219-T110499.99,DELTA,80,350,86,1314,491,yes,80,350
2025-05-22T15:02:34.881906,KXBTCD-25MAY2219-T110499.99,DELTA,80,350,86,1314,492,yes,77,1000
2025-05-22T15:02:34.942613,KXBTCD-25MAY2219-T110499.99,DELTA,80,350,86,1314,493,yes,77,-1000
2025-05-22T15:02:34.983144,KXBTCD-25MAY2219-T110499.99,DELTA,81,1000,86,1314,494,yes,81,1000
2025-05-22T15:02:35.142454,KXBTCD-25MAY2219-T110499.99,DELTA,81,1000,86,1314,495,yes,8,-4050
2025-05-22T15:02:35.142660,KXBTCD-25MAY2219-T110499.99,DELTA,81,1000,86,1314,496,yes,10,3240
2025-05-22T15:02:35.223277,KXBTCD-25MAY2219-T110499.99,DELTA,81,1000,86,1314,497,yes,9,-20000
2025-05-22T15:02:35.282065,KXBTCD-25MAY2219-T110499.99,DELTA,81,1000,86,1314,498,yes,11,20000
2025-05-22T15:02:35.921974,KXBTCD-25MAY2219-T110499.99,DELTA,81,1000,86,1314,499,yes,79,100
2025-05-22T15:02:35.982296,KXBTCD-25MAY2219-T110499.99,DELTA,81,1000,86,1314,500,yes,76,-30
2025-05-22T15:02:35.982495,KXBTCD-25MAY2219-T110499.99,DELTA,81,1000,86,1314,501,no,13,-30
2025-05-22T15:02:36.022830,KXBTCD-25MAY2219-T110499.99,DELTA,81,1000,86,1314,502,yes,75,30
2025-05-22T15:02:36.023061,KXBTCD-25MAY2219-T110499.99,DELTA,81,1000,86,1344,503,no,14,30
2025-05-22T15:02:36.462307,KXBTCD-25MAY2219-T110499.99,DELTA,81,1000,86,1344,504,yes,10,-3240
2025-05-22T15:02:36.462688,KXBTCD-25MAY2219-T110499.99,DELTA,81,1000,86,1344,505,yes,12,2700
2025-05-22T15:02:36.527757,KXBTCD-25MAY2219-T110499.99,DELTA,81,1000,86,1344,506,yes,11,-20000
2025-05-22T15:02:36.582020,KXBTCD-25MAY2219-T110499.99,DELTA,81,1000,86,1344,507,yes,5,20000
2025-05-22T15:02:36.741930,KXBTCD-25MAY2219-T110499.99,DELTA,80,350,86,1344,508,yes,81,-1000
2025-05-22T15:02:36.763114,KXBTCD-25MAY2219-T110499.99,DELTA,80,350,86,344,509,no,14,-1000
2025-05-22T15:02:36.843457,KXBTCD-25MAY2219-T110499.99,DELTA,80,350,85,1000,510,no,15,1000
2025-05-22T15:02:36.843631,KXBTCD-25MAY2219-T110499.99,DELTA,80,1350,85,1000,511,yes,80,1000
2025-05-22T15:02:36.882084,KXBTCD-25MAY2219-T110499.99,DELTA,80,1350,85,1000,512,yes,65,9
2025-05-22T15:02:37.001581,KXBTCD-25MAY2219-T110499.99,DELTA,80,350,85,1000,513,yes,80,-1000
2025-05-22T15:02:37.001872,KXBTCD-25MAY2219-T110499.99,DELTA,80,350,86,344,514,no,15,-1000
2025-05-22T15:02:37.002030,KXBTCD-25MAY2219-T110499.99,DELTA,80,350,86,444,515,no,14,100
2025-05-22T15:02:37.042592,KXBTCD-25MAY2219-T110499.99,DELTA,80,350,86,1444,516,no,14,1000
2025-05-22T15:02:37.042898,KXBTCD-25MAY2219-T110499.99,DELTA,81,1000,86,1444,517,yes,81,1000
2025-05-22T15:02:37.223764,KXBTCD-25MAY2219-T110499.99,DELTA,81,1000,86,1444,518,yes,76,30
2025-05-22T15:02:37.241384,KXBTCD-25MAY2219-T110499.99,DELTA,81,1000,86,1444,519,yes,75,-30
2025-05-22T15:02:37.241604,KXBTCD-25MAY2219-T110499.99,DELTA,81,1000,86,1444,520,no,13,30
2025-05-22T15:02:37.241750,KXBTCD-25MAY2219-T110499.99,DELTA,81,1000,86,1414,521,no,14,-30
2025-05-22T15:02:37.301923,KXBTCD-25MAY2219-T110499.99,DELTA,81,1000,86,1414,522,yes,69,30
2025-05-22T15:02:37.302203,KXBTCD-25MAY2219-T110499.99,DELTA,81,1000,86,1414,523,yes,76,-30
2025-05-22T15:02:37.302371,KXBTCD-25MAY2219-T110499.99,DELTA,81,970,86,1414,524,yes,81,-30
2025-05-22T15:02:37.302535,KXBTCD-25MAY2219-T110499.99,DELTA,81,970,86,1414,525,no,13,-30
2025-05-22T15:02:37.362535,KXBTCD-25MAY2219-T110499.99,DELTA,81,970,86,1414,526,yes,72,30
2025-05-22T15:02:37.362993,KXBTCD-25MAY2219-T110499.99,DELTA,81,970,86,1414,527,yes,69,-30
2025-05-22T15:02:37.382655,KXBTCD-25MAY2219-T110499.99,DELTA,81,970,84,30,528,no,16,30
2025-05-22T15:02:37.483065,KXBTCD-25MAY2219-T110499.99,DELTA,81,970,84,30,529,yes,77,-14
2025-05-22T15:02:37.483288,KXBTCD-25MAY2219-T110499.99,DELTA,81,970,84,30,530,yes,70,14
2025-05-22T15:02:37.501906,KXBTCD-25MAY2219-T110499.99,DELTA,81,970,84,30,531,yes,12,-2700
2025-05-22T15:02:37.502155,KXBTCD-25MAY2219-T110499.99,DELTA,81,970,84,30,532,yes,6,5400
2025-05-22T15:02:37.502394,KXBTCD-25MAY2219-T110499.99,DELTA,81,956,84,30,533,yes,81,-14
2025-05-22T15:02:37.502514,KXBTCD-25MAY2219-T110499.99,DELTA,81,956,84,30,534,no,14,-14
2025-05-22T15:02:37.562248,KXBTCD-25MAY2219-T110499.99,DELTA,81,956,84,30,535,yes,5,-20000
2025-05-22T15:02:37.562467,KXBTCD-25MAY2219-T110499.99,DELTA,81,956,84,30,536,yes,73,14
2025-05-22T15:02:37.562799,KXBTCD-25MAY2219-T110499.99,DELTA,81,956,84,30,537,yes,70,-14
2025-05-22T15:02:37.583700,KXBTCD-25MAY2219-T110499.99,DELTA,81,956,83,14,538,no,17,14
2025-05-22T15:02:37.602765,KXBTCD-25MAY2219-T110499.99,DELTA,81,956,83,14,539,yes,7,20000
2025-05-22T15:02:37.622767,KXBTCD-25MAY2219-T110499.99,DELTA,81,956,83,14,540,yes,65,-9
2025-05-22T15:02:38.543414,KXBTCD-25MAY2219-T110499.99,DELTA,81,956,83,14,541,yes,6,-5400
2025-05-22T15:02:38.543980,KXBTCD-25MAY2219-T110499.99,DELTA,81,956,83,14,542,yes,8,4050
2025-05-22T15:02:38.627304,KXBTCD-25MAY2219-T110499.99,DELTA,81,956,83,14,543,yes,7,-20000
2025-05-22T15:02:38.662581,KXBTCD-25MAY2219-T110499.99,DELTA,81,956,83,14,544,yes,9,20000
2025-05-22T15:02:39.523391,KXBTCD-25MAY2219-T110499.99,DELTA,81,956,83,14,545,yes,8,-4050
2025-05-22T15:02:39.523934,KXBTCD-25MAY2219-T110499.99,DELTA,81,956,83,14,546,yes,10,3240
2025-05-22T15:02:39.582964,KXBTCD-25MAY2219-T110499.99,DELTA,81,956,83,14,547,yes,9,-20000
2025-05-22T15:02:39.643029,KXBTCD-25MAY2219-T110499.99,DELTA,81,956,83,14,548,yes,11,20000
2025-05-22T15:02:40.769566,KXBTCD-25MAY2219-T110499.99,DELTA,81,956,83,14,549,no,14,-1000
2025-05-22T15:02:40.881138,KXBTCD-25MAY2219-T110499.99,DELTA,81,956,83,14,550,no,4,9
2025-05-22T15:02:41.403363,KXBTCD-25MAY2219-T110499.99,DELTA,81,956,83,14,551,no,14,1000
2025-05-22T15:02:42.363022,KXBTCD-25MAY2219-T110499.99,DELTA,81,956,83,14,552,no,14,-1000
2025-05-22T15:02:42.737301,KXBTCD-25MAY2219-T110499.99,DELTA,81,956,83,14,553,no,1,-3000
2025-05-22T15:02:42.737917,KXBTCD-25MAY2219-T110499.99,DELTA,81,956,83,14,554,no,14,-300
2025-05-22T15:02:42.741910,KXBTCD-25MAY2219-T110499.99,DELTA,81,956,83,14,555,no,13,500
2025-05-22T15:02:42.806248,KXBTCD-25MAY2219-T110499.99,DELTA,81,956,83,14,556,no,13,1000
2025-05-22T15:02:42.941926,KXBTCD-25MAY2219-T110499.99,DELTA,81,956,83,14,557,yes,80,1250
2025-05-22T15:02:43.063164,KXBTCD-25MAY2219-T110499.99,DELTA,81,956,83,14,558,yes,10,-3240
2025-05-22T15:02:43.063427,KXBTCD-25MAY2219-T110499.99,DELTA,81,956,83,14,559,yes,12,2700
2025-05-22T15:02:43.101678,KXBTCD-25MAY2219-T110499.99,DELTA,81,956,83,14,560,no,14,-100
2025-05-22T15:02:43.123420,KXBTCD-25MAY2219-T110499.99,DELTA,81,956,83,14,561,yes,79,-100
2025-05-22T15:02:43.141637,KXBTCD-25MAY2219-T110499.99,DELTA,81,956,83,14,562,yes,11,-20000
2025-05-22T15:02:43.202145,KXBTCD-25MAY2219-T110499.99,DELTA,81,956,83,14,563,yes,5,20000
2025-05-22T15:02:43.222138,KXBTCD-25MAY2219-T110499.99,DELTA,81,956,83,14,564,no,4,-9
2025-05-22T15:02:43.482067,KXBTCD-25MAY2219-T110499.99,DELTA,81,956,83,14,565,yes,80,-350
2025-05-22T15:02:43.502016,KXBTCD-25MAY2219-T110499.99,DELTA,82,50,83,14,566,yes,82,50
2025-05-22T15:02:43.543189,KXBTCD-25MAY2219-T110499.99,DELTA,82,50,83,14,567,yes,81,-956
2025-05-22T15:02:43.562736,KXBTCD-25MAY2219-T110499.99,DELTA,82,50,83,14,568,yes,80,-1250
2025-05-22T15:02:43.602710,KXBTCD-25MAY2219-T110499.99,DELTA,82,1050,83,14,569,yes,82,1000
2025-05-22T15:02:44.502175,KXBTCD-25MAY2219-T110499.99,DELTA,82,1050,83,14,570,yes,80,100
2025-05-22T15:02:44.521415,KXBTCD-25MAY2219-T110499.99,DELTA,82,1050,83,14,571,no,12,100
2025-05-22T15:02:45.123451,KXBTCD-25MAY2219-T110499.99,DELTA,82,1050,83,14,572,yes,12,-2700
2025-05-22T15:02:45.124395,KXBTCD-25MAY2219-T110499.99,DELTA,82,1050,83,14,573,yes,6,5400
2025-05-22T15:02:45.182674,KXBTCD-25MAY2219-T110499.99,DELTA,82,1050,83,14,574,yes,5,-20000
2025-05-22T15:02:45.222623,KXBTCD-25MAY2219-T110499.99,DELTA,82,1050,83,14,575,yes,7,20000
2025-05-22T15:02:46.083117,KXBTCD-25MAY2219-T110499.99,DELTA,82,1000,83,14,576,yes,82,-50
2025-05-22T15:02:46.144610,KXBTCD-25MAY2219-T110499.99,DELTA,80,100,83,14,577,yes,82,-1000
2025-05-22T15:02:46.182627,KXBTCD-25MAY2219-T110499.99,DELTA,82,250,83,14,578,yes,82,250
2025-05-22T15:02:46.205579,KXBTCD-25MAY2219-T110499.99,DELTA,82,250,83,14,579,yes,81,1000
2025-05-22T15:02:46.242991,KXBTCD-25MAY2219-T110499.99,DELTA,82,250,83,14,580,yes,6,-5400
2025-05-22T15:02:46.243366,KXBTCD-25MAY2219-T110499.99,DELTA,82,250,83,14,581,yes,8,4050
2025-05-22T15:02:46.265830,KXBTCD-25MAY2219-T110499.99,DELTA,82,250,83,14,582,yes,81,-1000
2025-05-22T15:02:46.323323,KXBTCD-25MAY2219-T110499.99,DELTA,82,250,83,14,583,yes,7,-20000
2025-05-22T15:02:46.323676,KXBTCD-25MAY2219-T110499.99,DELTA,82,1250,83,14,584,yes,82,1000
2025-05-22T15:02:46.362802,KXBTCD-25MAY2219-T110499.99,DELTA,82,1250,83,14,585,yes,9,20000
2025-05-22T15:02:47.223377,KXBTCD-25MAY2219-T110499.99,DELTA,82,1250,83,14,586,no,13,-500
2025-05-22T15:02:47.282288,KXBTCD-25MAY2219-T110499.99,DELTA,82,1250,83,14,587,no,12,400
2025-05-22T15:02:47.362952,KXBTCD-25MAY2219-T110499.99,DELTA,82,1250,83,14,588,yes,8,-4050
2025-05-22T15:02:47.363838,KXBTCD-25MAY2219-T110499.99,DELTA,82,1250,83,14,589,yes,10,3240
2025-05-22T15:02:47.471084,KXBTCD-25MAY2219-T110499.99,DELTA,82,1250,83,14,590,yes,9,-20000
2025-05-22T15:02:47.483892,KXBTCD-25MAY2219-T110499.99,DELTA,82,1250,83,14,591,yes,11,20000
2025-05-22T15:02:48.342537,KXBTCD-25MAY2219-T110499.99,DELTA,82,1250,83,14,592,yes,80,-100
2025-05-22T15:02:48.402678,KXBTCD-25MAY2219-T110499.99,DELTA,82,1250,83,14,593,yes,10,-3240
2025-05-22T15:02:48.403318,KXBTCD-25MAY2219-T110499.99,DELTA,82,1250,83,14,594,yes,12,2700
2025-05-22T15:02:48.463279,KXBTCD-25MAY2219-T110499.99,DELTA,82,1250,83,14,595,yes,11,-20000
2025-05-22T15:02:48.502963,KXBTCD-25MAY2219-T110499.99,DELTA,82,1250,83,14,596,yes,5,20000
2025-05-22T15:02:49.362726,KXBTCD-25MAY2219-T110499.99,DELTA,82,1250,83,14,597,yes,74,30
2025-05-22T15:02:49.363175,KXBTCD-25MAY2219-T110499.99,DELTA,82,1250,83,14,598,yes,72,-30
2025-05-22T15:02:49.363551,KXBTCD-25MAY2219-T110499.99,DELTA,82,1250,83,14,599,yes,73,-14
2025-05-22T15:02:49.363883,KXBTCD-25MAY2219-T110499.99,DELTA,82,1250,83,14,600,yes,75,14
2025-05-22T15:02:49.383506,KXBTCD-25MAY2219-T110499.99,DELTA,82,1250,83,14,601,no,16,-30
2025-05-22T15:02:49.384332,KXBTCD-25MAY2219-T110499.99,DELTA,82,1250,87,1000,602,no,17,-14
2025-05-22T15:02:49.384812,KXBTCD-25MAY2219-T110499.99,DELTA,82,1250,84,14,603,no,16,14
2025-05-22T15:02:49.385219,KXBTCD-25MAY2219-T110499.99,DELTA,82,1250,84,14,604,no,14,30
2025-05-22T15:02:49.421731,KXBTCD-25MAY2219-T110499.99,DELTA,82,1250,84,14,605,yes,12,-2700
2025-05-22T15:02:49.422085,KXBTCD-25MAY2219-T110499.99,DELTA,82,1250,84,14,606,yes,6,5400
2025-05-22T15:02:49.502735,KXBTCD-25MAY2219-T110499.99,DELTA,82,1250,84,14,607,yes,5,-20000
2025-05-22T15:02:49.581588,KXBTCD-25MAY2219-T110499.99,DELTA,82,1250,84,14,608,yes,7,20000
2025-05-22T15:02:51.263178,KXBTCD-25MAY2219-T110499.99,DELTA,82,1250,84,14,609,yes,80,100
2025-05-22T15:02:51.746452,KXBTCD-25MAY2219-T110499.99,DELTA,82,250,84,14,610,yes,82,-1000
2025-05-22T15:02:51.746779,KXBTCD-25MAY2219-T110499.99,DELTA,82,250,84,14,611,no,13,-1000
2025-05-22T15:02:51.782197,KXBTCD-25MAY2219-T110499.99,DELTA,82,250,84,14,612,no,12,1000
2025-05-22T15:02:51.782636,KXBTCD-25MAY2219-T110499.99,DELTA,83,1000,84,14,613,yes,83,1000
2025-05-22T15:02:51.943319,KXBTCD-25MAY2219-T110499.99,DELTA,83,1000,84,14,614,yes,80,-100
2025-05-22T15:02:52.902285,KXBTCD-25MAY2219-T110499.99,DELTA,83,1000,84,14,615,yes,82,-250
2025-05-22T15:02:52.902690,KXBTCD-25MAY2219-T110499.99,DELTA,83,1000,84,14,616,no,12,-400
2025-05-22T15:02:52.981913,KXBTCD-25MAY2219-T110499.99,DELTA,75,14,84,14,617,yes,83,-1000
2025-05-22T15:02:53.001271,KXBTCD-25MAY2219-T110499.99,DELTA,83,450,84,14,618,yes,83,450
2025-05-22T15:02:53.001597,KXBTCD-25MAY2219-T110499.99,DELTA,83,450,84,14,619,no,11,450
2025-05-22T15:02:53.063380,KXBTCD-25MAY2219-T110499.99,DELTA,83,450,84,14,620,yes,75,1000
2025-05-22T15:02:53.102449,KXBTCD-25MAY2219-T110499.99,DELTA,83,450,84,14,621,yes,6,-5400
2025-05-22T15:02:53.103169,KXBTCD-25MAY2219-T110499.99,DELTA,83,450,84,14,622,yes,8,4050
2025-05-22T15:02:53.103503,KXBTCD-25MAY2219-T110499.99,DELTA,83,450,84,14,623,yes,75,-1000
2025-05-22T15:02:53.162914,KXBTCD-25MAY2219-T110499.99,DELTA,83,1450,84,14,624,yes,83,1000
2025-05-22T15:02:53.201932,KXBTCD-25MAY2219-T110499.99,DELTA,83,1450,84,14,625,yes,7,-20000
2025-05-22T15:02:53.261246,KXBTCD-25MAY2219-T110499.99,DELTA,83,1450,84,14,626,yes,9,20000
2025-05-22T15:02:53.750746,KXBTCD-25MAY2219-T110499.99,DELTA,83,1450,84,14,627,yes,82,100
2025-05-22T15:02:53.823251,KXBTCD-25MAY2219-T110499.99,DELTA,83,1450,84,14,628,no,12,-100
2025-05-22T15:02:54.903992,KXBTCD-25MAY2219-T110499.99,DELTA,83,1450,84,14,629,no,11,-450
2025-05-22T15:02:54.962033,KXBTCD-25MAY2219-T110499.99,DELTA,83,1415,84,14,630,yes,83,-35
2025-05-22T15:02:54.964758,KXBTCD-25MAY2219-T110499.99,DELTA,83,415,84,14,631,yes,83,-1000
2025-05-22T15:02:54.965249,KXBTCD-25MAY2219-T110499.99,DELTA,83,415,84,14,632,no,12,-1000
2025-05-22T15:02:54.982400,KXBTCD-25MAY2219-T110499.99,DELTA,83,415,84,14,633,no,10,500
2025-05-22T15:02:55.044290,KXBTCD-25MAY2219-T110499.99,DELTA,83,415,86,30,634,no,16,-14
2025-05-22T15:02:55.044835,KXBTCD-25MAY2219-T110499.99,DELTA,84,986,86,30,635,yes,84,986
2025-05-22T15:02:55.063628,KXBTCD-25MAY2219-T110499.99,DELTA,84,986,86,30,636,no,11,1000
2025-05-22T15:02:55.102348,KXBTCD-25MAY2219-T110499.99,DELTA,84,986,86,30,637,yes,77,14
2025-05-22T15:02:55.123529,KXBTCD-25MAY2219-T110499.99,DELTA,84,986,86,30,638,no,10,14
2025-05-22T15:02:55.124423,KXBTCD-25MAY2219-T110499.99,DELTA,84,986,86,30,639,yes,75,-14
2025-05-22T15:02:55.164066,KXBTCD-25MAY2219-T110499.99,DELTA,84,986,86,30,640,yes,8,-4050
2025-05-22T15:02:55.165102,KXBTCD-25MAY2219-T110499.99,DELTA,84,986,86,30,641,yes,10,3240
2025-05-22T15:02:55.223635,KXBTCD-25MAY2219-T110499.99,DELTA,84,986,86,30,642,yes,9,-20000
2025-05-22T15:02:55.263090,KXBTCD-25MAY2219-T110499.99,DELTA,84,986,86,30,643,yes,11,20000
2025-05-22T15:02:55.603731,KXBTCD-25MAY2219-T110499.99,DELTA,84,986,86,30,644,no,10,100
2025-05-22T15:02:56.201747,KXBTCD-25MAY2219-T110499.99,DELTA,84,986,86,30,645,yes,10,-3240
2025-05-22T15:02:56.202166,KXBTCD-25MAY2219-T110499.99,DELTA,84,986,86,30,646,yes,12,2700
2025-05-22T15:02:56.281944,KXBTCD-25MAY2219-T110499.99,DELTA,84,986,86,30,647,yes,11,-20000
2025-05-22T15:02:56.323407,KXBTCD-25MAY2219-T110499.99,DELTA,84,986,86,30,648,yes,5,20000
2025-05-22T15:02:56.969408,KXBTCD-25MAY2219-T110499.99,DELTA,84,986,86,30,649,yes,83,-415
2025-05-22T15:02:56.969974,KXBTCD-25MAY2219-T110499.99,DELTA,85,50,86,30,650,yes,85,50
2025-05-22T15:02:57.030257,KXBTCD-25MAY2219-T110499.99,DELTA,85,50,86,30,651,yes,84,-986
2025-05-22T15:02:57.062558,KXBTCD-25MAY2219-T110499.99,DELTA,85,50,86,30,652,yes,83,1000
2025-05-22T15:02:57.283423,KXBTCD-25MAY2219-T110499.99,DELTA,83,1000,86,30,653,yes,85,-50
2025-05-22T15:02:57.342674,KXBTCD-25MAY2219-T110499.99,DELTA,83,1000,86,30,654,yes,12,-2700
2025-05-22T15:02:57.342900,KXBTCD-25MAY2219-T110499.99,DELTA,83,1000,86,30,655,yes,6,5400
2025-05-22T15:02:57.342995,KXBTCD-25MAY2219-T110499.99,DELTA,85,150,86,30,656,yes,85,150
2025-05-22T15:02:57.462576,KXBTCD-25MAY2219-T110499.99,DELTA,85,150,86,30,657,yes,5,-20000
2025-05-22T15:02:57.523016,KXBTCD-25MAY2219-T110499.99,DELTA,85,150,86,30,658,yes,7,20000
2025-05-22T15:02:57.562527,KXBTCD-25MAY2219-T110499.99,DELTA,85,150,86,30,659,yes,83,-1000
2025-05-22T15:02:57.585531,KXBTCD-25MAY2219-T110499.99,DELTA,85,150,86,30,660,no,11,-1000
2025-05-22T15:02:57.641350,KXBTCD-25MAY2219-T110499.99,DELTA,85,1150,86,30,661,yes,85,1000
2025-05-22T15:02:57.641550,KXBTCD-25MAY2219-T110499.99,DELTA,85,1150,86,30,662,no,10,1000
2025-05-22T15:02:58.422737,KXBTCD-25MAY2219-T110499.99,DELTA,85,1150,86,30,663,yes,6,-5400
2025-05-22T15:02:58.423002,KXBTCD-25MAY2219-T110499.99,DELTA,85,1150,86,30,664,yes,8,4050
2025-05-22T15:02:58.482042,KXBTCD-25MAY2219-T110499.99,DELTA,85,1150,86,30,665,yes,7,-20000
2025-05-22T15:02:58.522891,KXBTCD-25MAY2219-T110499.99,DELTA,85,1150,86,30,666,yes,9,20000
2025-05-22T15:03:03.004007,KXBTCD-25MAY2219-T110499.99,DELTA,85,1150,86,30,667,yes,8,-4050
2025-05-22T15:03:03.004485,KXBTCD-25MAY2219-T110499.99,DELTA,85,1150,86,30,668,yes,10,3240
2025-05-22T15:03:03.065042,KXBTCD-25MAY2219-T110499.99,DELTA,85,1150,86,30,669,yes,9,-20000
2025-05-22T15:03:03.104787,KXBTCD-25MAY2219-T110499.99,DELTA,85,1150,86,30,670,yes,11,20000
2025-05-22T15:03:03.482928,KXBTCD-25MAY2219-T110499.99,DELTA,85,1000,86,30,671,yes,85,-150
2025-05-22T15:03:03.543641,KXBTCD-25MAY2219-T110499.99,DELTA,85,1400,86,30,672,yes,85,400
2025-05-22T15:03:03.543928,KXBTCD-25MAY2219-T110499.99,DELTA,85,400,86,30,673,yes,85,-1000
2025-05-22T15:03:03.584531,KXBTCD-25MAY2219-T110499.99,DELTA,85,400,86,30,674,no,10,-500
2025-05-22T15:03:03.584679,KXBTCD-25MAY2219-T110499.99,DELTA,85,400,86,30,675,yes,83,1000
2025-05-22T15:03:03.623584,KXBTCD-25MAY2219-T110499.99,DELTA,85,400,86,30,676,no,9,500
2025-05-22T15:03:03.643626,KXBTCD-25MAY2219-T110499.99,DELTA,85,400,86,30,677,yes,83,-1000
2025-05-22T15:03:03.684616,KXBTCD-25MAY2219-T110499.99,DELTA,85,1400,86,30,678,yes,85,1000
2025-05-22T15:03:03.743219,KXBTCD-25MAY2219-T110499.99,DELTA,85,400,86,30,679,yes,85,-1000
2025-05-22T15:03:03.743530,KXBTCD-25MAY2219-T110499.99,DELTA,85,400,86,30,680,no,9,1250
2025-05-22T15:03:03.764013,KXBTCD-25MAY2219-T110499.99,DELTA,85,400,86,30,681,no,10,-1000
2025-05-22T15:03:03.823939,KXBTCD-25MAY2219-T110499.99,DELTA,85,400,86,30,682,yes,83,1000
2025-05-22T15:03:03.844540,KXBTCD-25MAY2219-T110499.99,DELTA,85,400,86,30,683,no,11,1000
2025-05-22T15:03:03.944712,KXBTCD-25MAY2219-T110499.99,DELTA,85,400,86,30,684,yes,75,30
2025-05-22T15:03:03.945030,KXBTCD-25MAY2219-T110499.99,DELTA,85,400,86,30,685,no,13,30
2025-05-22T15:03:03.964651,KXBTCD-25MAY2219-T110499.99,DELTA,85,400,86,30,686,yes,74,-30
2025-05-22T15:03:03.984824,KXBTCD-25MAY2219-T110499.99,DELTA,85,400,87,30,687,no,14,-30
2025-05-22T15:03:04.004438,KXBTCD-25MAY2219-T110499.99,DELTA,85,400,87,30,688,yes,83,-1000
2025-05-22T15:03:04.005182,KXBTCD-25MAY2219-T110499.99,DELTA,85,400,87,30,689,no,11,-1000
2025-05-22T15:03:04.024299,KXBTCD-25MAY2219-T110499.99,DELTA,85,400,87,30,690,no,9,-1250
2025-05-22T15:03:04.044883,KXBTCD-25MAY2219-T110499.99,DELTA,85,400,87,30,691,yes,82,-100
2025-05-22T15:03:04.089160,KXBTCD-25MAY2219-T110499.99,DELTA,85,400,87,30,692,yes,51,-2000
2025-05-22T15:03:04.090585,KXBTCD-25MAY2219-T110499.99,DELTA,85,400,87,30,693,yes,11,-20000
2025-05-22T15:03:04.103429,KXBTCD-25MAY2219-T110499.99,DELTA,85,400,87,30,694,yes,77,-14
2025-05-22T15:03:04.104213,KXBTCD-25MAY2219-T110499.99,DELTA,85,400,87,30,695,yes,79,14
2025-05-22T15:03:04.104818,KXBTCD-25MAY2219-T110499.99,DELTA,85,400,87,30,696,no,9,14
2025-05-22T15:03:04.105337,KXBTCD-25MAY2219-T110499.99,DELTA,85,400,87,30,697,no,10,-14
2025-05-22T15:03:04.187365,KXBTCD-25MAY2219-T110499.99,DELTA,85,400,87,30,698,no,9,1000
2025-05-22T15:03:04.245645,KXBTCD-25MAY2219-T110499.99,DELTA,85,400,87,30,699,no,9,-1000
2025-05-22T15:03:04.283281,KXBTCD-25MAY2219-T110499.99,DELTA,85,400,87,30,700,no,10,1000
2025-05-22T15:03:04.303708,KXBTCD-25MAY2219-T110499.99,DELTA,79,14,87,30,701,yes,85,-400
2025-05-22T15:03:04.323697,KXBTCD-25MAY2219-T110499.99,DELTA,79,14,87,30,702,no,9,-500
2025-05-22T15:03:04.363682,KXBTCD-25MAY2219-T110499.99,DELTA,85,1000,87,30,703,yes,85,1000
2025-05-22T15:03:04.384459,KXBTCD-25MAY2219-T110499.99,DELTA,85,1000,87,30,704,yes,78,30
2025-05-22T15:03:04.384656,KXBTCD-25MAY2219-T110499.99,DELTA,85,1000,87,30,705,yes,75,-30
2025-05-22T15:03:04.403981,KXBTCD-25MAY2219-T110499.99,DELTA,85,1000,90,1100,706,no,13,-30
2025-05-22T15:03:04.404139,KXBTCD-25MAY2219-T110499.99,DELTA,85,1000,90,1130,707,no,10,30
2025-05-22T15:03:04.579879,KXBTCD-25MAY2219-T110499.99,DELTA,79,14,90,1130,708,yes,85,-1000
2025-05-22T15:03:04.580105,KXBTCD-25MAY2219-T110499.99,DELTA,78,30,90,1130,709,yes,79,-14
2025-05-22T15:03:04.580216,KXBTCD-25MAY2219-T110499.99,DELTA,81,14,90,1130,710,yes,81,14
2025-05-22T15:03:04.806229,KXBTCD-25MAY2219-T110499.99,DELTA,81,14,90,1130,711,no,7,14
2025-05-22T15:03:04.807092,KXBTCD-25MAY2219-T110499.99,DELTA,81,14,90,1130,712,no,9,-14
2025-05-22T15:03:04.808267,KXBTCD-25MAY2219-T110499.99,DELTA,87,300,90,1130,713,yes,87,300
2025-05-22T15:03:04.809052,KXBTCD-25MAY2219-T110499.99,DELTA,87,300,90,1130,714,no,8,300
2025-05-22T15:03:04.809735,KXBTCD-25MAY2219-T110499.99,DELTA,87,300,90,1130,715,yes,79,1000
2025-05-22T15:03:04.810800,KXBTCD-25MAY2219-T110499.99,DELTA,87,300,90,1130,716,yes,65,9
2025-05-22T15:03:04.950871,KXBTCD-25MAY2219-T110499.99,DELTA,87,300,90,130,717,no,10,-1000
2025-05-22T15:03:05.085487,KXBTCD-25MAY2219-T110499.99,DELTA,87,300,90,130,718,yes,10,-3240
2025-05-22T15:03:05.086158,KXBTCD-25MAY2219-T110499.99,DELTA,87,300,90,130,719,yes,5,6480
2025-05-22T15:03:05.145113,KXBTCD-25MAY2219-T110499.99,DELTA,87,300,90,130,720,no,9,1000
2025-05-22T15:03:05.484313,KXBTCD-25MAY2219-T110499.99,DELTA,87,300,90,130,721,yes,6,20000
2025-05-22T15:03:05.586477,KXBTCD-25MAY2219-T110499.99,DELTA,87,300,90,130,722,yes,65,-9
2025-05-22T15:03:05.603585,KXBTCD-25MAY2219-T110499.99,DELTA,87,300,90,130,723,yes,80,9
2025-05-22T15:03:05.723940,KXBTCD-25MAY2219-T110499.99,DELTA,87,300,90,130,724,yes,85,100
2025-05-22T15:03:05.724528,KXBTCD-25MAY2219-T110499.99,DELTA,87,300,90,30,725,no,10,-100
2025-05-22T15:03:05.783490,KXBTCD-25MAY2219-T110499.99,DELTA,87,300,90,30,726,yes,79,-1000
2025-05-22T15:03:05.844357,KXBTCD-25MAY2219-T110499.99,DELTA,87,300,90,30,727,yes,86,1000
2025-05-22T15:03:05.964925,KXBTCD-25MAY2219-T110499.99,DELTA,87,300,90,30,728,yes,82,30
2025-05-22T15:03:05.965105,KXBTCD-25MAY2219-T110499.99,DELTA,87,300,90,30,729,yes,78,-30
2025-05-22T15:03:05.965197,KXBTCD-25MAY2219-T110499.99,DELTA,87,300,91,1000,730,no,10,-30
2025-05-22T15:03:05.965270,KXBTCD-25MAY2219-T110499.99,DELTA,87,300,91,1000,731,no,6,30
2025-05-22T15:03:06.064222,KXBTCD-25MAY2219-T110499.99,DELTA,87,300,91,1000,732,yes,81,-14
2025-05-22T15:03:06.085552,KXBTCD-25MAY2219-T110499.99,DELTA,87,300,91,1000,733,yes,85,14
2025-05-22T15:03:06.085956,KXBTCD-25MAY2219-T110499.99,DELTA,87,300,91,1000,734,no,7,-14
2025-05-22T15:03:06.086080,KXBTCD-25MAY2219-T110499.99,DELTA,87,300,91,1000,735,no,2,14
2025-05-22T15:03:06.284924,KXBTCD-25MAY2219-T110499.99,DELTA,87,300,91,1000,736,yes,5,-6480
2025-05-22T15:03:06.285333,KXBTCD-25MAY2219-T110499.99,DELTA,87,300,91,1000,737,yes,7,4628
2025-05-22T15:03:06.343822,KXBTCD-25MAY2219-T110499.99,DELTA,87,300,91,1000,738,yes,6,-20000
2025-05-22T15:03:06.384918,KXBTCD-25MAY2219-T110499.99,DELTA,87,300,91,1000,739,yes,8,20000
2025-05-22T15:03:06.424175,KXBTCD-25MAY2219-T110499.99,DELTA,87,300,91,1000,740,yes,80,-9
2025-05-22T15:03:06.704513,KXBTCD-25MAY2219-T110499.99,DELTA,87,300,91,1000,741,no,8,-300
2025-05-22T15:03:06.744506,KXBTCD-25MAY2219-T110499.99,DELTA,87,300,91,1000,742,no,7,500
2025-05-22T15:03:06.804264,KXBTCD-25MAY2219-T110499.99,DELTA,87,300,91,1000,743,yes,86,-1000
2025-05-22T15:03:06.823744,KXBTCD-25MAY2219-T110499.99,DELTA,87,300,93,500,744,no,9,-1000
2025-05-22T15:03:06.844738,KXBTCD-25MAY2219-T110499.99,DELTA,87,300,93,1750,745,no,7,1250
2025-05-22T15:03:06.904546,KXBTCD-25MAY2219-T110499.99,DELTA,87,300,93,1750,746,yes,86,1000
2025-05-22T15:03:06.923485,KXBTCD-25MAY2219-T110499.99,DELTA,87,300,92,1000,747,no,8,1000
2025-05-22T15:03:07.383621,KXBTCD-25MAY2219-T110499.99,DELTA,86,1000,92,1000,748,yes,87,-300
2025-05-22T15:03:07.444307,KXBTCD-25MAY2219-T110499.99,DELTA,86,1500,92,1000,749,yes,86,500
2025-05-22T15:03:07.764419,KXBTCD-25MAY2219-T110499.99,DELTA,86,1500,92,1000,750,yes,7,-4628
2025-05-22T15:03:07.764640,KXBTCD-25MAY2219-T110499.99,DELTA,86,1500,92,1000,751,yes,9,3600
2025-05-22T15:03:07.845705,KXBTCD-25MAY2219-T110499.99,DELTA,86,1500,92,1000,752,yes,8,-20000
2025-05-22T15:03:07.894772,KXBTCD-25MAY2219-T110499.99,DELTA,86,1500,92,1000,753,no,7,100
2025-05-22T15:03:07.895013,KXBTCD-25MAY2219-T110499.99,DELTA,86,1500,92,1000,754,yes,10,20000
2025-05-22T15:03:08.525521,KXBTCD-25MAY2219-T110499.99,DELTA,86,1500,92,1000,755,no,7,-100
2025-05-22T15:03:09.025003,KXBTCD-25MAY2219-T110499.99,DELTA,86,1500,92,1000,756,yes,9,-3600
2025-05-22T15:03:09.025399,KXBTCD-25MAY2219-T110499.99,DELTA,86,1500,92,1000,757,yes,11,2945
2025-05-22T15:03:09.084703,KXBTCD-25MAY2219-T110499.99,DELTA,86,1500,92,1000,758,yes,10,-20000
2025-05-22T15:03:09.126732,KXBTCD-25MAY2219-T110499.99,DELTA,86,1500,92,1000,759,yes,5,20000
2025-05-22T15:03:10.246631,KXBTCD-25MAY2219-T110499.99,DELTA,86,1500,92,1000,760,yes,11,-2945
2025-05-22T15:03:10.247796,KXBTCD-25MAY2219-T110499.99,DELTA,86,1500,92,1000,761,yes,6,5400
2025-05-22T15:03:10.305566,KXBTCD-25MAY2219-T110499.99,DELTA,86,1500,92,1000,762,yes,5,-20000
2025-05-22T15:03:10.351723,KXBTCD-25MAY2219-T110499.99,DELTA,86,1500,92,1000,763,yes,7,20000
2025-05-22T15:03:10.505568,KXBTCD-25MAY2219-T110499.99,DELTA,86,1500,92,1000,764,no,7,100
2025-05-22T15:03:10.753584,KXBTCD-25MAY2219-T110499.99,DELTA,86,1500,92,1000,765,yes,51,2000
2025-05-22T15:03:10.905359,KXBTCD-25MAY2219-T110499.99,DELTA,86,1500,92,1000,766,no,7,-100
2025-05-22T15:03:11.065558,KXBTCD-25MAY2219-T110499.99,DELTA,86,1500,92,1000,767,yes,6,-5400
2025-05-22T15:03:11.144690,KXBTCD-25MAY2219-T110499.99,DELTA,86,1500,92,1000,768,yes,7,-20000
2025-05-22T15:03:11.205156,KXBTCD-25MAY2219-T110499.99,DELTA,86,1500,92,1000,769,yes,5,20000
2025-05-22T15:03:12.904916,KXBTCD-25MAY2219-T110499.99,DELTA,86,1500,92,1100,770,no,8,100
2025-05-22T15:03:13.085263,KXBTCD-25MAY2219-T110499.99,DELTA,86,1500,92,100,771,no,8,-1000
2025-05-22T15:03:13.284622,KXBTCD-25MAY2219-T110499.99,DELTA,86,1500,91,1000,772,no,9,1000
2025-05-22T15:03:13.804002,KXBTCD-25MAY2219-T110499.99,DELTA,86,1500,91,1000,773,no,8,-100
2025-05-22T15:03:13.904835,KXBTCD-25MAY2219-T110499.99,DELTA,86,1500,91,1000,774,yes,85,-100
2025-05-22T15:03:13.905196,KXBTCD-25MAY2219-T110499.99,DELTA,86,1500,93,1750,775,no,9,-1000
2025-05-22T15:03:13.986044,KXBTCD-25MAY2219-T110499.99,DELTA,86,1500,92,1000,776,no,8,1000
2025-05-22T15:03:16.504616,KXBTCD-25MAY2219-T110499.99,DELTA,86,500,92,1000,777,yes,86,-1000
2025-05-22T15:03:16.585078,KXBTCD-25MAY2219-T110499.99,DELTA,86,500,92,1000,778,no,7,-1250
2025-05-22T15:03:16.686438,KXBTCD-25MAY2219-T110499.99,DELTA,87,1000,92,1000,779,yes,87,1000
2025-05-22T15:03:16.785308,KXBTCD-25MAY2219-T110499.99,DELTA,87,1000,92,1000,780,yes,84,100
2025-05-22T15:03:16.785786,KXBTCD-25MAY2219-T110499.99,DELTA,87,1000,92,1000,781,yes,86,-500
2025-05-22T15:03:16.804490,KXBTCD-25MAY2219-T110499.99,DELTA,87,1000,92,1100,782,no,8,100
2025-05-22T15:03:16.845380,KXBTCD-25MAY2219-T110499.99,DELTA,85,14,92,1100,783,yes,87,-1000
2025-05-22T15:03:16.885167,KXBTCD-25MAY2219-T110499.99,DELTA,88,50,92,1100,784,yes,88,50
2025-05-22T15:03:16.905838,KXBTCD-25MAY2219-T110499.99,DELTA,88,50,92,1100,785,yes,85,1000
2025-05-22T15:03:18.946830,KXBTCD-25MAY2219-T110499.99,DELTA,88,50,92,1100,786,yes,6,5400
2025-05-22T15:03:19.025750,KXBTCD-25MAY2219-T110499.99,DELTA,88,50,92,1100,787,yes,5,-20000
2025-05-22T15:03:19.065511,KXBTCD-25MAY2219-T110499.99,DELTA,88,50,92,1100,788,yes,7,20000
2025-05-22T15:03:20.125536,KXBTCD-25MAY2219-T110499.99,DELTA,85,1014,92,1100,789,yes,88,-50
2025-05-22T15:03:20.205886,KXBTCD-25MAY2219-T110499.99,DELTA,87,400,92,1100,790,yes,87,400
2025-05-22T15:03:20.286182,KXBTCD-25MAY2219-T110499.99,DELTA,87,400,92,1100,791,yes,84,-100
2025-05-22T15:03:20.286293,KXBTCD-25MAY2219-T110499.99,DELTA,87,400,92,1100,792,yes,85,-1000
2025-05-22T15:03:20.307067,KXBTCD-25MAY2219-T110499.99,DELTA,87,400,92,1100,793,no,7,1250
2025-05-22T15:03:20.307155,KXBTCD-25MAY2219-T110499.99,DELTA,87,400,92,100,794,no,8,-1000
2025-05-22T15:03:20.365713,KXBTCD-25MAY2219-T110499.99,DELTA,87,400,92,100,795,yes,85,1000
2025-05-22T15:03:20.405248,KXBTCD-25MAY2219-T110499.99,DELTA,87,400,91,1000,796,no,9,1000
2025-05-22T15:03:20.466043,KXBTCD-25MAY2219-T110499.99,DELTA,87,400,91,1000,797,yes,85,-1000
2025-05-22T15:03:20.486893,KXBTCD-25MAY2219-T110499.99,DELTA,85,14,91,1000,798,yes,87,-400
2025-05-22T15:03:20.487004,KXBTCD-25MAY2219-T110499.99,DELTA,85,14,91,1000,799,no,7,-500
2025-05-22T15:03:20.506212,KXBTCD-25MAY2219-T110499.99,DELTA,85,14,91,1000,800,yes,83,1000
2025-05-22T15:03:20.585845,KXBTCD-25MAY2219-T110499.99,DELTA,85,14,91,1000,801,no,7,-1250
2025-05-22T15:03:20.606204,KXBTCD-25MAY2219-T110499.99,DELTA,86,400,91,1000,802,yes,86,400
2025-05-22T15:03:20.606295,KXBTCD-25MAY2219-T110499.99,DELTA,86,400,91,1100,803,no,9,100
2025-05-22T15:03:20.685725,KXBTCD-25MAY2219-T110499.99,DELTA,86,400,91,1000,804,no,9,-100
2025-05-22T15:03:20.705337,KXBTCD-25MAY2219-T110499.99,DELTA,86,400,91,1000,805,yes,83,-1000
2025-05-22T15:03:20.746324,KXBTCD-25MAY2219-T110499.99,DELTA,86,400,91,1250,806,no,9,250
2025-05-22T15:03:20.765013,KXBTCD-25MAY2219-T110499.99,DELTA,86,1400,91,1250,807,yes,86,1000
2025-05-22T15:03:21.069732,KXBTCD-25MAY2219-T110499.99,DELTA,86,1400,91,1250,808,yes,6,-5400
2025-05-22T15:03:21.070397,KXBTCD-25MAY2219-T110499.99,DELTA,86,1400,91,1250,809,yes,8,4050
2025-05-22T15:03:21.125766,KXBTCD-25MAY2219-T110499.99,DELTA,86,1400,91,1250,810,yes,7,-20000
2025-05-22T15:03:21.166723,KXBTCD-25MAY2219-T110499.99,DELTA,86,1400,91,1250,811,yes,9,20000
2025-05-22T15:03:21.166811,KXBTCD-25MAY2219-T110499.99,DELTA,86,1400,91,1250,812,no,8,-100
2025-05-22T15:03:21.665671,KXBTCD-25MAY2219-T110499.99,DELTA,86,1400,91,1250,813,yes,83,100
2025-05-22T15:03:22.406821,KXBTCD-25MAY2219-T110499.99,DELTA,86,1400,91,1250,814,yes,8,-4050
2025-05-22T15:03:22.406959,KXBTCD-25MAY2219-T110499.99,DELTA,86,1400,91,1250,815,yes,10,3240
2025-05-22T15:03:22.466097,KXBTCD-25MAY2219-T110499.99,DELTA,86,1400,91,1250,816,yes,9,-20000
2025-05-22T15:03:22.505712,KXBTCD-25MAY2219-T110499.99,DELTA,86,1400,91,1250,817,yes,11,20000
2025-05-22T15:03:22.965272,KXBTCD-25MAY2219-T110499.99,DELTA,86,1400,91,1350,818,no,9,100
2025-05-22T15:03:23.705910,KXBTCD-25MAY2219-T110499.99,DELTA,86,1400,91,1350,819,yes,10,-3240
2025-05-22T15:03:23.706068,KXBTCD-25MAY2219-T110499.99,DELTA,86,1400,91,1350,820,yes,12,2700
2025-05-22T15:03:23.765025,KXBTCD-25MAY2219-T110499.99,DELTA,86,1400,91,1350,821,yes,11,-20000
2025-05-22T15:03:23.804600,KXBTCD-25MAY2219-T110499.99,DELTA,86,1400,91,1350,822,yes,5,20000
2025-05-22T15:03:24.266324,KXBTCD-25MAY2219-T110499.99,DELTA,86,1400,91,1100,823,no,9,-250
2025-05-22T15:03:24.305142,KXBTCD-25MAY2219-T110499.99,DELTA,86,1400,91,1150,824,no,9,50
2025-05-22T15:03:24.929519,KXBTCD-25MAY2219-T110499.99,DELTA,86,400,91,1150,825,yes,86,-1000
2025-05-22T15:03:24.929643,KXBTCD-25MAY2219-T110499.99,DELTA,86,400,91,150,826,no,9,-1000
2025-05-22T15:03:24.929891,KXBTCD-25MAY2219-T110499.99,DELTA,86,400,91,150,827,no,7,1000
2025-05-22T15:03:24.929957,KXBTCD-25MAY2219-T110499.99,DELTA,87,1000,91,150,828,yes,87,1000
2025-05-22T15:03:24.965139,KXBTCD-25MAY2219-T110499.99,DELTA,87,1000,91,150,829,no,4,9
2025-05-22T15:03:25.011719,KXBTCD-25MAY2219-T110499.99,DELTA,87,1000,91,150,830,yes,12,-2700
2025-05-22T15:03:25.011856,KXBTCD-25MAY2219-T110499.99,DELTA,87,1000,91,150,831,yes,6,5400
2025-05-22T15:03:25.067192,KXBTCD-25MAY2219-T110499.99,DELTA,87,1000,91,150,832,yes,5,-20000
2025-05-22T15:03:25.121210,KXBTCD-25MAY2219-T110499.99,DELTA,87,1000,91,150,833,yes,7,20000
2025-05-22T15:03:25.446745,KXBTCD-25MAY2219-T110499.99,DELTA,87,1000,91,100,834,no,9,-50
2025-05-22T15:03:25.465405,KXBTCD-25MAY2219-T110499.99,DELTA,87,1000,91,100,835,no,8,500
2025-05-22T15:03:25.526027,KXBTCD-25MAY2219-T110499.99,DELTA,87,1000,91,100,836,no,7,-1000
2025-05-22T15:03:25.585667,KXBTCD-25MAY2219-T110499.99,DELTA,87,1000,91,100,837,no,8,1000
2025-05-22T15:03:25.705958,KXBTCD-25MAY2219-T110499.99,DELTA,87,1000,91,100,838,no,4,-9
2025-05-22T15:03:25.906660,KXBTCD-25MAY2219-T110499.99,DELTA,86,400,91,100,839,yes,87,-1000
2025-05-22T15:03:25.925483,KXBTCD-25MAY2219-T110499.99,DELTA,86,400,91,100,840,no,8,-1000
2025-05-22T15:03:25.964850,KXBTCD-25MAY2219-T110499.99,DELTA,86,400,91,1100,841,no,9,1000
2025-05-22T15:03:25.965012,KXBTCD-25MAY2219-T110499.99,DELTA,86,1400,91,1100,842,yes,86,1000
2025-05-22T15:03:26.286547,KXBTCD-25MAY2219-T110499.99,DELTA,86,1400,91,1100,843,yes,6,-5400
2025-05-22T15:03:26.286705,KXBTCD-25MAY2219-T110499.99,DELTA,86,1400,91,1100,844,yes,8,4050
2025-05-22T15:03:26.346626,KXBTCD-25MAY2219-T110499.99,DELTA,86,1400,91,1100,845,yes,7,-20000
2025-05-22T15:03:26.408921,KXBTCD-25MAY2219-T110499.99,DELTA,86,1400,91,1100,846,yes,9,20000
2025-05-22T15:03:29.742490,KXBTCD-25MAY2219-T110499.99,DELTA,86,1400,91,1100,847,yes,83,-100
2025-05-22T15:03:30.085724,KXBTCD-25MAY2219-T110499.99,DELTA,86,1400,91,1100,848,yes,8,-4050
2025-05-22T15:03:30.085859,KXBTCD-25MAY2219-T110499.99,DELTA,86,1400,91,1100,849,yes,10,3240
2025-05-22T15:03:30.145558,KXBTCD-25MAY2219-T110499.99,DELTA,86,1400,91,1100,850,yes,9,-20000
2025-05-22T15:03:30.186181,KXBTCD-25MAY2219-T110499.99,DELTA,86,1400,91,1100,851,yes,11,20000
2025-05-22T15:03:30.666548,KXBTCD-25MAY2219-T110499.99,DELTA,86,1400,91,1000,852,no,9,-100
2025-05-22T15:03:30.846710,KXBTCD-25MAY2219-T110499.99,DELTA,86,1400,91,1000,853,yes,85,100
2025-05-22T15:03:32.147265,KXBTCD-25MAY2219-T110499.99,DELTA,86,1400,91,1000,854,no,7,100
2025-05-22T15:03:32.967000,KXBTCD-25MAY2219-T110499.99,DELTA,86,1400,91,1000,855,yes,10,-3240
2025-05-22T15:03:32.967115,KXBTCD-25MAY2219-T110499.99,DELTA,86,1400,91,1000,856,yes,12,2700
2025-05-22T15:03:33.026430,KXBTCD-25MAY2219-T110499.99,DELTA,86,1400,91,1000,857,yes,11,-20000
2025-05-22T15:03:33.065653,KXBTCD-25MAY2219-T110499.99,DELTA,86,1400,91,1000,858,yes,5,20000
2025-05-22T15:03:33.346197,KXBTCD-25MAY2219-T110499.99,DELTA,86,400,91,1000,859,yes,86,-1000
2025-05-22T15:03:33.346306,KXBTCD-25MAY2219-T110499.99,DELTA,86,400,92,500,860,no,9,-1000
2025-05-22T15:03:33.386560,KXBTCD-25MAY2219-T110499.99,DELTA,86,400,92,1500,861,no,8,1000
2025-05-22T15:03:33.386737,KXBTCD-25MAY2219-T110499.99,DELTA,87,1000,92,1500,862,yes,87,1000
2025-05-22T15:03:34.386606,KXBTCD-25MAY2219-T110499.99,DELTA,87,1000,92,1500,863,yes,12,-2700
2025-05-22T15:03:34.386820,KXBTCD-25MAY2219-T110499.99,DELTA,87,1000,92,1500,864,yes,6,5400
2025-05-22T15:03:34.446714,KXBTCD-25MAY2219-T110499.99,DELTA,87,1000,92,1500,865,yes,5,-20000
2025-05-22T15:03:34.484935,KXBTCD-25MAY2219-T110499.99,DELTA,87,1000,92,1500,866,yes,7,20000
2025-05-22T15:03:35.767644,KXBTCD-25MAY2219-T110499.99,DELTA,87,1000,92,1500,867,yes,6,-5400
2025-05-22T15:03:35.768341,KXBTCD-25MAY2219-T110499.99,DELTA,87,1000,92,1500,868,yes,8,4050
2025-05-22T15:03:35.827780,KXBTCD-25MAY2219-T110499.99,DELTA,87,1000,92,1500,869,yes,7,-20000
2025-05-22T15:03:35.867906,KXBTCD-25MAY2219-T110499.99,DELTA,87,1000,92,1500,870,yes,9,20000
2025-05-22T15:03:37.146577,KXBTCD-25MAY2219-T110499.99,DELTA,87,1000,92,1500,871,yes,8,-4050
2025-05-22T15:03:37.147554,KXBTCD-25MAY2219-T110499.99,DELTA,87,1000,92,1500,872,yes,10,3240
2025-05-22T15:03:37.207218,KXBTCD-25MAY2219-T110499.99,DELTA,87,1000,92,1500,873,yes,9,-20000
2025-05-22T15:03:37.266751,KXBTCD-25MAY2219-T110499.99,DELTA,87,1000,92,1500,874,yes,11,20000
2025-05-22T15:03:38.507747,KXBTCD-25MAY2219-T110499.99,DELTA,87,1000,92,1500,875,yes,10,-3240
2025-05-22T15:03:38.508826,KXBTCD-25MAY2219-T110499.99,DELTA,87,1000,92,1500,876,yes,39,830
2025-05-22T15:03:38.567759,KXBTCD-25MAY2219-T110499.99,DELTA,87,1000,92,1500,877,yes,11,-20000
2025-05-22T15:03:38.607351,KXBTCD-25MAY2219-T110499.99,DELTA,87,1000,92,1500,878,yes,5,20000
2025-05-22T15:03:39.088003,KXBTCD-25MAY2219-T110499.99,DELTA,86,400,92,1500,879,yes,87,-1000
2025-05-22T15:03:39.088931,KXBTCD-25MAY2219-T110499.99,DELTA,86,400,92,500,880,no,8,-1000
2025-05-22T15:03:39.128057,KXBTCD-25MAY2219-T110499.99,DELTA,86,400,91,1000,881,no,9,1000
2025-05-22T15:03:39.147357,KXBTCD-25MAY2219-T110499.99,DELTA,86,1400,91,1000,882,yes,86,1000
2025-05-22T15:03:39.667181,KXBTCD-25MAY2219-T110499.99,DELTA,86,1400,91,1000,883,yes,85,-100
2025-05-22T15:03:40.526136,KXBTCD-25MAY2219-T110499.99,DELTA,86,400,91,1000,884,yes,86,-1000
2025-05-22T15:03:40.526268,KXBTCD-25MAY2219-T110499.99,DELTA,86,400,92,500,885,no,9,-1000
2025-05-22T15:03:40.606244,KXBTCD-25MAY2219-T110499.99,DELTA,87,1000,92,500,886,yes,87,1000
2025-05-22T15:03:40.606737,KXBTCD-25MAY2219-T110499.99,DELTA,87,1000,92,1500,887,no,8,1000
2025-05-22T15:03:40.646240,KXBTCD-25MAY2219-T110499.99,DELTA,87,1000,92,1500,888,yes,65,9
2025-05-22T15:03:42.086431,KXBTCD-25MAY2219-T110499.99,DELTA,87,1000,92,1500,889,yes,86,100
2025-05-22T15:03:42.186928,KXBTCD-25MAY2219-T110499.99,DELTA,87,1000,92,1500,890,yes,65,-9
2025-05-22T15:03:42.548372,KXBTCD-25MAY2219-T110499.99,DELTA,87,1000,92,1500,891,yes,39,-830
2025-05-22T15:03:42.549301,KXBTCD-25MAY2219-T110499.99,DELTA,87,1000,92,1500,892,yes,40,810
2025-05-22T15:03:44.446841,KXBTCD-25MAY2219-T110499.99,DELTA,86,500,92,1500,893,yes,87,-1000
2025-05-22T15:03:44.447121,KXBTCD-25MAY2219-T110499.99,DELTA,86,500,92,500,894,no,8,-1000
2025-05-22T15:03:44.506547,KXBTCD-25MAY2219-T110499.99,DELTA,86,500,91,1000,895,no,9,1000
2025-05-22T15:03:44.526035,KXBTCD-25MAY2219-T110499.99,DELTA,86,1500,91,1000,896,yes,86,1000
2025-05-22T15:03:45.047217,KXBTCD-25MAY2219-T110499.99,DELTA,86,500,91,1000,897,yes,86,-1000
2025-05-22T15:03:45.048122,KXBTCD-25MAY2219-T110499.99,DELTA,86,500,92,500,898,no,9,-1000
2025-05-22T15:03:45.109475,KXBTCD-25MAY2219-T110499.99,DELTA,87,1000,92,500,899,yes,87,1000
2025-05-22T15:03:45.109770,KXBTCD-25MAY2219-T110499.99,DELTA,87,1000,92,1500,900,no,8,1000
2025-05-22T15:03:45.608146,KXBTCD-25MAY2219-T110499.99,DELTA,88,14,92,1500,901,yes,88,14
2025-05-22T15:03:45.627212,KXBTCD-25MAY2219-T110499.99,DELTA,88,14,92,1500,902,yes,85,-14
2025-05-22T15:03:45.627893,KXBTCD-25MAY2219-T110499.99,DELTA,88,14,92,1500,903,no,2,-14
2025-05-22T15:03:46.167284,KXBTCD-25MAY2219-T110499.99,DELTA,88,14,92,1500,904,yes,85,30
2025-05-22T15:03:46.167894,KXBTCD-25MAY2219-T110499.99,DELTA,88,14,92,1500,905,no,3,30
2025-05-22T15:03:46.187174,KXBTCD-25MAY2219-T110499.99,DELTA,88,14,92,1500,906,yes,82,-30
2025-05-22T15:03:46.187884,KXBTCD-25MAY2219-T110499.99,DELTA,88,14,92,1500,907,no,6,-30
2025-05-22T15:03:47.675520,KXBTCD-25MAY2219-T110499.99,DELTA,88,14,92,1000,908,no,8,-500
2025-05-22T15:03:47.693601,KXBTCD-25MAY2219-T110499.99,DELTA,88,14,92,1000,909,no,7,500
2025-05-22T15:03:50.736083,KXBTCD-25MAY2219-T110499.99,DELTA,88,14,92,1000,910,yes,86,-400
2025-05-22T15:03:50.737070,KXBTCD-25MAY2219-T110499.99,DELTA,88,64,92,1000,911,yes,88,50
2025-05-22T15:03:50.746677,KXBTCD-25MAY2219-T110499.99,DELTA,88,14,92,1000,912,yes,88,-50
2025-05-22T15:03:50.768030,KXBTCD-25MAY2219-T110499.99,DELTA,88,14,92,1000,913,yes,87,500
2025-05-22T15:04:01.827447,KXBTCD-25MAY2219-T110499.99,DELTA,88,14,92,1000,914,no,7,-500
2025-05-22T15:04:01.926591,KXBTCD-25MAY2219-T110499.99,DELTA,88,14,92,1000,915,yes,87,-500
2025-05-22T15:04:01.927250,KXBTCD-25MAY2219-T110499.99,DELTA,88,14,92,1000,916,no,7,-100
2025-05-22T15:04:01.946901,KXBTCD-25MAY2219-T110499.99,DELTA,88,14,92,1000,917,yes,86,-100
2025-05-22T15:04:01.987222,KXBTCD-25MAY2219-T110499.99,DELTA,88,14,97,80030,918,no,8,-1000
2025-05-22T15:04:02.025647,KXBTCD-25MAY2219-T110499.99,DELTA,88,14,97,80030,919,yes,87,-1000
2025-05-22T15:04:02.026241,KXBTCD-25MAY2219-T110499.99,DELTA,89,100,97,80030,920,yes,89,100
2025-05-22T15:04:02.046161,KXBTCD-25MAY2219-T110499.99,DELTA,89,100,94,500,921,no,6,500
2025-05-22T15:04:02.046839,KXBTCD-25MAY2219-T110499.99,DELTA,89,100,94,500,922,no,4,1000
2025-05-22T15:04:02.067244,KXBTCD-25MAY2219-T110499.99,DELTA,89,100,94,500,923,yes,86,1000
2025-05-22T15:04:02.107154,KXBTCD-25MAY2219-T110499.99,DELTA,89,100,94,1750,924,no,6,1250
2025-05-22T15:04:02.126273,KXBTCD-25MAY2219-T110499.99,DELTA,89,100,94,1750,925,no,4,-1000
2025-05-22T15:04:02.165869,KXBTCD-25MAY2219-T110499.99,DELTA,89,100,93,1000,926,no,7,1000
2025-05-22T15:04:03.666050,KXBTCD-25MAY2219-T110499.99,DELTA,89,100,93,1000,927,yes,85,-30
2025-05-22T15:04:03.686862,KXBTCD-25MAY2219-T110499.99,DELTA,89,114,93,1000,928,yes,89,14
2025-05-22T15:04:03.686987,KXBTCD-25MAY2219-T110499.99,DELTA,89,114,93,1000,929,yes,88,-14
2025-05-22T15:04:03.687083,KXBTCD-25MAY2219-T110499.99,DELTA,89,114,93,1000,930,yes,86,30
2025-05-22T15:04:03.687284,KXBTCD-25MAY2219-T110499.99,DELTA,89,114,93,1000,931,no,3,-30
2025-05-22T15:04:03.687375,KXBTCD-25MAY2219-T110499.99,DELTA,89,114,93,1000,932,no,6,-1250
2025-05-22T15:04:03.687705,KXBTCD-25MAY2219-T110499.99,DELTA,89,114,93,1000,933,no,2,30
2025-05-22T15:04:03.728589,KXBTCD-25MAY2219-T110499.99,DELTA,89,114,93,1000,934,yes,86,-1000
2025-05-22T15:04:03.745932,KXBTCD-25MAY2219-T110499.99,DELTA,89,114,93,1000,935,yes,86,100
2025-05-22T15:04:03.746097,KXBTCD-25MAY2219-T110499.99,DELTA,89,114,93,1000,936,no,6,100
2025-05-22T15:04:03.746227,KXBTCD-25MAY2219-T110499.99,DELTA,89,14,93,1000,937,yes,89,-100
2025-05-22T15:04:03.767190,KXBTCD-25MAY2219-T110499.99,DELTA,89,14,93,1000,938,yes,87,1000
2025-05-22T15:04:03.786531,KXBTCD-25MAY2219-T110499.99,DELTA,89,264,93,1000,939,yes,89,250
2025-05-22T15:04:04.926931,KXBTCD-25MAY2219-T110499.99,DELTA,89,264,93,1000,940,yes,86,-100
2025-05-22T15:04:06.198880,KXBTCD-25MAY2219-T110499.99,DELTA,89,264,93,1000,941,no,6,-500
2025-05-22T15:04:06.199653,KXBTCD-25MAY2219-T110499.99,DELTA,89,264,93,1000,942,no,5,500
2025-05-22T15:04:06.226840,KXBTCD-25MAY2219-T110499.99,DELTA,89,264,93,1000,943,no,5,1250
2025-05-22T15:04:06.887169,KXBTCD-25MAY2219-T110499.99,DELTA,89,264,93,1000,944,yes,87,100
2025-05-22T15:04:06.948692,KXBTCD-25MAY2219-T110499.99,DELTA,89,264,93,1000,945,yes,87,-1000
2025-05-22T15:04:07.001177,KXBTCD-25MAY2219-T110499.99,DELTA,89,264,93,1000,946,yes,88,1000
2025-05-22T15:04:07.047661,KXBTCD-25MAY2219-T110499.99,DELTA,89,264,93,1000,947,yes,65,9
2025-05-22T15:04:16.326952,KXBTCD-25MAY2219-T110499.99,DELTA,89,264,93,1000,948,no,6,-100
2025-05-22T15:04:16.407213,KXBTCD-25MAY2219-T110499.99,DELTA,89,264,95,1750,949,no,7,-1000
2025-05-22T15:04:16.446792,KXBTCD-25MAY2219-T110499.99,DELTA,89,264,95,1750,950,yes,65,-9
2025-05-22T15:04:16.547806,KXBTCD-25MAY2219-T110499.99,DELTA,89,264,94,1000,951,no,6,1000
2025-05-22T15:04:18.208143,KXBTCD-25MAY2219-T110499.99,DELTA,89,264,94,1000,952,no,4,100
2025-05-22T15:04:18.467606,KXBTCD-25MAY2219-T110499.99,DELTA,89,264,94,1000,953,yes,87,-100
2025-05-22T15:04:18.547718,KXBTCD-25MAY2219-T110499.99,DELTA,89,264,94,1000,954,yes,88,-1000
2025-05-22T15:04:18.588282,KXBTCD-25MAY2219-T110499.99,DELTA,89,264,94,1000,955,yes,87,1000
2025-05-22T15:04:19.203979,KXBTCD-25MAY2219-T110499.99,DELTA,89,264,94,1000,956,yes,87,-1000
2025-05-22T15:04:19.205085,KXBTCD-25MAY2219-T110499.99,DELTA,89,264,94,1000,957,no,5,-1250
2025-05-22T15:04:19.205571,KXBTCD-25MAY2219-T110499.99,DELTA,89,1264,94,1000,958,yes,89,1000
2025-05-22T15:04:19.248174,KXBTCD-25MAY2219-T110499.99,DELTA,89,1264,94,1000,959,yes,65,9
2025-05-22T15:04:20.368038,KXBTCD-25MAY2219-T110499.99,DELTA,89,1264,94,1000,960,yes,88,100
2025-05-22T15:04:20.508187,KXBTCD-25MAY2219-T110499.99,DELTA,89,1264,94,1000,961,yes,65,-9
2025-05-22T15:04:21.068152,KXBTCD-25MAY2219-T110499.99,DELTA,89,1264,94,1000,962,no,5,1250
2025-05-22T15:04:21.068725,KXBTCD-25MAY2219-T110499.99,DELTA,89,264,94,1000,963,yes,89,-1000
2025-05-22T15:04:21.127888,KXBTCD-25MAY2219-T110499.99,DELTA,89,264,94,1000,964,yes,88,1000
2025-05-22T15:04:21.368453,KXBTCD-25MAY2219-T110499.99,DELTA,89,14,94,1000,965,yes,89,-250
2025-05-22T15:04:21.369145,KXBTCD-25MAY2219-T110499.99,DELTA,89,14,94,1000,966,no,5,-500
2025-05-22T15:04:21.447296,KXBTCD-25MAY2219-T110499.99,DELTA,89,14,95,1250,967,no,6,-1000
2025-05-22T15:04:21.447975,KXBTCD-25MAY2219-T110499.99,DELTA,89,14,96,100,968,no,5,-1250
2025-05-22T15:04:21.507449,KXBTCD-25MAY2219-T110499.99,DELTA,89,14,96,100,969,yes,88,300
2025-05-22T15:04:21.527032,KXBTCD-25MAY2219-T110499.99,DELTA,89,14,93,350,970,no,7,350
2025-05-22T15:04:21.566224,KXBTCD-25MAY2219-T110499.99,DELTA,89,14,93,350,971,no,5,1000
2025-05-22T15:04:21.706164,KXBTCD-25MAY2219-T110499.99,DELTA,89,14,93,350,972,no,5,-1000
2025-05-22T15:04:21.786204,KXBTCD-25MAY2219-T110499.99,DELTA,89,14,93,1350,973,no,7,1000
2025-05-22T15:04:21.906408,KXBTCD-25MAY2219-T110499.99,DELTA,89,14,93,1350,974,no,4,-100
2025-05-22T15:04:22.323158,KXBTCD-25MAY2219-T110499.99,DELTA,89,14,93,1350,975,yes,88,-100
2025-05-22T15:04:22.889134,KXBTCD-25MAY2219-T110499.99,DELTA,89,14,93,1350,976,yes,87,14
2025-05-22T15:04:22.889331,KXBTCD-25MAY2219-T110499.99,DELTA,88,1300,93,1350,977,yes,89,-14
2025-05-22T15:04:22.889655,KXBTCD-25MAY2219-T110499.99,DELTA,88,1300,93,1350,978,no,1,14
2025-05-22T15:04:23.527005,KXBTCD-25MAY2219-T110499.99,DELTA,88,1300,93,1350,979,yes,84,30
2025-05-22T15:04:23.528071,KXBTCD-25MAY2219-T110499.99,DELTA,88,1300,93,1350,980,yes,86,-30
2025-05-22T15:04:23.528755,KXBTCD-25MAY2219-T110499.99,DELTA,88,1300,93,1350,981,no,5,30
2025-05-22T15:04:23.547099,KXBTCD-25MAY2219-T110499.99,DELTA,88,1300,93,1350,982,no,2,-30
2025-05-22T15:04:24.187318,KXBTCD-25MAY2219-T110499.99,DELTA,88,1300,93,1350,983,yes,86,100
2025-05-22T15:04:24.207157,KXBTCD-25MAY2219-T110499.99,DELTA,88,1300,93,1350,984,no,6,100
2025-05-22T15:04:26.007269,KXBTCD-25MAY2219-T110499.99,DELTA,88,300,93,1350,985,yes,88,-1000
2025-05-22T15:04:26.008078,KXBTCD-25MAY2219-T110499.99,DELTA,88,300,93,350,986,no,7,-1000
2025-05-22T15:04:26.067366,KXBTCD-25MAY2219-T110499.99,DELTA,88,300,93,350,987,yes,87,1000
2025-05-22T15:04:26.086439,KXBTCD-25MAY2219-T110499.99,DELTA,88,300,92,1000,988,no,8,1000
2025-05-22T15:04:26.127431,KXBTCD-25MAY2219-T110499.99,DELTA,88,300,92,1000,989,yes,65,9
2025-05-22T15:04:27.987192,KXBTCD-25MAY2219-T110499.99,DELTA,88,300,92,1000,990,yes,87,-1000
2025-05-22T15:04:27.987785,KXBTCD-25MAY2219-T110499.99,DELTA,88,300,93,350,991,no,8,-1000
2025-05-22T15:04:27.988005,KXBTCD-25MAY2219-T110499.99,DELTA,88,300,93,350,992,no,6,-100
2025-05-22T15:04:28.047862,KXBTCD-25MAY2219-T110499.99,DELTA,88,300,93,1350,993,no,7,1000
2025-05-22T15:04:28.048537,KXBTCD-25MAY2219-T110499.99,DELTA,88,1300,93,1350,994,yes,88,1000
2025-05-22T15:04:29.806749,KXBTCD-25MAY2219-T110499.99,DELTA,88,1300,93,1350,995,no,6,100
2025-05-22T15:04:29.907340,KXBTCD-25MAY2219-T110499.99,DELTA,88,1300,93,1350,996,yes,65,-9
2025-05-22T15:04:30.387706,KXBTCD-25MAY2219-T110499.99,DELTA,88,1300,93,1350,997,no,6,-100
2025-05-22T15:04:32.054235,KXBTCD-25MAY2219-T110499.99,DELTA,88,1300,93,1350,998,yes,84,-30
2025-05-22T15:04:32.055202,KXBTCD-25MAY2219-T110499.99,DELTA,88,1300,93,1350,999,yes,85,30
2025-05-22T15:04:32.067623,KXBTCD-25MAY2219-T110499.99,DELTA,88,1300,93,1350,1000,no,5,-30
2025-05-22T15:04:32.068138,KXBTCD-25MAY2219-T110499.99,DELTA,88,1300,93,1350,1001,no,3,30
2025-05-22T15:04:32.147273,KXBTCD-25MAY2219-T110499.99,DELTA,88,1314,93,1350,1002,yes,88,14
2025-05-22T15:04:32.147970,KXBTCD-25MAY2219-T110499.99,DELTA,88,1314,93,1350,1003,yes,87,-14
2025-05-22T15:04:32.168046,KXBTCD-25MAY2219-T110499.99,DELTA,88,1314,93,1350,1004,no,1,-14
2025-05-22T15:04:32.707714,KXBTCD-25MAY2219-T110499.99,DELTA,88,1314,93,1000,1005,no,7,-350
2025-05-22T15:04:32.728400,KXBTCD-25MAY2219-T110499.99,DELTA,88,1314,93,1100,1006,no,7,100
2025-05-22T15:04:32.767784,KXBTCD-25MAY2219-T110499.99,DELTA,88,1314,93,100,1007,no,7,-1000
2025-05-22T15:04:32.847296,KXBTCD-25MAY2219-T110499.99,DELTA,88,1314,93,1100,1008,no,7,1000
2025-05-22T15:04:32.847620,KXBTCD-25MAY2219-T110499.99,DELTA,88,1314,93,1100,1009,no,6,500
2025-05-22T15:04:37.967213,KXBTCD-25MAY2219-T110499.99,DELTA,88,1314,93,1100,1010,yes,86,-100
2025-05-22T15:04:37.967428,KXBTCD-25MAY2219-T110499.99,DELTA,88,1314,93,1000,1011,no,7,-100
2025-05-22T15:04:39.486898,KXBTCD-25MAY2219-T110499.99,DELTA,88,1314,93,1000,1012,no,6,-500
2025-05-22T15:04:39.546119,KXBTCD-25MAY2219-T110499.99,DELTA,88,1314,97,80030,1013,no,7,-1000
2025-05-22T15:04:39.587342,KXBTCD-25MAY2219-T110499.99,DELTA,88,1314,95,100,1014,no,5,100
2025-05-22T15:04:39.606710,KXBTCD-25MAY2219-T110499.99,DELTA,88,1314,95,100,1015,no,4,1000
2025-05-22T15:04:39.606815,KXBTCD-25MAY2219-T110499.99,DELTA,88,1314,95,100,1016,yes,87,100
2025-05-22T15:04:39.652381,KXBTCD-25MAY2219-T110499.99,DELTA,88,1314,95,100,1017,no,4,-1000
2025-05-22T15:04:39.671049,KXBTCD-25MAY2219-T110499.99,DELTA,88,1314,95,600,1018,no,5,500
2025-05-22T15:04:39.685960,KXBTCD-25MAY2219-T110499.99,DELTA,88,1314,94,1000,1019,no,6,1000
2025-05-22T15:04:39.727062,KXBTCD-25MAY2219-T110499.99,DELTA,88,314,94,1000,1020,yes,88,-1000
2025-05-22T15:04:39.806056,KXBTCD-25MAY2219-T110499.99,DELTA,89,1000,94,1000,1021,yes,89,1000
2025-05-22T15:04:42.787326,KXBTCD-25MAY2219-T110499.99,DELTA,89,1000,94,1000,1022,yes,88,-300
2025-05-22T15:04:42.807222,KXBTCD-25MAY2219-T110499.99,DELTA,90,50,94,1000,1023,yes,90,50
2025-05-22T15:04:42.866943,KXBTCD-25MAY2219-T110499.99,DELTA,90,50,94,1000,1024,yes,89,-1000
2025-05-22T15:04:42.907891,KXBTCD-25MAY2219-T110499.99,DELTA,90,50,94,1000,1025,yes,88,1000
2025-05-22T15:04:43.048330,KXBTCD-25MAY2219-T110499.99,DELTA,88,1014,94,1000,1026,yes,90,-50
2025-05-22T15:04:43.067733,KXBTCD-25MAY2219-T110499.99,DELTA,89,500,94,1000,1027,yes,89,500
2025-05-22T15:04:43.128559,KXBTCD-25MAY2219-T110499.99,DELTA,89,500,94,1000,1028,yes,88,-1000
2025-05-22T15:04:43.167822,KXBTCD-25MAY2219-T110499.99,DELTA,89,1500,94,1000,1029,yes,89,1000
2025-05-22T15:04:43.746967,KXBTCD-25MAY2219-T110499.99,DELTA,89,1500,94,1000,1030,no,5,1250
2025-05-22T15:04:43.747221,KXBTCD-25MAY2219-T110499.99,DELTA,89,500,94,1000,1031,yes,89,-1000
2025-05-22T15:04:43.847709,KXBTCD-25MAY2219-T110499.99,DELTA,89,500,94,1000,1032,yes,88,1000
2025-05-22T15:04:44.467749,KXBTCD-25MAY2219-T110499.99,DELTA,88,1014,94,1000,1033,yes,89,-500
2025-05-22T15:04:44.506537,KXBTCD-25MAY2219-T110499.99,DELTA,88,1514,94,1000,1034,yes,88,500
2025-05-22T15:04:44.706674,KXBTCD-25MAY2219-T110499.99,DELTA,88,1514,94,1000,1035,no,5,-500
2025-05-22T15:04:44.726943,KXBTCD-25MAY2219-T110499.99,DELTA,88,1514,93,50,1036,no,7,50
2025-05-22T15:04:44.767072,KXBTCD-25MAY2219-T110499.99,DELTA,88,1514,93,50,1037,no,5,-1250
2025-05-22T15:04:44.807188,KXBTCD-25MAY2219-T110499.99,DELTA,88,1514,93,50,1038,no,6,-1000
2025-05-22T15:04:44.826035,KXBTCD-25MAY2219-T110499.99,DELTA,88,1514,93,50,1039,no,5,-100
2025-05-22T15:04:44.866637,KXBTCD-25MAY2219-T110499.99,DELTA,88,1514,93,1050,1040,no,7,1000
2025-05-22T15:04:44.886095,KXBTCD-25MAY2219-T110499.99,DELTA,88,1514,93,1000,1041,no,7,-50
2025-05-22T15:04:44.925974,KXBTCD-25MAY2219-T110499.99,DELTA,88,1514,93,1000,1042,no,6,500
2025-05-22T15:04:44.946603,KXBTCD-25MAY2219-T110499.99,DELTA,88,1514,94,500,1043,no,7,-1000
2025-05-22T15:04:44.986472,KXBTCD-25MAY2219-T110499.99,DELTA,88,1514,94,500,1044,no,4,1000
2025-05-22T15:04:45.026308,KXBTCD-25MAY2219-T110499.99,DELTA,88,1514,94,500,1045,no,4,-1000
2025-05-22T15:04:45.066245,KXBTCD-25MAY2219-T110499.99,DELTA,88,1514,93,1000,1046,no,7,1000
2025-05-22T15:04:45.446138,KXBTCD-25MAY2219-T110499.99,DELTA,88,1500,93,1000,1047,yes,88,-14
2025-05-22T15:04:45.466991,KXBTCD-25MAY2219-T110499.99,DELTA,88,1500,93,1000,1048,yes,85,-30
2025-05-22T15:04:45.467857,KXBTCD-25MAY2219-T110499.99,DELTA,88,1500,93,1000,1049,yes,87,14
2025-05-22T15:04:45.468360,KXBTCD-25MAY2219-T110499.99,DELTA,88,1500,93,1000,1050,yes,83,30
2025-05-22T15:04:45.468823,KXBTCD-25MAY2219-T110499.99,DELTA,88,1500,93,1000,1051,no,3,-30
2025-05-22T15:04:45.469241,KXBTCD-25MAY2219-T110499.99,DELTA,88,1500,93,1000,1052,no,1,14
2025-05-22T15:04:45.469655,KXBTCD-25MAY2219-T110499.99,DELTA,88,1500,93,1000,1053,no,5,30
2025-05-22T15:04:47.566737,KXBTCD-25MAY2219-T110499.99,DELTA,88,1500,93,1000,1054,no,6,100
2025-05-22T15:04:56.887386,KXBTCD-25MAY2219-T110499.99,DELTA,89,14,93,1000,1055,yes,89,14
2025-05-22T15:04:56.888387,KXBTCD-25MAY2219-T110499.99,DELTA,89,14,93,1000,1056,yes,87,-14
2025-05-22T15:04:56.888835,KXBTCD-25MAY2219-T110499.99,DELTA,89,14,93,1000,1057,no,1,-14
2025-05-22T15:04:56.948982,KXBTCD-25MAY2219-T110499.99,DELTA,89,14,93,1000,1058,yes,83,-30
2025-05-22T15:04:56.949564,KXBTCD-25MAY2219-T110499.99,DELTA,89,14,93,1000,1059,yes,86,30
2025-05-22T15:04:56.950000,KXBTCD-25MAY2219-T110499.99,DELTA,89,14,93,1000,1060,no,5,-30
2025-05-22T15:04:56.950450,KXBTCD-25MAY2219-T110499.99,DELTA,89,14,93,1000,1061,no,2,30
2025-05-22T15:05:02.607323,KXBTCD-25MAY2219-T110499.99,DELTA,89,14,93,1000,1062,yes,78,250
2025-05-22T15:05:02.787860,KXBTCD-25MAY2219-T110499.99,DELTA,89,14,93,1000,1063,yes,51,-2000
2025-05-22T15:05:03.207599,KXBTCD-25MAY2219-T110499.99,DELTA,89,14,93,1000,1064,yes,79,2000
2025-05-22T15:05:03.507215,KXBTCD-25MAY2219-T110499.99,DELTA,89,14,93,1000,1065,no,2,250
2025-05-22T15:05:03.586373,KXBTCD-25MAY2219-T110499.99,DELTA,89,14,93,1000,1066,no,3,1250
2025-05-22T15:05:03.684831,KXBTCD-25MAY2219-T110499.99,DELTA,89,14,93,1000,1067,yes,84,250
2025-05-22T15:05:03.785871,KXBTCD-25MAY2219-T110499.99,DELTA,89,14,93,1000,1068,yes,82,250
2025-05-22T15:05:03.907130,KXBTCD-25MAY2219-T110499.99,DELTA,89,14,94,600,1069,no,7,-1000
2025-05-22T15:05:03.907979,KXBTCD-25MAY2219-T110499.99,DELTA,89,14,94,600,1070,yes,76,250
2025-05-22T15:05:03.987465,KXBTCD-25MAY2219-T110499.99,DELTA,89,14,94,600,1071,yes,80,250
2025-05-22T15:05:04.108290,KXBTCD-25MAY2219-T110499.99,DELTA,89,14,94,600,1072,yes,79,1250
2025-05-22T15:05:04.206968,KXBTCD-25MAY2219-T110499.99,DELTA,89,14,94,600,1073,no,3,2000
2025-05-22T15:05:04.287192,KXBTCD-25MAY2219-T110499.99,DELTA,89,14,94,600,1074,yes,79,-2000
2025-05-22T15:05:04.287829,KXBTCD-25MAY2219-T110499.99,DELTA,89,14,94,1600,1075,no,6,1000
2025-05-22T15:05:04.410550,KXBTCD-25MAY2219-T110499.99,DELTA,89,14,94,1600,1076,yes,88,-1000
2025-05-22T15:05:04.486568,KXBTCD-25MAY2219-T110499.99,DELTA,89,14,94,1600,1077,yes,79,-1250
2025-05-22T15:05:04.608330,KXBTCD-25MAY2219-T110499.99,DELTA,89,1014,94,1600,1078,yes,89,1000
2025-05-22T15:05:04.608454,KXBTCD-25MAY2219-T110499.99,DELTA,89,1014,94,1600,1079,yes,85,1250
2025-05-22T15:05:04.795007,KXBTCD-25MAY2219-T110499.99,DELTA,89,1014,94,1600,1080,yes,85,2000
2025-05-22T15:05:05.034062,KXBTCD-25MAY2219-T110499.99,DELTA,89,1014,94,1100,1081,no,6,-500
2025-05-22T15:05:05.688367,KXBTCD-25MAY2219-T110499.99,DELTA,89,1014,94,1100,1082,no,5,500
2025-05-22T15:05:06.385841,KXBTCD-25MAY2219-T110499.99,DELTA,89,1014,94,1100,1083,yes,88,-500
2025-05-22T15:05:06.485776,KXBTCD-25MAY2219-T110499.99,DELTA,89,14,94,1100,1084,yes,89,-1000
2025-05-22T15:05:06.547621,KXBTCD-25MAY2219-T110499.99,DELTA,90,150,94,1100,1085,yes,90,150
