timestamp,market_ticker,type,yes_bid_price_cents,yes_bid_qty,yes_ask_price_cents,yes_ask_qty_on_no_side,sequence_num,delta_side,delta_price_cents,delta_quantity
2025-05-21T15:01:09.568556,KXBTCD-25MAY2119-T108749.99,SNAPSHOT,17,24,35,24,1,,,
2025-05-21T15:01:09.571807,KXBTCD-25MAY2119-T108749.99,DELTA,17,24,35,24,2,no,53,9
2025-05-21T15:01:09.595057,KXBTCD-25MAY2119-T108749.99,DELTA,17,24,35,24,3,yes,7,2000
2025-05-21T15:01:09.595282,KXBTCD-25MAY2119-T108749.99,DELTA,17,24,35,24,4,yes,7,1000
2025-05-21T15:01:09.595811,KXBTCD-25MAY2119-T108749.99,DELTA,17,24,35,24,5,yes,7,20000
2025-05-21T15:01:09.595952,KXBTCD-25MAY2119-T108749.99,DELTA,25,100,35,24,6,yes,25,100
2025-05-21T15:01:09.653003,KXBTCD-25MAY2119-T108749.99,DELTA,25,100,35,24,7,yes,7,-1000
2025-05-21T15:01:09.713795,KXBTCD-25MAY2119-T108749.99,DELTA,26,1000,35,24,8,yes,26,1000
2025-05-21T15:01:10.455319,KXBTCD-25MAY2119-T108749.99,DELTA,26,1000,33,100,9,no,67,100
2025-05-21T15:01:10.572638,KXBTCD-25MAY2119-T108749.99,DELTA,26,1000,33,100,10,no,41,-1000
2025-05-21T15:01:10.572875,KXBTCD-25MAY2119-T108749.99,DELTA,26,1000,33,100,11,no,53,-9
2025-05-21T15:01:10.573028,KXBTCD-25MAY2119-T108749.99,DELTA,26,1000,33,100,12,yes,10,-9
2025-05-21T15:01:10.613268,KXBTCD-25MAY2119-T108749.99,DELTA,26,1000,32,1000,13,no,68,1000
2025-05-21T15:01:10.753833,KXBTCD-25MAY2119-T108749.99,DELTA,26,1000,32,1000,14,yes,6,-5400
2025-05-21T15:01:10.754075,KXBTCD-25MAY2119-T108749.99,DELTA,26,1000,32,1000,15,yes,8,4050
2025-05-21T15:01:10.813745,KXBTCD-25MAY2119-T108749.99,DELTA,26,1000,32,1000,16,yes,7,-20000
2025-05-21T15:01:10.814028,KXBTCD-25MAY2119-T108749.99,DELTA,26,1000,32,1000,17,yes,7,-2000
2025-05-21T15:01:10.855712,KXBTCD-25MAY2119-T108749.99,DELTA,26,1000,32,1000,18,yes,9,2000
2025-05-21T15:01:10.856331,KXBTCD-25MAY2119-T108749.99,DELTA,26,1000,32,1000,19,yes,9,20000
2025-05-21T15:01:11.440015,KXBTCD-25MAY2119-T108749.99,DELTA,26,1000,32,1000,20,no,67,-100
2025-05-21T15:01:11.513097,KXBTCD-25MAY2119-T108749.99,DELTA,26,1000,35,24,21,no,68,-1000
2025-05-21T15:01:11.571185,KXBTCD-25MAY2119-T108749.99,DELTA,26,1000,35,24,22,no,53,-9
2025-05-21T15:01:11.571501,KXBTCD-25MAY2119-T108749.99,DELTA,26,1000,35,24,23,no,41,1000
2025-05-21T15:01:11.956028,KXBTCD-25MAY2119-T108749.99,DELTA,26,1000,35,24,24,yes,8,-4050
2025-05-21T15:01:11.956260,KXBTCD-25MAY2119-T108749.99,DELTA,26,1000,35,24,25,yes,6,5400
2025-05-21T15:01:12.013639,KXBTCD-25MAY2119-T108749.99,DELTA,26,1000,35,24,26,yes,9,-20000
2025-05-21T15:01:12.014049,KXBTCD-25MAY2119-T108749.99,DELTA,26,1000,35,24,27,yes,9,-2000
2025-05-21T15:01:12.053531,KXBTCD-25MAY2119-T108749.99,DELTA,26,1000,35,24,28,yes,7,2000
2025-05-21T15:01:12.073411,KXBTCD-25MAY2119-T108749.99,DELTA,26,1000,35,24,29,yes,7,20000
2025-05-21T15:01:12.213921,KXBTCD-25MAY2119-T108749.99,DELTA,26,1000,33,100,30,no,67,100
2025-05-21T15:01:12.293612,KXBTCD-25MAY2119-T108749.99,DELTA,26,1000,33,100,31,no,41,-1000
2025-05-21T15:01:12.333922,KXBTCD-25MAY2119-T108749.99,DELTA,26,1000,32,1000,32,no,68,1000
2025-05-21T15:01:12.334046,KXBTCD-25MAY2119-T108749.99,DELTA,26,1000,32,1000,33,no,53,9
2025-05-21T15:01:12.433988,KXBTCD-25MAY2119-T108749.99,DELTA,26,1000,32,1000,34,no,67,-100
2025-05-21T15:01:12.492811,KXBTCD-25MAY2119-T108749.99,DELTA,26,1000,35,24,35,no,68,-1000
2025-05-21T15:01:12.534388,KXBTCD-25MAY2119-T108749.99,DELTA,26,1000,35,24,36,no,41,1000
2025-05-21T15:01:13.113201,KXBTCD-25MAY2119-T108749.99,DELTA,26,1000,35,24,37,yes,6,-5400
2025-05-21T15:01:13.113957,KXBTCD-25MAY2119-T108749.99,DELTA,26,1000,35,24,38,yes,8,4050
2025-05-21T15:01:13.194108,KXBTCD-25MAY2119-T108749.99,DELTA,26,1000,35,24,39,yes,7,-20000
2025-05-21T15:01:13.194578,KXBTCD-25MAY2119-T108749.99,DELTA,26,1000,35,24,40,yes,7,-2000
2025-05-21T15:01:13.213914,KXBTCD-25MAY2119-T108749.99,DELTA,26,1000,33,100,41,no,67,100
2025-05-21T15:01:13.232413,KXBTCD-25MAY2119-T108749.99,DELTA,26,1000,33,100,42,yes,9,20000
2025-05-21T15:01:13.232947,KXBTCD-25MAY2119-T108749.99,DELTA,26,1000,33,100,43,yes,9,2000
2025-05-21T15:01:13.272160,KXBTCD-25MAY2119-T108749.99,DELTA,26,1000,33,100,44,no,41,-1000
2025-05-21T15:01:13.394217,KXBTCD-25MAY2119-T108749.99,DELTA,26,1000,32,1000,45,no,68,1000
2025-05-21T15:01:13.432315,KXBTCD-25MAY2119-T108749.99,DELTA,26,1000,32,1000,46,no,67,-100
2025-05-21T15:01:13.492933,KXBTCD-25MAY2119-T108749.99,DELTA,26,1000,35,24,47,no,68,-1000
2025-05-21T15:01:13.533052,KXBTCD-25MAY2119-T108749.99,DELTA,26,1000,35,24,48,no,41,1000
2025-05-21T15:01:14.703447,KXBTCD-25MAY2119-T108749.99,DELTA,26,1000,32,100,49,no,68,100
2025-05-21T15:01:14.713896,KXBTCD-25MAY2119-T108749.99,DELTA,26,1000,32,100,50,no,41,-1000
2025-05-21T15:01:14.793551,KXBTCD-25MAY2119-T108749.99,DELTA,26,1000,32,1100,51,no,68,1000
2025-05-21T15:01:16.935096,KXBTCD-25MAY2119-T108749.99,DELTA,26,1000,32,1100,52,yes,8,-4050
2025-05-21T15:01:16.935770,KXBTCD-25MAY2119-T108749.99,DELTA,26,1000,32,1100,53,yes,9,3600
2025-05-21T15:01:16.993669,KXBTCD-25MAY2119-T108749.99,DELTA,26,1000,32,1100,54,yes,10,1250
2025-05-21T15:01:16.994264,KXBTCD-25MAY2119-T108749.99,DELTA,26,1000,32,1100,55,yes,9,-20000
2025-05-21T15:01:16.994406,KXBTCD-25MAY2119-T108749.99,DELTA,26,1000,32,1100,56,yes,9,-2000
2025-05-21T15:01:17.054070,KXBTCD-25MAY2119-T108749.99,DELTA,26,1000,32,1100,57,no,53,-9
2025-05-21T15:01:17.055041,KXBTCD-25MAY2119-T108749.99,DELTA,26,1000,32,1100,58,yes,10,20000
2025-05-21T15:01:17.055406,KXBTCD-25MAY2119-T108749.99,DELTA,26,1000,32,1100,59,yes,10,2000
2025-05-21T15:01:19.134880,KXBTCD-25MAY2119-T108749.99,DELTA,26,1000,32,100,60,no,68,-1000
2025-05-21T15:01:19.173166,KXBTCD-25MAY2119-T108749.99,DELTA,26,1000,32,100,61,no,41,1000
2025-05-21T15:01:19.256642,KXBTCD-25MAY2119-T108749.99,DELTA,26,1000,32,100,62,no,53,9
2025-05-21T15:01:19.395074,KXBTCD-25MAY2119-T108749.99,DELTA,26,1000,32,100,63,yes,9,-3600
2025-05-21T15:01:19.395524,KXBTCD-25MAY2119-T108749.99,DELTA,26,1000,32,100,64,yes,6,5400
2025-05-21T15:01:19.453671,KXBTCD-25MAY2119-T108749.99,DELTA,26,1000,32,100,65,yes,10,-20000
2025-05-21T15:01:19.473206,KXBTCD-25MAY2119-T108749.99,DELTA,26,1000,32,100,66,yes,10,-2000
2025-05-21T15:01:19.473751,KXBTCD-25MAY2119-T108749.99,DELTA,26,1000,32,100,67,yes,10,-1250
2025-05-21T15:01:19.513822,KXBTCD-25MAY2119-T108749.99,DELTA,26,1000,32,100,68,yes,7,20000
2025-05-21T15:01:19.514508,KXBTCD-25MAY2119-T108749.99,DELTA,26,1000,32,100,69,yes,7,2000
2025-05-21T15:01:19.673684,KXBTCD-25MAY2119-T108749.99,DELTA,26,1000,32,100,70,yes,19,24
2025-05-21T15:01:19.674484,KXBTCD-25MAY2119-T108749.99,DELTA,26,1000,32,100,71,no,63,24
2025-05-21T15:01:19.693871,KXBTCD-25MAY2119-T108749.99,DELTA,26,1000,32,100,72,yes,17,-24
2025-05-21T15:01:19.694796,KXBTCD-25MAY2119-T108749.99,DELTA,26,1000,32,100,73,no,65,-24
2025-05-21T15:01:20.533788,KXBTCD-25MAY2119-T108749.99,DELTA,26,1000,32,100,74,yes,6,-5400
2025-05-21T15:01:20.534931,KXBTCD-25MAY2119-T108749.99,DELTA,26,1000,32,100,75,yes,8,4050
2025-05-21T15:01:20.593017,KXBTCD-25MAY2119-T108749.99,DELTA,26,1000,32,100,76,yes,7,-20000
2025-05-21T15:01:20.612679,KXBTCD-25MAY2119-T108749.99,DELTA,26,1000,32,100,77,yes,7,-2000
2025-05-21T15:01:20.653497,KXBTCD-25MAY2119-T108749.99,DELTA,26,1000,32,100,78,no,53,-9
2025-05-21T15:01:20.653775,KXBTCD-25MAY2119-T108749.99,DELTA,26,1000,32,100,79,no,64,9
2025-05-21T15:01:20.673325,KXBTCD-25MAY2119-T108749.99,DELTA,26,1000,32,100,80,yes,9,2000
2025-05-21T15:01:20.673528,KXBTCD-25MAY2119-T108749.99,DELTA,26,1000,32,100,81,yes,9,20000
2025-05-21T15:01:21.674803,KXBTCD-25MAY2119-T108749.99,DELTA,26,1000,32,100,82,yes,8,-4050
2025-05-21T15:01:21.675606,KXBTCD-25MAY2119-T108749.99,DELTA,26,1000,32,100,83,yes,9,3600
2025-05-21T15:01:21.733672,KXBTCD-25MAY2119-T108749.99,DELTA,26,1000,32,100,84,yes,9,-20000
2025-05-21T15:01:21.754675,KXBTCD-25MAY2119-T108749.99,DELTA,26,1000,32,100,85,yes,9,-2000
2025-05-21T15:01:21.794958,KXBTCD-25MAY2119-T108749.99,DELTA,26,1000,32,100,86,yes,10,20000
2025-05-21T15:01:21.795852,KXBTCD-25MAY2119-T108749.99,DELTA,26,1000,32,100,87,yes,10,2000
2025-05-21T15:01:21.934721,KXBTCD-25MAY2119-T108749.99,DELTA,26,1000,32,100,88,no,52,-3000
2025-05-21T15:01:21.994194,KXBTCD-25MAY2119-T108749.99,DELTA,26,1000,32,100,89,no,44,3000
2025-05-21T15:01:21.994356,KXBTCD-25MAY2119-T108749.99,DELTA,26,1000,36,9,90,no,68,-100
2025-05-21T15:01:22.014271,KXBTCD-25MAY2119-T108749.99,DELTA,26,1000,36,9,91,yes,25,-100
2025-05-21T15:01:22.053876,KXBTCD-25MAY2119-T108749.99,DELTA,26,1000,36,9,92,yes,21,24
2025-05-21T15:01:22.054061,KXBTCD-25MAY2119-T108749.99,DELTA,26,1000,36,9,93,yes,19,-24
2025-05-21T15:01:22.054339,KXBTCD-25MAY2119-T108749.99,DELTA,26,1000,36,9,94,no,63,-24
2025-05-21T15:01:22.054698,KXBTCD-25MAY2119-T108749.99,DELTA,26,1000,36,9,95,no,62,24
2025-05-21T15:01:22.078102,KXBTCD-25MAY2119-T108749.99,DELTA,26,1000,36,9,96,no,40,-200
2025-05-21T15:01:22.078302,KXBTCD-25MAY2119-T108749.99,DELTA,26,1000,36,9,97,no,30,200
2025-05-21T15:01:22.093766,KXBTCD-25MAY2119-T108749.99,DELTA,21,24,36,9,98,yes,26,-1000
2025-05-21T15:01:22.155287,KXBTCD-25MAY2119-T108749.99,DELTA,21,24,36,9,99,no,41,-2000
2025-05-21T15:01:22.155740,KXBTCD-25MAY2119-T108749.99,DELTA,21,24,36,9,100,yes,10,1000
2025-05-21T15:01:22.155990,KXBTCD-25MAY2119-T108749.99,DELTA,21,24,36,9,101,no,41,-1000
2025-05-21T15:01:22.193134,KXBTCD-25MAY2119-T108749.99,DELTA,27,9,36,9,102,yes,27,9
2025-05-21T15:01:22.194001,KXBTCD-25MAY2119-T108749.99,DELTA,27,9,36,9,103,no,45,9
2025-05-21T15:01:22.213469,KXBTCD-25MAY2119-T108749.99,DELTA,27,9,36,9,104,no,31,1000
2025-05-21T15:01:22.214465,KXBTCD-25MAY2119-T108749.99,DELTA,27,9,36,9,105,no,31,2000
2025-05-21T15:01:22.872543,KXBTCD-25MAY2119-T108749.99,DELTA,28,100,36,9,106,yes,28,100
2025-05-21T15:01:22.873335,KXBTCD-25MAY2119-T108749.99,DELTA,28,100,36,109,107,no,64,100
2025-05-21T15:01:22.934780,KXBTCD-25MAY2119-T108749.99,DELTA,28,100,36,109,108,yes,10,-1000
2025-05-21T15:01:22.951940,KXBTCD-25MAY2119-T108749.99,DELTA,28,100,36,109,109,no,31,-1000
2025-05-21T15:01:22.994033,KXBTCD-25MAY2119-T108749.99,DELTA,28,100,36,109,110,yes,9,-3600
2025-05-21T15:01:22.994267,KXBTCD-25MAY2119-T108749.99,DELTA,28,100,36,109,111,yes,6,5400
2025-05-21T15:01:22.994367,KXBTCD-25MAY2119-T108749.99,DELTA,28,100,36,100,112,no,64,-9
2025-05-21T15:01:23.012160,KXBTCD-25MAY2119-T108749.99,DELTA,28,100,36,100,113,no,45,-9
2025-05-21T15:01:23.012288,KXBTCD-25MAY2119-T108749.99,DELTA,28,100,35,1000,114,no,65,1000
2025-05-21T15:01:23.012472,KXBTCD-25MAY2119-T108749.99,DELTA,29,1000,35,1000,115,yes,29,1000
2025-05-21T15:01:23.012550,KXBTCD-25MAY2119-T108749.99,DELTA,29,1000,35,1000,116,yes,22,9
2025-05-21T15:01:23.012893,KXBTCD-25MAY2119-T108749.99,DELTA,29,1000,35,1000,117,no,45,9
2025-05-21T15:01:23.033379,KXBTCD-25MAY2119-T108749.99,DELTA,29,1000,35,1000,118,yes,27,-9
2025-05-21T15:01:23.052360,KXBTCD-25MAY2119-T108749.99,DELTA,29,1000,35,1000,119,yes,10,-20000
2025-05-21T15:01:23.074703,KXBTCD-25MAY2119-T108749.99,DELTA,29,1000,35,1000,120,yes,10,-2000
2025-05-21T15:01:23.112446,KXBTCD-25MAY2119-T108749.99,DELTA,29,1000,35,1000,121,yes,7,20000
2025-05-21T15:01:23.112593,KXBTCD-25MAY2119-T108749.99,DELTA,29,1000,35,1000,122,yes,7,2000
2025-05-21T15:01:23.633064,KXBTCD-25MAY2119-T108749.99,DELTA,29,1000,35,1000,123,yes,23,24
2025-05-21T15:01:23.633303,KXBTCD-25MAY2119-T108749.99,DELTA,29,1000,35,1000,124,yes,21,-24
2025-05-21T15:01:23.633427,KXBTCD-25MAY2119-T108749.99,DELTA,29,1000,35,1000,125,no,60,24
2025-05-21T15:01:23.633530,KXBTCD-25MAY2119-T108749.99,DELTA,29,1000,35,1000,126,no,62,-24
2025-05-21T15:01:23.753530,KXBTCD-25MAY2119-T108749.99,DELTA,29,1000,35,1000,127,yes,22,-9
2025-05-21T15:01:23.753799,KXBTCD-25MAY2119-T108749.99,DELTA,29,1000,35,1000,128,no,45,-9
2025-05-21T15:01:23.954352,KXBTCD-25MAY2119-T108749.99,DELTA,29,1000,36,100,129,no,65,-1000
2025-05-21T15:01:24.015559,KXBTCD-25MAY2119-T108749.99,DELTA,29,1000,36,1100,130,no,64,1000
2025-05-21T15:01:24.193475,KXBTCD-25MAY2119-T108749.99,DELTA,29,1000,36,1100,131,yes,6,-5400
2025-05-21T15:01:24.193858,KXBTCD-25MAY2119-T108749.99,DELTA,29,1000,36,1100,132,yes,7,4628
2025-05-21T15:01:24.253734,KXBTCD-25MAY2119-T108749.99,DELTA,29,1000,36,1100,133,yes,7,-20000
2025-05-21T15:01:24.273372,KXBTCD-25MAY2119-T108749.99,DELTA,29,1000,36,1100,134,yes,7,-2000
2025-05-21T15:01:24.312268,KXBTCD-25MAY2119-T108749.99,DELTA,29,1000,36,1100,135,yes,8,2000
2025-05-21T15:01:24.312414,KXBTCD-25MAY2119-T108749.99,DELTA,29,1000,36,1100,136,yes,8,20000
2025-05-21T15:01:24.738868,KXBTCD-25MAY2119-T108749.99,DELTA,29,1000,36,1100,137,yes,28,-100
2025-05-21T15:01:24.753059,KXBTCD-25MAY2119-T108749.99,DELTA,23,24,36,1100,138,yes,29,-1000
2025-05-21T15:01:24.793675,KXBTCD-25MAY2119-T108749.99,DELTA,23,24,36,1100,139,yes,8,1000
2025-05-21T15:01:25.413797,KXBTCD-25MAY2119-T108749.99,DELTA,23,24,36,1000,140,no,64,-100
2025-05-21T15:01:25.433399,KXBTCD-25MAY2119-T108749.99,DELTA,30,100,36,1000,141,yes,30,100
2025-05-21T15:01:25.473635,KXBTCD-25MAY2119-T108749.99,DELTA,30,100,40,24,142,no,64,-1000
2025-05-21T15:01:25.492486,KXBTCD-25MAY2119-T108749.99,DELTA,30,100,40,24,143,yes,8,-1000
2025-05-21T15:01:25.514212,KXBTCD-25MAY2119-T108749.99,DELTA,30,100,40,24,144,no,31,1000
2025-05-21T15:01:25.532999,KXBTCD-25MAY2119-T108749.99,DELTA,30,1100,40,24,145,yes,30,1000
2025-05-21T15:01:25.533330,KXBTCD-25MAY2119-T108749.99,DELTA,30,1100,40,24,146,yes,9,9
2025-05-21T15:01:25.554267,KXBTCD-25MAY2119-T108749.99,DELTA,30,1100,35,9,147,no,65,9
2025-05-21T15:01:26.432115,KXBTCD-25MAY2119-T108749.99,DELTA,30,1100,35,9,148,no,62,100
2025-05-21T15:01:26.492150,KXBTCD-25MAY2119-T108749.99,DELTA,30,1100,35,9,149,no,31,-1000
2025-05-21T15:01:26.531848,KXBTCD-25MAY2119-T108749.99,DELTA,30,1100,35,9,150,no,63,1000
2025-05-21T15:01:26.573380,KXBTCD-25MAY2119-T108749.99,DELTA,30,1100,37,1000,151,no,65,-9
2025-05-21T15:01:26.573614,KXBTCD-25MAY2119-T108749.99,DELTA,30,1100,37,1000,152,yes,9,-9
2025-05-21T15:01:26.593334,KXBTCD-25MAY2119-T108749.99,DELTA,30,1100,37,1000,153,no,45,9
2025-05-21T15:01:26.653158,KXBTCD-25MAY2119-T108749.99,DELTA,30,1100,37,1000,154,no,62,-100
2025-05-21T15:01:26.712837,KXBTCD-25MAY2119-T108749.99,DELTA,30,1100,40,24,155,no,63,-1000
2025-05-21T15:01:26.772594,KXBTCD-25MAY2119-T108749.99,DELTA,30,1100,40,24,156,no,31,1000
2025-05-21T15:01:26.933711,KXBTCD-25MAY2119-T108749.99,DELTA,30,1100,40,24,157,no,45,50
2025-05-21T15:01:26.954519,KXBTCD-25MAY2119-T108749.99,DELTA,31,50,40,24,158,yes,31,50
2025-05-21T15:01:26.992837,KXBTCD-25MAY2119-T108749.99,DELTA,31,50,40,24,159,no,31,-1000
2025-05-21T15:01:27.033522,KXBTCD-25MAY2119-T108749.99,DELTA,31,50,40,24,160,no,46,1000
2025-05-21T15:01:27.053629,KXBTCD-25MAY2119-T108749.99,DELTA,31,50,40,24,161,no,46,9
2025-05-21T15:01:27.053933,KXBTCD-25MAY2119-T108749.99,DELTA,31,59,40,24,162,yes,31,9
2025-05-21T15:01:27.574748,KXBTCD-25MAY2119-T108749.99,DELTA,31,59,37,100,163,no,63,100
2025-05-21T15:01:27.633328,KXBTCD-25MAY2119-T108749.99,DELTA,31,59,37,100,164,no,45,-50
2025-05-21T15:01:27.633515,KXBTCD-25MAY2119-T108749.99,DELTA,31,59,37,100,165,no,62,50
2025-05-21T15:01:27.633752,KXBTCD-25MAY2119-T108749.99,DELTA,31,59,37,100,166,no,46,-1000
2025-05-21T15:01:27.694691,KXBTCD-25MAY2119-T108749.99,DELTA,31,59,36,1000,167,no,64,1000
2025-05-21T15:01:27.695025,KXBTCD-25MAY2119-T108749.99,DELTA,31,59,36,1000,168,no,46,-9
2025-05-21T15:01:27.695151,KXBTCD-25MAY2119-T108749.99,DELTA,31,59,36,1000,169,no,45,-9
2025-05-21T15:01:27.712888,KXBTCD-25MAY2119-T108749.99,DELTA,31,50,36,1000,170,yes,31,-9
2025-05-21T15:01:27.713067,KXBTCD-25MAY2119-T108749.99,DELTA,31,50,36,1000,171,no,47,9
2025-05-21T15:01:27.993012,KXBTCD-25MAY2119-T108749.99,DELTA,31,50,36,1000,172,yes,7,-4628
2025-05-21T15:01:27.993762,KXBTCD-25MAY2119-T108749.99,DELTA,31,50,36,1000,173,yes,6,5400
2025-05-21T15:01:28.073797,KXBTCD-25MAY2119-T108749.99,DELTA,31,50,36,1000,174,yes,8,-20000
2025-05-21T15:01:28.094087,KXBTCD-25MAY2119-T108749.99,DELTA,31,50,36,1000,175,yes,8,-2000
2025-05-21T15:01:28.133314,KXBTCD-25MAY2119-T108749.99,DELTA,31,50,36,1000,176,yes,7,20000
2025-05-21T15:01:28.134240,KXBTCD-25MAY2119-T108749.99,DELTA,31,50,36,1000,177,yes,7,2000
2025-05-21T15:01:30.353828,KXBTCD-25MAY2119-T108749.99,DELTA,31,50,36,1000,178,yes,6,-5400
2025-05-21T15:01:30.354632,KXBTCD-25MAY2119-T108749.99,DELTA,31,50,36,1000,179,yes,7,4628
2025-05-21T15:01:30.433667,KXBTCD-25MAY2119-T108749.99,DELTA,31,50,36,1000,180,yes,7,-20000
2025-05-21T15:01:30.435268,KXBTCD-25MAY2119-T108749.99,DELTA,31,50,36,1000,181,yes,7,-2000
2025-05-21T15:01:30.473688,KXBTCD-25MAY2119-T108749.99,DELTA,31,50,36,1000,182,no,47,-9
2025-05-21T15:01:30.475083,KXBTCD-25MAY2119-T108749.99,DELTA,31,50,36,1000,183,yes,8,2000
2025-05-21T15:01:30.494145,KXBTCD-25MAY2119-T108749.99,DELTA,31,50,36,1000,184,yes,8,20000
2025-05-21T15:01:31.593925,KXBTCD-25MAY2119-T108749.99,DELTA,31,50,36,1000,185,yes,7,-4628
2025-05-21T15:01:31.594822,KXBTCD-25MAY2119-T108749.99,DELTA,31,50,36,1000,186,yes,6,5400
2025-05-21T15:01:31.654522,KXBTCD-25MAY2119-T108749.99,DELTA,31,50,36,1000,187,yes,8,-20000
2025-05-21T15:01:31.654826,KXBTCD-25MAY2119-T108749.99,DELTA,31,50,36,1000,188,yes,8,-2000
2025-05-21T15:01:31.693176,KXBTCD-25MAY2119-T108749.99,DELTA,31,50,36,1000,189,yes,7,20000
2025-05-21T15:01:31.713549,KXBTCD-25MAY2119-T108749.99,DELTA,31,50,36,1000,190,yes,7,2000
2025-05-21T15:01:32.393373,KXBTCD-25MAY2119-T108749.99,DELTA,31,50,36,1000,191,no,63,-100
2025-05-21T15:01:32.474681,KXBTCD-25MAY2119-T108749.99,DELTA,31,50,38,50,192,no,64,-1000
2025-05-21T15:01:32.514221,KXBTCD-25MAY2119-T108749.99,DELTA,31,50,37,1000,193,no,63,1000
2025-05-21T15:01:32.773809,KXBTCD-25MAY2119-T108749.99,DELTA,31,50,37,1000,194,yes,6,-5400
2025-05-21T15:01:32.774127,KXBTCD-25MAY2119-T108749.99,DELTA,31,50,37,1000,195,yes,7,4628
2025-05-21T15:01:32.833546,KXBTCD-25MAY2119-T108749.99,DELTA,31,50,37,1000,196,yes,7,-20000
2025-05-21T15:01:32.834096,KXBTCD-25MAY2119-T108749.99,DELTA,31,50,37,1000,197,yes,7,-2000
2025-05-21T15:01:32.895792,KXBTCD-25MAY2119-T108749.99,DELTA,31,50,37,1000,198,yes,8,2000
2025-05-21T15:01:32.896248,KXBTCD-25MAY2119-T108749.99,DELTA,31,50,37,1000,199,yes,8,20000
2025-05-21T15:01:33.477431,KXBTCD-25MAY2119-T108749.99,DELTA,31,50,37,1000,200,no,62,100
2025-05-21T15:01:33.478549,KXBTCD-25MAY2119-T108749.99,DELTA,31,50,37,1000,201,no,31,-2000
2025-05-21T15:01:33.494231,KXBTCD-25MAY2119-T108749.99,DELTA,31,50,37,1000,202,no,62,2000
2025-05-21T15:01:34.033457,KXBTCD-25MAY2119-T108749.99,DELTA,31,50,37,1000,203,yes,7,-4628
2025-05-21T15:01:34.034166,KXBTCD-25MAY2119-T108749.99,DELTA,31,50,37,1000,204,yes,6,5400
2025-05-21T15:01:34.093935,KXBTCD-25MAY2119-T108749.99,DELTA,31,50,37,1000,205,yes,8,-20000
2025-05-21T15:01:34.094610,KXBTCD-25MAY2119-T108749.99,DELTA,31,50,37,1000,206,yes,8,-2000
2025-05-21T15:01:34.213425,KXBTCD-25MAY2119-T108749.99,DELTA,31,50,37,1000,207,yes,7,20000
2025-05-21T15:01:34.214175,KXBTCD-25MAY2119-T108749.99,DELTA,31,50,37,1000,208,yes,7,2000
2025-05-21T15:01:34.393887,KXBTCD-25MAY2119-T108749.99,DELTA,31,50,37,1000,209,yes,30,-100
2025-05-21T15:01:34.473449,KXBTCD-25MAY2119-T108749.99,DELTA,31,50,37,1000,210,yes,30,-1000
2025-05-21T15:01:34.514301,KXBTCD-25MAY2119-T108749.99,DELTA,31,50,37,1000,211,yes,7,1000
2025-05-21T15:01:35.232897,KXBTCD-25MAY2119-T108749.99,DELTA,31,50,37,1000,212,yes,6,-5400
2025-05-21T15:01:35.233371,KXBTCD-25MAY2119-T108749.99,DELTA,31,50,37,1000,213,yes,7,4628
2025-05-21T15:01:35.293386,KXBTCD-25MAY2119-T108749.99,DELTA,31,50,37,1000,214,yes,7,-20000
2025-05-21T15:01:35.312870,KXBTCD-25MAY2119-T108749.99,DELTA,31,50,37,1000,215,yes,7,-2000
2025-05-21T15:01:35.313222,KXBTCD-25MAY2119-T108749.99,DELTA,31,50,37,1000,216,yes,7,-1000
2025-05-21T15:01:35.353013,KXBTCD-25MAY2119-T108749.99,DELTA,31,50,37,1000,217,yes,24,9
2025-05-21T15:01:35.353691,KXBTCD-25MAY2119-T108749.99,DELTA,31,50,37,1000,218,yes,8,20000
2025-05-21T15:01:35.354106,KXBTCD-25MAY2119-T108749.99,DELTA,31,50,37,1000,219,yes,8,1000
2025-05-21T15:01:35.354482,KXBTCD-25MAY2119-T108749.99,DELTA,31,50,37,1000,220,yes,8,2000
2025-05-21T15:01:35.653609,KXBTCD-25MAY2119-T108749.99,DELTA,31,50,37,1000,221,no,62,-2000
2025-05-21T15:01:35.691986,KXBTCD-25MAY2119-T108749.99,DELTA,31,50,37,1000,222,no,31,2000
2025-05-21T15:01:35.892098,KXBTCD-25MAY2119-T108749.99,DELTA,31,50,37,1000,223,yes,30,100
2025-05-21T15:01:35.953394,KXBTCD-25MAY2119-T108749.99,DELTA,31,50,37,1000,224,yes,8,-1000
2025-05-21T15:01:35.993744,KXBTCD-25MAY2119-T108749.99,DELTA,31,50,37,1000,225,yes,30,1000
2025-05-21T15:01:36.112517,KXBTCD-25MAY2119-T108749.99,DELTA,31,50,37,1000,226,yes,24,-9
2025-05-21T15:01:39.054353,KXBTCD-25MAY2119-T108749.99,DELTA,31,50,37,1000,227,yes,7,-4628
2025-05-21T15:01:39.054605,KXBTCD-25MAY2119-T108749.99,DELTA,31,50,37,1000,228,yes,6,5400
2025-05-21T15:01:39.113821,KXBTCD-25MAY2119-T108749.99,DELTA,31,50,37,1000,229,yes,8,-20000
2025-05-21T15:01:39.139630,KXBTCD-25MAY2119-T108749.99,DELTA,31,50,37,1000,230,yes,8,-2000
2025-05-21T15:01:39.232803,KXBTCD-25MAY2119-T108749.99,DELTA,31,50,37,1000,231,yes,7,2000
2025-05-21T15:01:39.233084,KXBTCD-25MAY2119-T108749.99,DELTA,31,50,37,1000,232,yes,7,20000
2025-05-21T15:01:41.474022,KXBTCD-25MAY2119-T108749.99,DELTA,31,50,37,1000,233,yes,6,-5400
2025-05-21T15:01:41.475444,KXBTCD-25MAY2119-T108749.99,DELTA,31,50,37,1000,234,yes,7,4628
2025-05-21T15:01:41.538447,KXBTCD-25MAY2119-T108749.99,DELTA,31,50,37,1000,235,yes,7,-20000
2025-05-21T15:01:41.559626,KXBTCD-25MAY2119-T108749.99,DELTA,31,50,37,1000,236,yes,7,-2000
2025-05-21T15:01:41.593817,KXBTCD-25MAY2119-T108749.99,DELTA,31,50,37,1000,237,yes,8,20000
2025-05-21T15:01:41.594817,KXBTCD-25MAY2119-T108749.99,DELTA,31,50,37,1000,238,yes,8,2000
2025-05-21T15:01:42.713578,KXBTCD-25MAY2119-T108749.99,DELTA,31,50,37,1000,239,yes,7,-4628
2025-05-21T15:01:42.714324,KXBTCD-25MAY2119-T108749.99,DELTA,31,50,37,1000,240,yes,9,3600
2025-05-21T15:01:42.774454,KXBTCD-25MAY2119-T108749.99,DELTA,31,50,37,1000,241,yes,8,-20000
2025-05-21T15:01:42.775364,KXBTCD-25MAY2119-T108749.99,DELTA,31,50,37,1000,242,yes,8,-2000
2025-05-21T15:01:42.833550,KXBTCD-25MAY2119-T108749.99,DELTA,31,50,37,1000,243,yes,10,2000
2025-05-21T15:01:42.834374,KXBTCD-25MAY2119-T108749.99,DELTA,31,50,37,1000,244,yes,10,20000
2025-05-21T15:01:43.934592,KXBTCD-25MAY2119-T108749.99,DELTA,31,50,37,1000,245,yes,9,-3600
2025-05-21T15:01:43.935630,KXBTCD-25MAY2119-T108749.99,DELTA,31,50,37,1000,246,yes,6,5400
2025-05-21T15:01:43.994954,KXBTCD-25MAY2119-T108749.99,DELTA,31,50,37,1000,247,yes,10,-20000
2025-05-21T15:01:44.013466,KXBTCD-25MAY2119-T108749.99,DELTA,31,50,37,1000,248,yes,10,-2000
2025-05-21T15:01:44.053240,KXBTCD-25MAY2119-T108749.99,DELTA,31,50,37,1000,249,yes,7,20000
2025-05-21T15:01:44.054256,KXBTCD-25MAY2119-T108749.99,DELTA,31,50,37,1000,250,yes,7,2000
2025-05-21T15:01:44.608277,KXBTCD-25MAY2119-T108749.99,DELTA,31,50,37,1000,251,yes,30,-100
2025-05-21T15:01:44.609293,KXBTCD-25MAY2119-T108749.99,DELTA,31,50,37,1000,252,yes,30,-1000
2025-05-21T15:01:44.653332,KXBTCD-25MAY2119-T108749.99,DELTA,31,50,37,1000,253,yes,7,1000
2025-05-21T15:01:45.213544,KXBTCD-25MAY2119-T108749.99,DELTA,31,50,37,1000,254,yes,6,-5400
2025-05-21T15:01:45.214042,KXBTCD-25MAY2119-T108749.99,DELTA,31,50,37,1000,255,yes,8,4050
2025-05-21T15:01:45.294194,KXBTCD-25MAY2119-T108749.99,DELTA,31,50,37,1000,256,yes,7,-20000
2025-05-21T15:01:45.295119,KXBTCD-25MAY2119-T108749.99,DELTA,31,50,37,1000,257,yes,7,-2000
2025-05-21T15:01:45.315387,KXBTCD-25MAY2119-T108749.99,DELTA,31,50,37,1000,258,yes,7,-1000
2025-05-21T15:01:45.316351,KXBTCD-25MAY2119-T108749.99,DELTA,31,50,37,1000,259,yes,24,9
2025-05-21T15:01:45.353772,KXBTCD-25MAY2119-T108749.99,DELTA,31,50,37,1000,260,yes,9,1000
2025-05-21T15:01:45.374478,KXBTCD-25MAY2119-T108749.99,DELTA,31,50,37,1000,261,yes,9,2000
2025-05-21T15:01:45.375125,KXBTCD-25MAY2119-T108749.99,DELTA,31,50,37,1000,262,yes,9,20000
2025-05-21T15:01:45.414949,KXBTCD-25MAY2119-T108749.99,DELTA,31,50,37,1000,263,yes,30,100
2025-05-21T15:01:45.473656,KXBTCD-25MAY2119-T108749.99,DELTA,31,50,37,1000,264,yes,9,-1000
2025-05-21T15:01:45.533036,KXBTCD-25MAY2119-T108749.99,DELTA,31,50,37,1000,265,yes,30,1000
2025-05-21T15:01:45.693236,KXBTCD-25MAY2119-T108749.99,DELTA,31,50,37,1000,266,yes,30,-1000
2025-05-21T15:01:45.772168,KXBTCD-25MAY2119-T108749.99,DELTA,31,1050,37,1000,267,yes,31,1000
2025-05-21T15:01:45.833182,KXBTCD-25MAY2119-T108749.99,DELTA,31,1000,37,1000,268,yes,31,-50
2025-05-21T15:01:45.833356,KXBTCD-25MAY2119-T108749.99,DELTA,32,50,37,1000,269,yes,32,50
2025-05-21T15:01:46.032684,KXBTCD-25MAY2119-T108749.99,DELTA,32,50,37,1000,270,no,62,-100
2025-05-21T15:01:46.133829,KXBTCD-25MAY2119-T108749.99,DELTA,32,50,37,1000,271,yes,24,-9
2025-05-21T15:01:46.451923,KXBTCD-25MAY2119-T108749.99,DELTA,32,50,37,1000,272,yes,31,-1000
2025-05-21T15:01:46.493171,KXBTCD-25MAY2119-T108749.99,DELTA,32,50,37,1000,273,yes,30,1000
2025-05-21T15:01:46.533025,KXBTCD-25MAY2119-T108749.99,DELTA,32,50,37,1000,274,yes,8,-4050
2025-05-21T15:01:46.533174,KXBTCD-25MAY2119-T108749.99,DELTA,32,50,37,1000,275,yes,9,3600
2025-05-21T15:01:46.613728,KXBTCD-25MAY2119-T108749.99,DELTA,32,50,37,1000,276,yes,9,-20000
2025-05-21T15:01:46.614294,KXBTCD-25MAY2119-T108749.99,DELTA,32,50,37,1000,277,yes,9,-2000
2025-05-21T15:01:46.673252,KXBTCD-25MAY2119-T108749.99,DELTA,32,50,37,1000,278,yes,10,20000
2025-05-21T15:01:46.674130,KXBTCD-25MAY2119-T108749.99,DELTA,32,50,37,1000,279,yes,10,2000
2025-05-21T15:01:47.368318,KXBTCD-25MAY2119-T108749.99,DELTA,32,50,37,1100,280,no,63,100
2025-05-21T15:01:47.419372,KXBTCD-25MAY2119-T108749.99,DELTA,32,50,37,100,281,no,63,-1000
2025-05-21T15:01:47.455020,KXBTCD-25MAY2119-T108749.99,DELTA,32,50,36,1000,282,no,64,1000
2025-05-21T15:01:51.113008,KXBTCD-25MAY2119-T108749.99,DELTA,32,50,36,1000,283,yes,9,-3600
2025-05-21T15:01:51.113347,KXBTCD-25MAY2119-T108749.99,DELTA,32,50,36,1000,284,yes,6,5400
2025-05-21T15:01:51.175250,KXBTCD-25MAY2119-T108749.99,DELTA,30,1100,36,1000,285,yes,32,-50
2025-05-21T15:01:51.176128,KXBTCD-25MAY2119-T108749.99,DELTA,31,50,36,1000,286,yes,31,50
2025-05-21T15:01:51.194274,KXBTCD-25MAY2119-T108749.99,DELTA,31,50,36,1000,287,yes,10,-20000
2025-05-21T15:01:51.213317,KXBTCD-25MAY2119-T108749.99,DELTA,31,50,36,1000,288,yes,10,-2000
2025-05-21T15:01:51.254091,KXBTCD-25MAY2119-T108749.99,DELTA,31,50,36,1000,289,yes,7,2000
2025-05-21T15:01:51.272805,KXBTCD-25MAY2119-T108749.99,DELTA,31,50,36,1000,290,yes,7,20000
2025-05-21T15:01:52.853612,KXBTCD-25MAY2119-T108749.99,DELTA,31,50,36,1000,291,yes,30,-1000
2025-05-21T15:01:52.854091,KXBTCD-25MAY2119-T108749.99,DELTA,31,50,37,100,292,no,64,-1000
2025-05-21T15:01:52.914897,KXBTCD-25MAY2119-T108749.99,DELTA,31,50,37,1100,293,no,63,1000
2025-05-21T15:01:52.915936,KXBTCD-25MAY2119-T108749.99,DELTA,31,1050,37,1100,294,yes,31,1000
2025-05-21T15:01:52.974679,KXBTCD-25MAY2119-T108749.99,DELTA,31,1000,37,1100,295,yes,31,-50
2025-05-21T15:01:52.975008,KXBTCD-25MAY2119-T108749.99,DELTA,32,50,37,1100,296,yes,32,50
2025-05-21T15:01:52.975416,KXBTCD-25MAY2119-T108749.99,DELTA,32,50,37,1100,297,yes,24,9
2025-05-21T15:01:53.793742,KXBTCD-25MAY2119-T108749.99,DELTA,32,50,37,1100,298,yes,6,-5400
2025-05-21T15:01:53.793943,KXBTCD-25MAY2119-T108749.99,DELTA,32,50,37,1100,299,yes,8,4050
2025-05-21T15:01:53.854558,KXBTCD-25MAY2119-T108749.99,DELTA,32,50,37,1100,300,yes,7,-20000
2025-05-21T15:01:53.856691,KXBTCD-25MAY2119-T108749.99,DELTA,32,50,37,1100,301,yes,7,-2000
2025-05-21T15:01:53.914281,KXBTCD-25MAY2119-T108749.99,DELTA,32,50,37,1100,302,yes,9,2000
2025-05-21T15:01:53.915084,KXBTCD-25MAY2119-T108749.99,DELTA,32,50,37,1100,303,yes,9,20000
2025-05-21T15:01:53.915657,KXBTCD-25MAY2119-T108749.99,DELTA,32,50,37,1100,304,yes,24,-9
2025-05-21T15:01:54.013454,KXBTCD-25MAY2119-T108749.99,DELTA,32,50,37,100,305,no,63,-1000
2025-05-21T15:01:54.053734,KXBTCD-25MAY2119-T108749.99,DELTA,32,50,36,1000,306,no,64,1000
2025-05-21T15:01:55.053426,KXBTCD-25MAY2119-T108749.99,DELTA,32,50,36,1000,307,yes,8,-4050
2025-05-21T15:01:55.053623,KXBTCD-25MAY2119-T108749.99,DELTA,32,50,36,1000,308,yes,9,3600
2025-05-21T15:01:55.113570,KXBTCD-25MAY2119-T108749.99,DELTA,32,50,36,1000,309,yes,9,-20000
2025-05-21T15:01:55.113708,KXBTCD-25MAY2119-T108749.99,DELTA,32,50,36,1000,310,yes,9,-2000
2025-05-21T15:01:55.173985,KXBTCD-25MAY2119-T108749.99,DELTA,32,50,36,1000,311,yes,10,2000
2025-05-21T15:01:55.174136,KXBTCD-25MAY2119-T108749.99,DELTA,32,50,36,1000,312,yes,10,20000
2025-05-21T15:01:55.213971,KXBTCD-25MAY2119-T108749.99,DELTA,32,50,36,1000,313,yes,31,-1000
2025-05-21T15:01:55.273110,KXBTCD-25MAY2119-T108749.99,DELTA,32,50,36,1000,314,yes,30,1000
2025-05-21T15:01:56.093078,KXBTCD-25MAY2119-T108749.99,DELTA,32,50,36,1000,315,yes,30,-1000
2025-05-21T15:01:56.194453,KXBTCD-25MAY2119-T108749.99,DELTA,32,50,36,1000,316,yes,30,1000
2025-05-21T15:01:56.292985,KXBTCD-25MAY2119-T108749.99,DELTA,32,50,36,1000,317,yes,24,9
2025-05-21T15:01:56.573939,KXBTCD-25MAY2119-T108749.99,DELTA,32,50,36,1000,318,yes,9,-3600
2025-05-21T15:01:56.574822,KXBTCD-25MAY2119-T108749.99,DELTA,32,50,36,1000,319,yes,6,5400
2025-05-21T15:01:56.773078,KXBTCD-25MAY2119-T108749.99,DELTA,32,50,36,1000,320,yes,10,-20000
2025-05-21T15:01:56.873651,KXBTCD-25MAY2119-T108749.99,DELTA,32,50,36,1000,321,yes,10,-2000
2025-05-21T15:01:56.973421,KXBTCD-25MAY2119-T108749.99,DELTA,32,50,36,1000,322,yes,7,20000
2025-05-21T15:01:56.975104,KXBTCD-25MAY2119-T108749.99,DELTA,32,50,36,1000,323,yes,7,2000
2025-05-21T15:01:56.975990,KXBTCD-25MAY2119-T108749.99,DELTA,32,50,36,1000,324,yes,30,-1000
2025-05-21T15:01:56.976998,KXBTCD-25MAY2119-T108749.99,DELTA,32,50,36,1000,325,yes,24,-9
2025-05-21T15:01:57.173968,KXBTCD-25MAY2119-T108749.99,DELTA,32,50,36,1000,326,yes,31,1000
2025-05-21T15:01:57.175225,KXBTCD-25MAY2119-T108749.99,DELTA,31,1000,36,1000,327,yes,32,-50
2025-05-21T15:01:57.175896,KXBTCD-25MAY2119-T108749.99,DELTA,31,1050,36,1000,328,yes,31,50
2025-05-21T15:01:57.373302,KXBTCD-25MAY2119-T108749.99,DELTA,31,1000,36,1000,329,yes,31,-50
2025-05-21T15:01:57.374433,KXBTCD-25MAY2119-T108749.99,DELTA,32,50,36,1000,330,yes,32,50
2025-05-21T15:01:58.393523,KXBTCD-25MAY2119-T108749.99,DELTA,32,50,36,1000,331,yes,31,-1000
2025-05-21T15:01:58.572819,KXBTCD-25MAY2119-T108749.99,DELTA,30,100,36,1000,332,yes,32,-50
2025-05-21T15:01:58.573242,KXBTCD-25MAY2119-T108749.99,DELTA,31,50,36,1000,333,yes,31,50
2025-05-21T15:01:58.573624,KXBTCD-25MAY2119-T108749.99,DELTA,31,50,36,1000,334,yes,30,1000
2025-05-21T15:01:58.574016,KXBTCD-25MAY2119-T108749.99,DELTA,31,50,36,1000,335,yes,6,-5400
2025-05-21T15:01:58.574129,KXBTCD-25MAY2119-T108749.99,DELTA,31,50,36,1000,336,yes,8,4050
2025-05-21T15:01:58.574221,KXBTCD-25MAY2119-T108749.99,DELTA,31,50,36,1000,337,yes,24,9
2025-05-21T15:01:58.701960,KXBTCD-25MAY2119-T108749.99,DELTA,31,50,36,1000,338,yes,7,-20000
2025-05-21T15:01:58.772792,KXBTCD-25MAY2119-T108749.99,DELTA,31,50,36,1000,339,yes,7,-2000
2025-05-21T15:01:58.894066,KXBTCD-25MAY2119-T108749.99,DELTA,31,50,36,1000,340,yes,30,-1000
2025-05-21T15:01:58.895385,KXBTCD-25MAY2119-T108749.99,DELTA,31,50,36,1000,341,yes,9,2000
2025-05-21T15:01:58.994387,KXBTCD-25MAY2119-T108749.99,DELTA,31,50,36,1000,342,yes,9,20000
2025-05-21T15:01:59.192604,KXBTCD-25MAY2119-T108749.99,DELTA,31,1050,36,1000,343,yes,31,1000
2025-05-21T15:01:59.400937,KXBTCD-25MAY2119-T108749.99,DELTA,31,1000,36,1000,344,yes,31,-50
2025-05-21T15:01:59.401394,KXBTCD-25MAY2119-T108749.99,DELTA,32,50,36,1000,345,yes,32,50
2025-05-21T15:01:59.401921,KXBTCD-25MAY2119-T108749.99,DELTA,32,50,36,1000,346,yes,24,-9
2025-05-21T15:01:59.873385,KXBTCD-25MAY2119-T108749.99,DELTA,32,50,36,1000,347,yes,31,-1000
2025-05-21T15:01:59.913942,KXBTCD-25MAY2119-T108749.99,DELTA,32,50,36,1000,348,yes,30,1000
2025-05-21T15:02:00.332608,KXBTCD-25MAY2119-T108749.99,DELTA,32,50,36,1000,349,yes,8,-4050
2025-05-21T15:02:00.332837,KXBTCD-25MAY2119-T108749.99,DELTA,32,50,36,1000,350,yes,9,3600
2025-05-21T15:02:00.393746,KXBTCD-25MAY2119-T108749.99,DELTA,32,50,36,1000,351,yes,9,-20000
2025-05-21T15:02:00.413381,KXBTCD-25MAY2119-T108749.99,DELTA,32,50,36,1000,352,yes,9,-2000
2025-05-21T15:02:00.457715,KXBTCD-25MAY2119-T108749.99,DELTA,32,50,36,1000,353,yes,10,2000
2025-05-21T15:02:00.457931,KXBTCD-25MAY2119-T108749.99,DELTA,32,50,36,1000,354,yes,10,20000
2025-05-21T15:02:05.392965,KXBTCD-25MAY2119-T108749.99,DELTA,32,50,36,974,355,no,64,-26
2025-05-21T15:02:05.452676,KXBTCD-25MAY2119-T108749.99,DELTA,30,1100,36,974,356,yes,32,-50
2025-05-21T15:02:05.452996,KXBTCD-25MAY2119-T108749.99,DELTA,31,50,36,974,357,yes,31,50
2025-05-21T15:02:07.693548,KXBTCD-25MAY2119-T108749.99,DELTA,31,50,36,974,358,yes,9,-3600
2025-05-21T15:02:07.694788,KXBTCD-25MAY2119-T108749.99,DELTA,31,50,36,974,359,yes,10,3240
2025-05-21T15:02:07.752550,KXBTCD-25MAY2119-T108749.99,DELTA,31,50,36,974,360,yes,10,-20000
2025-05-21T15:02:07.753514,KXBTCD-25MAY2119-T108749.99,DELTA,31,50,36,974,361,yes,10,-2000
2025-05-21T15:02:07.833087,KXBTCD-25MAY2119-T108749.99,DELTA,31,50,36,974,362,yes,11,20000
2025-05-21T15:02:07.834062,KXBTCD-25MAY2119-T108749.99,DELTA,31,50,36,974,363,yes,11,2000
2025-05-21T15:02:08.812716,KXBTCD-25MAY2119-T108749.99,DELTA,31,50,36,974,364,yes,10,-3240
2025-05-21T15:02:08.813069,KXBTCD-25MAY2119-T108749.99,DELTA,31,50,36,974,365,yes,6,5400
2025-05-21T15:02:08.873144,KXBTCD-25MAY2119-T108749.99,DELTA,31,50,36,974,366,yes,11,-20000
2025-05-21T15:02:08.873479,KXBTCD-25MAY2119-T108749.99,DELTA,31,50,36,974,367,yes,11,-2000
2025-05-21T15:02:08.912553,KXBTCD-25MAY2119-T108749.99,DELTA,31,50,36,974,368,yes,7,20000
2025-05-21T15:02:08.912730,KXBTCD-25MAY2119-T108749.99,DELTA,31,50,36,974,369,yes,7,2000
2025-05-21T15:02:10.075200,KXBTCD-25MAY2119-T108749.99,DELTA,31,50,36,974,370,yes,6,-5400
2025-05-21T15:02:10.075411,KXBTCD-25MAY2119-T108749.99,DELTA,31,50,36,974,371,yes,8,4050
2025-05-21T15:02:10.145056,KXBTCD-25MAY2119-T108749.99,DELTA,31,50,36,974,372,yes,7,-20000
2025-05-21T15:02:10.145610,KXBTCD-25MAY2119-T108749.99,DELTA,31,50,36,974,373,yes,7,-2000
2025-05-21T15:02:10.195278,KXBTCD-25MAY2119-T108749.99,DELTA,31,50,36,974,374,yes,9,20000
2025-05-21T15:02:10.196125,KXBTCD-25MAY2119-T108749.99,DELTA,31,50,36,974,375,yes,9,2000
2025-05-21T15:02:11.373055,KXBTCD-25MAY2119-T108749.99,DELTA,31,50,36,974,376,yes,8,-4050
2025-05-21T15:02:11.373612,KXBTCD-25MAY2119-T108749.99,DELTA,31,50,36,974,377,yes,10,3240
2025-05-21T15:02:11.433698,KXBTCD-25MAY2119-T108749.99,DELTA,31,50,36,974,378,yes,9,-20000
2025-05-21T15:02:11.434728,KXBTCD-25MAY2119-T108749.99,DELTA,31,50,36,974,379,yes,9,-2000
2025-05-21T15:02:11.473034,KXBTCD-25MAY2119-T108749.99,DELTA,31,50,36,974,380,yes,11,2000
2025-05-21T15:02:11.473953,KXBTCD-25MAY2119-T108749.99,DELTA,31,50,36,974,381,yes,11,20000
2025-05-21T15:02:12.772279,KXBTCD-25MAY2119-T108749.99,DELTA,31,50,36,974,382,yes,10,-3240
2025-05-21T15:02:12.772669,KXBTCD-25MAY2119-T108749.99,DELTA,31,50,36,974,383,yes,12,2700
2025-05-21T15:02:12.833183,KXBTCD-25MAY2119-T108749.99,DELTA,31,50,36,974,384,yes,11,-20000
2025-05-21T15:02:12.833376,KXBTCD-25MAY2119-T108749.99,DELTA,31,50,36,974,385,yes,13,1250
2025-05-21T15:02:12.833641,KXBTCD-25MAY2119-T108749.99,DELTA,31,50,36,974,386,yes,11,-2000
2025-05-21T15:02:12.872342,KXBTCD-25MAY2119-T108749.99,DELTA,31,50,36,974,387,yes,13,2000
2025-05-21T15:02:15.735784,KXBTCD-25MAY2119-T108749.99,DELTA,31,50,36,974,388,yes,13,-1250
2025-05-21T15:02:16.573233,KXBTCD-25MAY2119-T108749.99,DELTA,31,50,36,974,389,yes,12,-2700
2025-05-21T15:02:16.573951,KXBTCD-25MAY2119-T108749.99,DELTA,31,50,36,974,390,yes,13,2492
2025-05-21T15:02:16.633372,KXBTCD-25MAY2119-T108749.99,DELTA,31,50,36,974,391,yes,13,-2000
2025-05-21T15:02:16.634290,KXBTCD-25MAY2119-T108749.99,DELTA,31,50,36,974,392,yes,14,1250
2025-05-21T15:02:16.672364,KXBTCD-25MAY2119-T108749.99,DELTA,31,50,36,974,393,yes,14,2000
2025-05-21T15:02:19.032729,KXBTCD-25MAY2119-T108749.99,DELTA,31,50,36,974,394,yes,13,-2492
2025-05-21T15:02:19.032910,KXBTCD-25MAY2119-T108749.99,DELTA,31,50,36,974,395,yes,6,5400
2025-05-21T15:02:19.113126,KXBTCD-25MAY2119-T108749.99,DELTA,31,50,36,974,396,yes,7,20000
2025-05-21T15:02:19.113374,KXBTCD-25MAY2119-T108749.99,DELTA,31,50,36,974,397,yes,14,-2000
2025-05-21T15:02:19.113683,KXBTCD-25MAY2119-T108749.99,DELTA,31,50,36,974,398,yes,14,-1250
2025-05-21T15:02:19.172278,KXBTCD-25MAY2119-T108749.99,DELTA,31,50,36,974,399,yes,7,2000
2025-05-21T15:02:19.912920,KXBTCD-25MAY2119-T108749.99,DELTA,31,50,36,974,400,yes,21,24
2025-05-21T15:02:19.913606,KXBTCD-25MAY2119-T108749.99,DELTA,31,50,36,974,401,yes,23,-24
2025-05-21T15:02:19.933549,KXBTCD-25MAY2119-T108749.99,DELTA,31,50,36,974,402,no,62,24
2025-05-21T15:02:19.934429,KXBTCD-25MAY2119-T108749.99,DELTA,31,50,36,974,403,no,60,-24
2025-05-21T15:02:19.973292,KXBTCD-25MAY2119-T108749.99,DELTA,31,50,36,974,404,no,62,-50
2025-05-21T15:02:19.973939,KXBTCD-25MAY2119-T108749.99,DELTA,31,50,36,974,405,no,63,50
2025-05-21T15:02:19.974307,KXBTCD-25MAY2119-T108749.99,DELTA,31,50,36,974,406,yes,30,-1000
2025-05-21T15:02:20.012869,KXBTCD-25MAY2119-T108749.99,DELTA,31,50,36,974,407,yes,30,1000
2025-05-21T15:02:20.233045,KXBTCD-25MAY2119-T108749.99,DELTA,31,50,36,974,408,yes,30,-1000
2025-05-21T15:02:20.253491,KXBTCD-25MAY2119-T108749.99,DELTA,31,50,36,974,409,yes,6,-5400
2025-05-21T15:02:20.254192,KXBTCD-25MAY2119-T108749.99,DELTA,31,50,36,974,410,yes,8,4050
2025-05-21T15:02:20.273440,KXBTCD-25MAY2119-T108749.99,DELTA,31,50,36,974,411,yes,7,1000
2025-05-21T15:02:20.394468,KXBTCD-25MAY2119-T108749.99,DELTA,31,50,36,974,412,no,31,-2000
2025-05-21T15:02:20.395288,KXBTCD-25MAY2119-T108749.99,DELTA,31,50,36,974,413,yes,7,-20000
2025-05-21T15:02:20.395882,KXBTCD-25MAY2119-T108749.99,DELTA,31,50,36,974,414,yes,7,-2000
2025-05-21T15:02:20.416185,KXBTCD-25MAY2119-T108749.99,DELTA,31,50,36,974,415,yes,7,-1000
2025-05-21T15:02:20.416755,KXBTCD-25MAY2119-T108749.99,DELTA,31,50,36,974,416,no,63,-100
2025-05-21T15:02:20.432360,KXBTCD-25MAY2119-T108749.99,DELTA,31,50,36,974,417,no,31,2000
2025-05-21T15:02:20.474436,KXBTCD-25MAY2119-T108749.99,DELTA,31,50,36,974,418,yes,9,2000
2025-05-21T15:02:20.475285,KXBTCD-25MAY2119-T108749.99,DELTA,31,50,36,974,419,yes,9,20000
2025-05-21T15:02:20.475896,KXBTCD-25MAY2119-T108749.99,DELTA,31,50,36,974,420,yes,9,1000
2025-05-21T15:02:20.493396,KXBTCD-25MAY2119-T108749.99,DELTA,31,50,36,974,421,yes,30,-100
2025-05-21T15:02:21.232943,KXBTCD-25MAY2119-T108749.99,DELTA,21,24,36,974,422,yes,31,-50
2025-05-21T15:02:21.233550,KXBTCD-25MAY2119-T108749.99,DELTA,21,24,36,974,423,yes,10,50
2025-05-21T15:02:21.292292,KXBTCD-25MAY2119-T108749.99,DELTA,21,24,36,974,424,yes,9,-1000
2025-05-21T15:02:21.329458,KXBTCD-25MAY2119-T108749.99,DELTA,21,24,36,974,425,yes,11,1000
2025-05-21T15:02:21.383454,KXBTCD-25MAY2119-T108749.99,DELTA,21,24,35,9,426,no,65,9
2025-05-21T15:02:21.410910,KXBTCD-25MAY2119-T108749.99,DELTA,21,24,35,9,427,yes,11,9
2025-05-21T15:02:21.411743,KXBTCD-25MAY2119-T108749.99,DELTA,21,24,35,9,428,yes,11,9
2025-05-21T15:02:21.496932,KXBTCD-25MAY2119-T108749.99,DELTA,21,24,35,9,429,yes,8,-4050
2025-05-21T15:02:21.497759,KXBTCD-25MAY2119-T108749.99,DELTA,21,24,35,9,430,yes,12,2700
2025-05-21T15:02:21.546529,KXBTCD-25MAY2119-T108749.99,DELTA,28,100,35,9,431,yes,28,100
2025-05-21T15:02:21.547180,KXBTCD-25MAY2119-T108749.99,DELTA,28,100,35,9,432,yes,9,-20000
2025-05-21T15:02:21.547729,KXBTCD-25MAY2119-T108749.99,DELTA,28,100,35,9,433,no,64,100
2025-05-21T15:02:21.554637,KXBTCD-25MAY2119-T108749.99,DELTA,28,100,35,9,434,yes,13,1250
2025-05-21T15:02:21.557945,KXBTCD-25MAY2119-T108749.99,DELTA,28,100,35,9,435,yes,9,-2000
2025-05-21T15:02:21.558523,KXBTCD-25MAY2119-T108749.99,DELTA,28,100,35,9,436,yes,11,-1000
2025-05-21T15:02:21.811802,KXBTCD-25MAY2119-T108749.99,DELTA,28,100,35,9,437,yes,10,-50
2025-05-21T15:02:21.812477,KXBTCD-25MAY2119-T108749.99,DELTA,29,50,35,9,438,yes,29,50
2025-05-21T15:02:21.812931,KXBTCD-25MAY2119-T108749.99,DELTA,29,50,35,9,439,no,64,-974
2025-05-21T15:02:21.813514,KXBTCD-25MAY2119-T108749.99,DELTA,29,50,35,9,440,yes,13,2000
2025-05-21T15:02:21.813965,KXBTCD-25MAY2119-T108749.99,DELTA,29,50,35,9,441,yes,28,1000
2025-05-21T15:02:21.814461,KXBTCD-25MAY2119-T108749.99,DELTA,29,50,35,1009,442,no,65,1000
2025-05-21T15:02:21.933360,KXBTCD-25MAY2119-T108749.99,DELTA,29,50,35,1000,443,no,65,-9
2025-05-21T15:02:21.934009,KXBTCD-25MAY2119-T108749.99,DELTA,29,50,35,1000,444,yes,11,-9
2025-05-21T15:02:22.694179,KXBTCD-25MAY2119-T108749.99,DELTA,29,50,35,1000,445,yes,12,-2700
2025-05-21T15:02:22.695181,KXBTCD-25MAY2119-T108749.99,DELTA,29,50,35,1000,446,yes,11,2945
2025-05-21T15:02:22.754674,KXBTCD-25MAY2119-T108749.99,DELTA,29,50,35,1000,447,yes,13,-2000
2025-05-21T15:02:22.772545,KXBTCD-25MAY2119-T108749.99,DELTA,29,50,35,1000,448,yes,13,-1250
2025-05-21T15:02:22.814321,KXBTCD-25MAY2119-T108749.99,DELTA,29,50,35,1000,449,yes,11,-9
2025-05-21T15:02:22.815254,KXBTCD-25MAY2119-T108749.99,DELTA,29,50,35,1000,450,yes,12,1250
2025-05-21T15:02:22.815972,KXBTCD-25MAY2119-T108749.99,DELTA,29,50,35,1000,451,yes,12,2000
2025-05-21T15:02:23.813224,KXBTCD-25MAY2119-T108749.99,DELTA,29,50,35,1000,452,yes,11,-2945
2025-05-21T15:02:23.813708,KXBTCD-25MAY2119-T108749.99,DELTA,29,50,35,1000,453,yes,6,5400
2025-05-21T15:02:23.873125,KXBTCD-25MAY2119-T108749.99,DELTA,29,50,35,1000,454,yes,7,20000
2025-05-21T15:02:23.874092,KXBTCD-25MAY2119-T108749.99,DELTA,29,50,35,1000,455,yes,12,-2000
2025-05-21T15:02:23.892786,KXBTCD-25MAY2119-T108749.99,DELTA,29,50,35,1000,456,yes,12,-1250
2025-05-21T15:02:23.933675,KXBTCD-25MAY2119-T108749.99,DELTA,29,50,35,1000,457,yes,7,2000
2025-05-21T15:02:27.573480,KXBTCD-25MAY2119-T108749.99,DELTA,29,50,35,1000,458,yes,6,-5400
2025-05-21T15:02:27.573728,KXBTCD-25MAY2119-T108749.99,DELTA,29,50,35,1000,459,yes,8,4050
2025-05-21T15:02:27.634333,KXBTCD-25MAY2119-T108749.99,DELTA,29,50,35,1000,460,yes,7,-20000
2025-05-21T15:02:27.634853,KXBTCD-25MAY2119-T108749.99,DELTA,29,50,35,1000,461,no,63,-50
2025-05-21T15:02:27.635199,KXBTCD-25MAY2119-T108749.99,DELTA,29,50,35,1000,462,no,64,50
2025-05-21T15:02:27.635505,KXBTCD-25MAY2119-T108749.99,DELTA,29,50,35,1000,463,yes,7,-2000
2025-05-21T15:02:27.672702,KXBTCD-25MAY2119-T108749.99,DELTA,29,50,35,1000,464,yes,9,20000
2025-05-21T15:02:27.735356,KXBTCD-25MAY2119-T108749.99,DELTA,29,50,35,1000,465,yes,9,2000
2025-05-21T15:02:27.892723,KXBTCD-25MAY2119-T108749.99,DELTA,29,50,35,1000,466,yes,28,-1000
2025-05-21T15:02:27.933443,KXBTCD-25MAY2119-T108749.99,DELTA,29,1050,35,1000,467,yes,29,1000
2025-05-21T15:02:27.994272,KXBTCD-25MAY2119-T108749.99,DELTA,29,1000,35,1000,468,yes,29,-50
2025-05-21T15:02:27.995048,KXBTCD-25MAY2119-T108749.99,DELTA,30,50,35,1000,469,yes,30,50
2025-05-21T15:02:28.113851,KXBTCD-25MAY2119-T108749.99,DELTA,30,50,35,1000,470,yes,29,-1000
2025-05-21T15:02:28.114766,KXBTCD-25MAY2119-T108749.99,DELTA,30,50,35,1000,471,no,31,-2000
2025-05-21T15:02:28.174462,KXBTCD-25MAY2119-T108749.99,DELTA,30,50,35,1000,472,yes,28,1000
2025-05-21T15:02:28.175281,KXBTCD-25MAY2119-T108749.99,DELTA,30,50,35,1000,473,no,64,2000
2025-05-21T15:02:28.373436,KXBTCD-25MAY2119-T108749.99,DELTA,30,50,35,1000,474,no,64,-2000
2025-05-21T15:02:28.413887,KXBTCD-25MAY2119-T108749.99,DELTA,30,50,35,1000,475,no,31,2000
2025-05-21T15:02:28.841238,KXBTCD-25MAY2119-T108749.99,DELTA,30,50,35,1000,476,yes,28,-1000
2025-05-21T15:02:28.842052,KXBTCD-25MAY2119-T108749.99,DELTA,30,50,35,1000,477,yes,29,1000
2025-05-21T15:02:29.974184,KXBTCD-25MAY2119-T108749.99,DELTA,30,50,35,1000,478,yes,8,-4050
2025-05-21T15:02:29.975143,KXBTCD-25MAY2119-T108749.99,DELTA,30,50,35,1000,479,yes,10,3240
2025-05-21T15:02:30.033233,KXBTCD-25MAY2119-T108749.99,DELTA,30,50,35,1000,480,yes,9,-20000
2025-05-21T15:02:30.053623,KXBTCD-25MAY2119-T108749.99,DELTA,30,50,35,1000,481,yes,9,-2000
2025-05-21T15:02:30.094122,KXBTCD-25MAY2119-T108749.99,DELTA,30,50,35,1000,482,yes,11,2000
2025-05-21T15:02:30.094303,KXBTCD-25MAY2119-T108749.99,DELTA,30,50,35,1000,483,yes,11,20000
2025-05-21T15:02:31.113549,KXBTCD-25MAY2119-T108749.99,DELTA,30,50,35,1000,484,yes,29,-1000
2025-05-21T15:02:31.153352,KXBTCD-25MAY2119-T108749.99,DELTA,30,50,35,1000,485,yes,28,1000
2025-05-21T15:02:31.173034,KXBTCD-25MAY2119-T108749.99,DELTA,30,50,35,1000,486,yes,10,-3240
2025-05-21T15:02:31.173740,KXBTCD-25MAY2119-T108749.99,DELTA,30,50,35,1000,487,yes,11,2945
2025-05-21T15:02:31.234204,KXBTCD-25MAY2119-T108749.99,DELTA,30,50,35,1000,488,yes,22,9
2025-05-21T15:02:31.235180,KXBTCD-25MAY2119-T108749.99,DELTA,30,50,35,1000,489,yes,12,1250
2025-05-21T15:02:31.235829,KXBTCD-25MAY2119-T108749.99,DELTA,30,50,35,1000,490,yes,11,-20000
2025-05-21T15:02:31.253058,KXBTCD-25MAY2119-T108749.99,DELTA,30,50,35,1000,491,yes,11,-2000
2025-05-21T15:02:31.313803,KXBTCD-25MAY2119-T108749.99,DELTA,30,50,35,1000,492,yes,12,2000
2025-05-21T15:02:31.353962,KXBTCD-25MAY2119-T108749.99,DELTA,30,50,35,1000,493,yes,28,-1000
2025-05-21T15:02:31.393612,KXBTCD-25MAY2119-T108749.99,DELTA,30,50,35,1000,494,yes,29,1000
2025-05-21T15:02:31.474388,KXBTCD-25MAY2119-T108749.99,DELTA,30,50,35,1000,495,no,64,-100
2025-05-21T15:02:32.353428,KXBTCD-25MAY2119-T108749.99,DELTA,30,50,35,1000,496,yes,11,-2945
2025-05-21T15:02:32.354152,KXBTCD-25MAY2119-T108749.99,DELTA,30,50,35,1000,497,yes,6,5400
2025-05-21T15:02:32.414366,KXBTCD-25MAY2119-T108749.99,DELTA,30,50,35,1000,498,yes,12,-2000
2025-05-21T15:02:32.415092,KXBTCD-25MAY2119-T108749.99,DELTA,30,50,35,1000,499,yes,7,20000
2025-05-21T15:02:32.433500,KXBTCD-25MAY2119-T108749.99,DELTA,30,50,35,1000,500,yes,12,-1250
2025-05-21T15:02:32.472645,KXBTCD-25MAY2119-T108749.99,DELTA,30,50,35,1000,501,yes,7,2000
2025-05-21T15:02:32.473536,KXBTCD-25MAY2119-T108749.99,DELTA,30,50,35,1100,502,no,65,100
2025-05-21T15:02:32.474284,KXBTCD-25MAY2119-T108749.99,DELTA,30,50,35,1100,503,yes,22,-9
2025-05-21T15:02:32.544033,KXBTCD-25MAY2119-T108749.99,DELTA,30,50,35,100,504,no,65,-1000
2025-05-21T15:02:32.572585,KXBTCD-25MAY2119-T108749.99,DELTA,30,50,34,1000,505,no,66,1000
2025-05-21T15:02:32.953705,KXBTCD-25MAY2119-T108749.99,DELTA,30,50,34,1000,506,yes,29,-1000
2025-05-21T15:02:32.994762,KXBTCD-25MAY2119-T108749.99,DELTA,30,50,34,1000,507,yes,28,1000
2025-05-21T15:02:33.013880,KXBTCD-25MAY2119-T108749.99,DELTA,28,1100,34,1000,508,yes,30,-50
2025-05-21T15:02:33.014551,KXBTCD-25MAY2119-T108749.99,DELTA,29,50,34,1000,509,yes,29,50
2025-05-21T15:02:33.054702,KXBTCD-25MAY2119-T108749.99,DELTA,28,1100,34,1000,510,yes,29,-50
2025-05-21T15:02:33.055615,KXBTCD-25MAY2119-T108749.99,DELTA,31,50,34,1000,511,yes,31,50
2025-05-21T15:02:33.135207,KXBTCD-25MAY2119-T108749.99,DELTA,28,1100,34,1000,512,yes,31,-50
2025-05-21T15:02:33.136181,KXBTCD-25MAY2119-T108749.99,DELTA,29,50,34,1000,513,yes,29,50
2025-05-21T15:02:34.433004,KXBTCD-25MAY2119-T108749.99,DELTA,29,50,34,1000,514,yes,19,24
2025-05-21T15:02:34.434130,KXBTCD-25MAY2119-T108749.99,DELTA,29,50,34,1000,515,yes,21,-24
2025-05-21T15:02:34.434982,KXBTCD-25MAY2119-T108749.99,DELTA,29,50,34,1000,516,no,63,24
2025-05-21T15:02:34.435704,KXBTCD-25MAY2119-T108749.99,DELTA,29,50,34,1000,517,no,62,-24
2025-05-21T15:02:34.672922,KXBTCD-25MAY2119-T108749.99,DELTA,29,50,34,1000,518,yes,6,-5400
2025-05-21T15:02:34.673769,KXBTCD-25MAY2119-T108749.99,DELTA,29,50,34,1000,519,yes,8,4050
2025-05-21T15:02:34.734290,KXBTCD-25MAY2119-T108749.99,DELTA,29,50,34,1000,520,yes,7,-20000
2025-05-21T15:02:34.754264,KXBTCD-25MAY2119-T108749.99,DELTA,29,50,34,1000,521,yes,7,-2000
2025-05-21T15:02:34.793969,KXBTCD-25MAY2119-T108749.99,DELTA,29,50,34,1000,522,yes,9,20000
2025-05-21T15:02:34.794759,KXBTCD-25MAY2119-T108749.99,DELTA,29,50,34,1000,523,yes,9,2000
2025-05-21T15:02:34.995333,KXBTCD-25MAY2119-T108749.99,DELTA,29,50,34,1000,524,yes,28,-100
2025-05-21T15:02:35.051605,KXBTCD-25MAY2119-T108749.99,DELTA,29,50,34,1000,525,yes,28,-1000
2025-05-21T15:02:35.093637,KXBTCD-25MAY2119-T108749.99,DELTA,29,50,34,1000,526,yes,9,1000
2025-05-21T15:02:35.917118,KXBTCD-25MAY2119-T108749.99,DELTA,29,50,34,1000,527,yes,27,100
2025-05-21T15:02:35.972746,KXBTCD-25MAY2119-T108749.99,DELTA,29,50,34,1000,528,yes,9,-1000
2025-05-21T15:02:36.013545,KXBTCD-25MAY2119-T108749.99,DELTA,29,50,34,1000,529,yes,28,1000
2025-05-21T15:02:36.032964,KXBTCD-25MAY2119-T108749.99,DELTA,29,50,34,1000,530,yes,20,9
2025-05-21T15:02:38.472926,KXBTCD-25MAY2119-T108749.99,DELTA,29,50,34,1000,531,yes,8,-4050
2025-05-21T15:02:38.473703,KXBTCD-25MAY2119-T108749.99,DELTA,29,50,34,1000,532,yes,10,3240
2025-05-21T15:02:38.534984,KXBTCD-25MAY2119-T108749.99,DELTA,29,50,34,1000,533,yes,11,1250
2025-05-21T15:02:38.535952,KXBTCD-25MAY2119-T108749.99,DELTA,29,50,34,1000,534,yes,9,-20000
2025-05-21T15:02:38.536699,KXBTCD-25MAY2119-T108749.99,DELTA,29,50,34,1000,535,yes,9,-2000
2025-05-21T15:02:38.572542,KXBTCD-25MAY2119-T108749.99,DELTA,29,50,34,1000,536,yes,11,20000
2025-05-21T15:02:38.592647,KXBTCD-25MAY2119-T108749.99,DELTA,29,50,34,1000,537,yes,11,2000
2025-05-21T15:02:38.593566,KXBTCD-25MAY2119-T108749.99,DELTA,29,50,34,1000,538,yes,20,-9
2025-05-21T15:02:38.732477,KXBTCD-25MAY2119-T108749.99,DELTA,29,50,34,1000,539,yes,11,-1250
2025-05-21T15:02:39.798405,KXBTCD-25MAY2119-T108749.99,DELTA,29,50,34,1000,540,yes,28,-1000
2025-05-21T15:02:39.799236,KXBTCD-25MAY2119-T108749.99,DELTA,29,1050,34,1000,541,yes,29,1000
2025-05-21T15:02:39.840204,KXBTCD-25MAY2119-T108749.99,DELTA,29,1000,34,1000,542,yes,29,-50
2025-05-21T15:02:39.841060,KXBTCD-25MAY2119-T108749.99,DELTA,30,50,34,1000,543,yes,30,50
2025-05-21T15:02:39.893230,KXBTCD-25MAY2119-T108749.99,DELTA,30,50,34,1000,544,yes,29,-1000
2025-05-21T15:02:39.894058,KXBTCD-25MAY2119-T108749.99,DELTA,30,50,34,1000,545,yes,20,9
2025-05-21T15:02:39.938370,KXBTCD-25MAY2119-T108749.99,DELTA,30,50,34,1000,546,yes,28,1000
2025-05-21T15:02:40.935085,KXBTCD-25MAY2119-T108749.99,DELTA,30,50,34,1000,547,yes,10,-3240
2025-05-21T15:02:40.936052,KXBTCD-25MAY2119-T108749.99,DELTA,30,50,34,1000,548,yes,11,2945
2025-05-21T15:02:40.994140,KXBTCD-25MAY2119-T108749.99,DELTA,30,50,34,1000,549,yes,12,1250
2025-05-21T15:02:40.995053,KXBTCD-25MAY2119-T108749.99,DELTA,30,50,34,1000,550,yes,11,-20000
2025-05-21T15:02:41.014800,KXBTCD-25MAY2119-T108749.99,DELTA,30,50,34,1000,551,yes,11,-2000
2025-05-21T15:02:41.033427,KXBTCD-25MAY2119-T108749.99,DELTA,30,50,34,1000,552,yes,20,-9
2025-05-21T15:02:41.100776,KXBTCD-25MAY2119-T108749.99,DELTA,30,50,34,1000,553,yes,12,2000
2025-05-21T15:02:41.812667,KXBTCD-25MAY2119-T108749.99,DELTA,28,1000,34,1000,554,yes,30,-50
2025-05-21T15:02:41.813682,KXBTCD-25MAY2119-T108749.99,DELTA,29,50,34,1000,555,yes,29,50
2025-05-21T15:02:41.853685,KXBTCD-25MAY2119-T108749.99,DELTA,29,50,34,1000,556,no,30,-200
2025-05-21T15:02:41.854125,KXBTCD-25MAY2119-T108749.99,DELTA,29,50,34,1000,557,no,40,200
2025-05-21T15:02:41.912359,KXBTCD-25MAY2119-T108749.99,DELTA,29,50,34,1000,558,yes,28,-1000
2025-05-21T15:02:41.912552,KXBTCD-25MAY2119-T108749.99,DELTA,29,50,34,1000,559,no,31,-2000
2025-05-21T15:02:41.952607,KXBTCD-25MAY2119-T108749.99,DELTA,29,1050,34,1000,560,yes,29,1000
2025-05-21T15:02:41.972488,KXBTCD-25MAY2119-T108749.99,DELTA,29,1050,34,1000,561,no,41,2000
2025-05-21T15:02:42.013437,KXBTCD-25MAY2119-T108749.99,DELTA,29,1000,34,1000,562,yes,29,-50
2025-05-21T15:02:42.013579,KXBTCD-25MAY2119-T108749.99,DELTA,30,50,34,1000,563,yes,30,50
2025-05-21T15:02:42.072751,KXBTCD-25MAY2119-T108749.99,DELTA,30,50,34,1000,564,yes,29,-1000
2025-05-21T15:02:42.073249,KXBTCD-25MAY2119-T108749.99,DELTA,30,50,34,1000,565,yes,11,-2945
2025-05-21T15:02:42.073522,KXBTCD-25MAY2119-T108749.99,DELTA,30,50,34,1000,566,yes,6,5400
2025-05-21T15:02:42.112490,KXBTCD-25MAY2119-T108749.99,DELTA,30,50,34,1000,567,yes,28,1000
2025-05-21T15:02:42.132718,KXBTCD-25MAY2119-T108749.99,DELTA,30,50,34,1000,568,yes,7,20000
2025-05-21T15:02:42.133472,KXBTCD-25MAY2119-T108749.99,DELTA,30,50,34,1000,569,yes,12,-2000
2025-05-21T15:02:42.154768,KXBTCD-25MAY2119-T108749.99,DELTA,30,50,34,1000,570,yes,12,-1250
2025-05-21T15:02:42.192607,KXBTCD-25MAY2119-T108749.99,DELTA,30,50,34,1000,571,yes,7,2000
2025-05-21T15:02:43.272771,KXBTCD-25MAY2119-T108749.99,DELTA,30,50,34,1000,572,yes,6,-5400
2025-05-21T15:02:43.273417,KXBTCD-25MAY2119-T108749.99,DELTA,30,50,34,1000,573,yes,8,4050
2025-05-21T15:02:43.333205,KXBTCD-25MAY2119-T108749.99,DELTA,30,50,34,1000,574,yes,7,-20000
2025-05-21T15:02:43.354374,KXBTCD-25MAY2119-T108749.99,DELTA,30,50,34,1000,575,yes,7,-2000
2025-05-21T15:02:43.394036,KXBTCD-25MAY2119-T108749.99,DELTA,30,50,34,1000,576,yes,9,20000
2025-05-21T15:02:43.394881,KXBTCD-25MAY2119-T108749.99,DELTA,30,50,34,1000,577,yes,9,2000
2025-05-21T15:02:44.393228,KXBTCD-25MAY2119-T108749.99,DELTA,30,50,34,1000,578,yes,8,-4050
2025-05-21T15:02:44.394185,KXBTCD-25MAY2119-T108749.99,DELTA,30,50,34,1000,579,yes,10,3240
2025-05-21T15:02:44.453655,KXBTCD-25MAY2119-T108749.99,DELTA,30,50,34,1000,580,yes,11,1250
2025-05-21T15:02:44.454506,KXBTCD-25MAY2119-T108749.99,DELTA,30,50,34,1000,581,yes,9,-20000
2025-05-21T15:02:44.473469,KXBTCD-25MAY2119-T108749.99,DELTA,30,50,34,1000,582,yes,9,-2000
2025-05-21T15:02:44.512935,KXBTCD-25MAY2119-T108749.99,DELTA,30,50,34,1000,583,yes,11,20000
2025-05-21T15:02:44.513774,KXBTCD-25MAY2119-T108749.99,DELTA,30,50,34,1000,584,yes,11,2000
2025-05-21T15:02:45.573464,KXBTCD-25MAY2119-T108749.99,DELTA,30,50,34,1000,585,yes,10,-3240
2025-05-21T15:02:45.575689,KXBTCD-25MAY2119-T108749.99,DELTA,30,50,34,1000,586,yes,11,2945
2025-05-21T15:02:45.633337,KXBTCD-25MAY2119-T108749.99,DELTA,30,50,34,1000,587,yes,11,-20000
2025-05-21T15:02:45.653673,KXBTCD-25MAY2119-T108749.99,DELTA,30,50,34,1000,588,yes,11,-2000
2025-05-21T15:02:45.654496,KXBTCD-25MAY2119-T108749.99,DELTA,30,50,34,1000,589,yes,11,-1250
2025-05-21T15:02:45.693921,KXBTCD-25MAY2119-T108749.99,DELTA,30,50,34,1000,590,yes,12,2000
2025-05-21T15:02:45.714403,KXBTCD-25MAY2119-T108749.99,DELTA,30,50,34,1000,591,yes,12,1250
2025-05-21T15:02:48.394539,KXBTCD-25MAY2119-T108749.99,DELTA,30,50,34,1000,592,no,65,-100
2025-05-21T15:02:48.454760,KXBTCD-25MAY2119-T108749.99,DELTA,28,1000,34,1000,593,yes,30,-50
2025-05-21T15:02:48.455824,KXBTCD-25MAY2119-T108749.99,DELTA,29,50,34,1000,594,yes,29,50
2025-05-21T15:02:48.456592,KXBTCD-25MAY2119-T108749.99,DELTA,29,50,36,50,595,no,66,-1000
2025-05-21T15:02:48.513544,KXBTCD-25MAY2119-T108749.99,DELTA,29,50,35,1000,596,no,65,1000
2025-05-21T15:02:49.273851,KXBTCD-25MAY2119-T108749.99,DELTA,29,50,35,1100,597,no,65,100
2025-05-21T15:02:49.333198,KXBTCD-25MAY2119-T108749.99,DELTA,29,50,35,100,598,no,65,-1000
2025-05-21T15:02:49.355816,KXBTCD-25MAY2119-T108749.99,DELTA,29,50,35,100,599,yes,11,-2945
2025-05-21T15:02:49.356799,KXBTCD-25MAY2119-T108749.99,DELTA,29,50,35,100,600,yes,6,5400
2025-05-21T15:02:49.393476,KXBTCD-25MAY2119-T108749.99,DELTA,29,50,34,1000,601,no,66,1000
2025-05-21T15:02:49.413534,KXBTCD-25MAY2119-T108749.99,DELTA,29,50,34,1000,602,yes,12,-2000
2025-05-21T15:02:49.413953,KXBTCD-25MAY2119-T108749.99,DELTA,29,50,34,1000,603,yes,7,20000
2025-05-21T15:02:49.432260,KXBTCD-25MAY2119-T108749.99,DELTA,29,50,34,1000,604,yes,12,-1250
2025-05-21T15:02:49.473182,KXBTCD-25MAY2119-T108749.99,DELTA,29,50,34,1000,605,yes,7,2000
2025-05-21T15:02:49.512951,KXBTCD-25MAY2119-T108749.99,DELTA,29,50,34,1000,606,no,65,-100
2025-05-21T15:02:49.573249,KXBTCD-25MAY2119-T108749.99,DELTA,29,50,36,50,607,no,66,-1000
2025-05-21T15:02:49.613131,KXBTCD-25MAY2119-T108749.99,DELTA,29,50,35,1000,608,no,65,1000
2025-05-21T15:02:50.333549,KXBTCD-25MAY2119-T108749.99,DELTA,29,50,34,100,609,no,66,100
2025-05-21T15:02:50.393440,KXBTCD-25MAY2119-T108749.99,DELTA,29,50,34,100,610,no,65,-1000
2025-05-21T15:02:50.454549,KXBTCD-25MAY2119-T108749.99,DELTA,29,50,33,1000,611,no,67,1000
2025-05-21T15:02:51.752919,KXBTCD-25MAY2119-T108749.99,DELTA,29,50,33,1000,612,yes,6,-5400
2025-05-21T15:02:51.753171,KXBTCD-25MAY2119-T108749.99,DELTA,29,50,33,1000,613,yes,8,4050
2025-05-21T15:02:51.849300,KXBTCD-25MAY2119-T108749.99,DELTA,29,50,33,1000,614,yes,7,-20000
2025-05-21T15:02:51.850028,KXBTCD-25MAY2119-T108749.99,DELTA,29,50,33,1000,615,yes,7,-2000
2025-05-21T15:02:51.861010,KXBTCD-25MAY2119-T108749.99,DELTA,29,50,33,1000,616,yes,9,2000
2025-05-21T15:02:51.861825,KXBTCD-25MAY2119-T108749.99,DELTA,29,50,33,1000,617,yes,9,20000
2025-05-21T15:02:52.914155,KXBTCD-25MAY2119-T108749.99,DELTA,29,50,33,1000,618,yes,8,-4050
2025-05-21T15:02:52.915227,KXBTCD-25MAY2119-T108749.99,DELTA,29,50,33,1000,619,yes,10,3240
2025-05-21T15:02:52.973217,KXBTCD-25MAY2119-T108749.99,DELTA,29,50,33,1000,620,yes,9,-20000
2025-05-21T15:02:52.974240,KXBTCD-25MAY2119-T108749.99,DELTA,29,50,33,1000,621,yes,11,1250
2025-05-21T15:02:52.993859,KXBTCD-25MAY2119-T108749.99,DELTA,29,50,33,1000,622,yes,9,-2000
2025-05-21T15:02:53.032314,KXBTCD-25MAY2119-T108749.99,DELTA,29,50,33,1000,623,yes,11,2000
2025-05-21T15:02:53.032675,KXBTCD-25MAY2119-T108749.99,DELTA,29,50,33,1000,624,yes,11,20000
2025-05-21T15:02:54.093636,KXBTCD-25MAY2119-T108749.99,DELTA,29,50,33,1000,625,yes,10,-3240
2025-05-21T15:02:54.093811,KXBTCD-25MAY2119-T108749.99,DELTA,29,50,33,1000,626,yes,11,2945
2025-05-21T15:02:54.153592,KXBTCD-25MAY2119-T108749.99,DELTA,29,50,33,1000,627,yes,11,-20000
2025-05-21T15:02:54.173150,KXBTCD-25MAY2119-T108749.99,DELTA,29,50,33,1000,628,yes,11,-2000
2025-05-21T15:02:54.173640,KXBTCD-25MAY2119-T108749.99,DELTA,29,50,33,1000,629,yes,11,-1250
2025-05-21T15:02:54.233550,KXBTCD-25MAY2119-T108749.99,DELTA,29,50,33,1000,630,yes,12,1250
2025-05-21T15:02:54.234420,KXBTCD-25MAY2119-T108749.99,DELTA,29,50,33,1000,631,yes,12,2000
2025-05-21T15:02:55.272924,KXBTCD-25MAY2119-T108749.99,DELTA,29,50,33,1000,632,yes,11,-2945
2025-05-21T15:02:55.273185,KXBTCD-25MAY2119-T108749.99,DELTA,29,50,33,1000,633,yes,6,5400
2025-05-21T15:02:55.400566,KXBTCD-25MAY2119-T108749.99,DELTA,29,50,33,1000,634,yes,12,-2000
2025-05-21T15:02:55.401525,KXBTCD-25MAY2119-T108749.99,DELTA,29,50,33,1000,635,yes,12,-1250
2025-05-21T15:02:55.412194,KXBTCD-25MAY2119-T108749.99,DELTA,29,50,33,1000,636,yes,7,20000
2025-05-21T15:02:55.433622,KXBTCD-25MAY2119-T108749.99,DELTA,29,50,33,1000,637,yes,7,2000
2025-05-21T15:02:56.454096,KXBTCD-25MAY2119-T108749.99,DELTA,29,50,33,1000,638,yes,6,-5400
2025-05-21T15:02:56.454887,KXBTCD-25MAY2119-T108749.99,DELTA,29,50,33,1000,639,yes,8,4050
2025-05-21T15:02:56.514004,KXBTCD-25MAY2119-T108749.99,DELTA,29,50,33,1000,640,yes,7,-20000
2025-05-21T15:02:56.515040,KXBTCD-25MAY2119-T108749.99,DELTA,29,50,33,1000,641,yes,7,-2000
2025-05-21T15:02:56.553596,KXBTCD-25MAY2119-T108749.99,DELTA,29,50,33,1000,642,yes,9,2000
2025-05-21T15:02:56.554291,KXBTCD-25MAY2119-T108749.99,DELTA,29,50,33,1000,643,yes,9,20000
2025-05-21T15:02:57.234956,KXBTCD-25MAY2119-T108749.99,DELTA,29,50,33,1000,644,yes,18,24
2025-05-21T15:02:57.236086,KXBTCD-25MAY2119-T108749.99,DELTA,29,50,33,1000,645,yes,19,-24
2025-05-21T15:02:57.254354,KXBTCD-25MAY2119-T108749.99,DELTA,29,50,33,1000,646,no,63,-24
2025-05-21T15:02:57.255124,KXBTCD-25MAY2119-T108749.99,DELTA,29,50,33,1000,647,no,65,24
2025-05-21T15:03:00.373548,KXBTCD-25MAY2119-T108749.99,DELTA,29,50,33,1000,648,yes,8,-4050
2025-05-21T15:03:00.374563,KXBTCD-25MAY2119-T108749.99,DELTA,29,50,33,1000,649,yes,10,3240
2025-05-21T15:03:00.433767,KXBTCD-25MAY2119-T108749.99,DELTA,29,50,33,1000,650,yes,11,1250
2025-05-21T15:03:00.434504,KXBTCD-25MAY2119-T108749.99,DELTA,29,50,33,1000,651,yes,9,-20000
2025-05-21T15:03:00.435061,KXBTCD-25MAY2119-T108749.99,DELTA,29,50,33,1000,652,yes,9,-2000
2025-05-21T15:03:00.493397,KXBTCD-25MAY2119-T108749.99,DELTA,29,50,33,1000,653,yes,11,2000
2025-05-21T15:03:00.494343,KXBTCD-25MAY2119-T108749.99,DELTA,29,50,33,1000,654,yes,11,20000
2025-05-21T15:03:02.034321,KXBTCD-25MAY2119-T108749.99,DELTA,29,50,33,1000,655,yes,28,-1000
2025-05-21T15:03:02.053316,KXBTCD-25MAY2119-T108749.99,DELTA,29,50,33,1000,656,no,64,-50
2025-05-21T15:03:02.053951,KXBTCD-25MAY2119-T108749.99,DELTA,29,50,33,1000,657,no,65,50
2025-05-21T15:03:02.094164,KXBTCD-25MAY2119-T108749.99,DELTA,29,50,33,1000,658,yes,11,1000
2025-05-21T15:03:02.189137,KXBTCD-25MAY2119-T108749.99,DELTA,29,50,33,1000,659,yes,18,-24
2025-05-21T15:03:02.189949,KXBTCD-25MAY2119-T108749.99,DELTA,29,50,33,1000,660,no,65,-24
2025-05-21T15:03:02.190547,KXBTCD-25MAY2119-T108749.99,DELTA,29,50,33,1000,661,yes,16,24
2025-05-21T15:03:02.191086,KXBTCD-25MAY2119-T108749.99,DELTA,29,50,33,1024,662,no,67,24
2025-05-21T15:03:02.191578,KXBTCD-25MAY2119-T108749.99,DELTA,29,50,33,1024,663,yes,19,9
2025-05-21T15:03:02.372143,KXBTCD-25MAY2119-T108749.99,DELTA,29,50,33,1024,664,no,65,-50
2025-05-21T15:03:02.372510,KXBTCD-25MAY2119-T108749.99,DELTA,29,50,33,1074,665,no,67,50
2025-05-21T15:03:02.432963,KXBTCD-25MAY2119-T108749.99,DELTA,29,50,33,74,666,no,67,-1000
2025-05-21T15:03:02.550613,KXBTCD-25MAY2119-T108749.99,DELTA,29,50,32,1000,667,no,68,1000
2025-05-21T15:03:02.859068,KXBTCD-25MAY2119-T108749.99,DELTA,29,50,32,1000,668,no,66,-100
2025-05-21T15:03:02.859700,KXBTCD-25MAY2119-T108749.99,DELTA,29,50,32,1000,669,yes,10,-3240
2025-05-21T15:03:02.860147,KXBTCD-25MAY2119-T108749.99,DELTA,29,50,32,1000,670,yes,11,2945
2025-05-21T15:03:02.860588,KXBTCD-25MAY2119-T108749.99,DELTA,29,50,32,1000,671,yes,27,-100
2025-05-21T15:03:02.917192,KXBTCD-25MAY2119-T108749.99,DELTA,29,50,32,1000,672,yes,11,-20000
2025-05-21T15:03:02.929070,KXBTCD-25MAY2119-T108749.99,DELTA,29,50,32,1000,673,yes,11,-2000
2025-05-21T15:03:02.929973,KXBTCD-25MAY2119-T108749.99,DELTA,29,50,32,1000,674,yes,11,-1000
2025-05-21T15:03:02.954191,KXBTCD-25MAY2119-T108749.99,DELTA,29,50,32,1000,675,yes,11,-1250
2025-05-21T15:03:02.955158,KXBTCD-25MAY2119-T108749.99,DELTA,19,9,32,1000,676,yes,29,-50
2025-05-21T15:03:02.955917,KXBTCD-25MAY2119-T108749.99,DELTA,19,9,32,1000,677,yes,12,50
2025-05-21T15:03:02.991509,KXBTCD-25MAY2119-T108749.99,DELTA,19,9,32,1000,678,yes,17,9
2025-05-21T15:03:02.992372,KXBTCD-25MAY2119-T108749.99,DELTA,17,9,32,1000,679,yes,19,-9
2025-05-21T15:03:02.993135,KXBTCD-25MAY2119-T108749.99,DELTA,17,9,32,1000,680,yes,12,1250
2025-05-21T15:03:02.993626,KXBTCD-25MAY2119-T108749.99,DELTA,17,9,32,1000,681,yes,12,2000
2025-05-21T15:03:02.994081,KXBTCD-25MAY2119-T108749.99,DELTA,17,9,32,1000,682,yes,12,1000
2025-05-21T15:03:02.994524,KXBTCD-25MAY2119-T108749.99,DELTA,17,9,32,1000,683,yes,12,-50
2025-05-21T15:03:02.994961,KXBTCD-25MAY2119-T108749.99,DELTA,30,50,32,1000,684,yes,30,50
2025-05-21T15:03:03.052777,KXBTCD-25MAY2119-T108749.99,DELTA,30,50,32,1000,685,yes,12,-1000
2025-05-21T15:03:03.092995,KXBTCD-25MAY2119-T108749.99,DELTA,30,50,32,1000,686,yes,12,1000
2025-05-21T15:03:04.074009,KXBTCD-25MAY2119-T108749.99,DELTA,30,50,32,1000,687,yes,11,-2945
2025-05-21T15:03:04.074339,KXBTCD-25MAY2119-T108749.99,DELTA,30,50,32,1000,688,yes,6,5400
2025-05-21T15:03:04.074449,KXBTCD-25MAY2119-T108749.99,DELTA,30,50,32,1000,689,yes,24,100
2025-05-21T15:03:04.074662,KXBTCD-25MAY2119-T108749.99,DELTA,30,50,32,1100,690,no,68,100
2025-05-21T15:03:04.133279,KXBTCD-25MAY2119-T108749.99,DELTA,30,50,32,1100,691,yes,7,20000
2025-05-21T15:03:04.133517,KXBTCD-25MAY2119-T108749.99,DELTA,30,50,32,1100,692,yes,12,-2000
2025-05-21T15:03:04.162307,KXBTCD-25MAY2119-T108749.99,DELTA,30,50,32,1100,693,yes,12,-1000
2025-05-21T15:03:04.162490,KXBTCD-25MAY2119-T108749.99,DELTA,30,50,32,1100,694,yes,12,-1250
2025-05-21T15:03:04.173407,KXBTCD-25MAY2119-T108749.99,DELTA,30,50,32,100,695,no,68,-1000
2025-05-21T15:03:04.193609,KXBTCD-25MAY2119-T108749.99,DELTA,30,50,32,100,696,yes,17,-9
2025-05-21T15:03:04.212792,KXBTCD-25MAY2119-T108749.99,DELTA,30,50,32,100,697,yes,25,9
2025-05-21T15:03:04.232813,KXBTCD-25MAY2119-T108749.99,DELTA,30,50,31,1000,698,no,69,1000
2025-05-21T15:03:04.232994,KXBTCD-25MAY2119-T108749.99,DELTA,30,50,31,1000,699,yes,25,1000
2025-05-21T15:03:04.233128,KXBTCD-25MAY2119-T108749.99,DELTA,30,50,31,1000,700,yes,7,2000
2025-05-21T15:03:04.314672,KXBTCD-25MAY2119-T108749.99,DELTA,25,1009,31,1000,701,yes,30,-50
2025-05-21T15:03:04.315462,KXBTCD-25MAY2119-T108749.99,DELTA,25,1059,31,1000,702,yes,25,50
2025-05-21T15:03:04.373572,KXBTCD-25MAY2119-T108749.99,DELTA,25,1059,31,1000,703,yes,24,-100
2025-05-21T15:03:04.374145,KXBTCD-25MAY2119-T108749.99,DELTA,25,1009,31,1000,704,yes,25,-50
2025-05-21T15:03:04.374486,KXBTCD-25MAY2119-T108749.99,DELTA,26,50,31,1000,705,yes,26,50
2025-05-21T15:03:04.456272,KXBTCD-25MAY2119-T108749.99,DELTA,26,50,32,100,706,no,69,-1000
2025-05-21T15:03:04.456568,KXBTCD-25MAY2119-T108749.99,DELTA,26,50,32,100,707,yes,25,-1000
2025-05-21T15:03:04.512112,KXBTCD-25MAY2119-T108749.99,DELTA,26,50,32,100,708,no,67,-50
2025-05-21T15:03:04.512296,KXBTCD-25MAY2119-T108749.99,DELTA,26,50,32,100,709,no,66,50
2025-05-21T15:03:04.532155,KXBTCD-25MAY2119-T108749.99,DELTA,26,1050,32,100,710,yes,26,1000
2025-05-21T15:03:04.532478,KXBTCD-25MAY2119-T108749.99,DELTA,26,1050,31,1000,711,no,69,1000
2025-05-21T15:03:04.592851,KXBTCD-25MAY2119-T108749.99,DELTA,26,1000,31,1000,712,yes,26,-50
2025-05-21T15:03:04.593970,KXBTCD-25MAY2119-T108749.99,DELTA,27,50,31,1000,713,yes,27,50
2025-05-21T15:03:04.612794,KXBTCD-25MAY2119-T108749.99,DELTA,27,50,31,1000,714,yes,26,-1000
2025-05-21T15:03:04.674150,KXBTCD-25MAY2119-T108749.99,DELTA,27,50,31,1000,715,yes,7,1000
2025-05-21T15:03:05.013968,KXBTCD-25MAY2119-T108749.99,DELTA,25,9,31,1000,716,yes,27,-50
2025-05-21T15:03:05.014321,KXBTCD-25MAY2119-T108749.99,DELTA,25,9,31,1000,717,yes,8,50
2025-05-21T15:03:05.033001,KXBTCD-25MAY2119-T108749.99,DELTA,25,9,31,1000,718,no,66,-50
2025-05-21T15:03:05.033256,KXBTCD-25MAY2119-T108749.99,DELTA,25,9,31,1000,719,no,67,50
2025-05-21T15:03:05.053679,KXBTCD-25MAY2119-T108749.99,DELTA,25,9,31,1000,720,yes,8,-50
2025-05-21T15:03:05.053858,KXBTCD-25MAY2119-T108749.99,DELTA,28,50,31,1000,721,yes,28,50
2025-05-21T15:03:05.092949,KXBTCD-25MAY2119-T108749.99,DELTA,28,50,31,1000,722,yes,7,-1000
2025-05-21T15:03:05.133378,KXBTCD-25MAY2119-T108749.99,DELTA,28,50,31,1000,723,yes,7,1000
2025-05-21T15:03:05.155085,KXBTCD-25MAY2119-T108749.99,DELTA,28,50,30,9,724,no,70,9
2025-05-21T15:03:05.155760,KXBTCD-25MAY2119-T108749.99,DELTA,28,50,30,9,725,yes,9,9
2025-05-21T15:03:05.156130,KXBTCD-25MAY2119-T108749.99,DELTA,28,50,30,9,726,yes,9,9
2025-05-21T15:03:05.156421,KXBTCD-25MAY2119-T108749.99,DELTA,28,50,30,9,727,yes,25,-9
2025-05-21T15:03:05.254050,KXBTCD-25MAY2119-T108749.99,DELTA,28,50,30,9,728,yes,6,-5400
2025-05-21T15:03:05.254737,KXBTCD-25MAY2119-T108749.99,DELTA,28,50,30,9,729,yes,8,4050
2025-05-21T15:03:05.255308,KXBTCD-25MAY2119-T108749.99,DELTA,28,50,30,9,730,yes,24,100
2025-05-21T15:03:05.352846,KXBTCD-25MAY2119-T108749.99,DELTA,28,50,30,9,731,yes,7,-20000
2025-05-21T15:03:05.353438,KXBTCD-25MAY2119-T108749.99,DELTA,28,50,30,9,732,yes,9,1250
2025-05-21T15:03:05.354026,KXBTCD-25MAY2119-T108749.99,DELTA,28,50,30,9,733,yes,7,-2000
2025-05-21T15:03:05.373451,KXBTCD-25MAY2119-T108749.99,DELTA,28,50,30,9,734,yes,7,-1000
2025-05-21T15:03:05.493147,KXBTCD-25MAY2119-T108749.99,DELTA,28,50,30,9,735,yes,9,20000
2025-05-21T15:03:05.493688,KXBTCD-25MAY2119-T108749.99,DELTA,28,50,30,9,736,yes,9,2000
2025-05-21T15:03:05.494351,KXBTCD-25MAY2119-T108749.99,DELTA,28,50,30,9,737,yes,25,1000
2025-05-21T15:03:05.613375,KXBTCD-25MAY2119-T108749.99,DELTA,28,50,30,9,738,yes,9,-9
2025-05-21T15:03:05.614441,KXBTCD-25MAY2119-T108749.99,DELTA,28,50,31,1000,739,no,70,-9
2025-05-21T15:03:05.674757,KXBTCD-25MAY2119-T108749.99,DELTA,28,50,31,1000,740,yes,25,-1000
2025-05-21T15:03:05.733838,KXBTCD-25MAY2119-T108749.99,DELTA,28,50,31,1000,741,yes,24,1000
2025-05-21T15:03:06.013735,KXBTCD-25MAY2119-T108749.99,DELTA,28,50,31,1000,742,no,68,-100
2025-05-21T15:03:06.054229,KXBTCD-25MAY2119-T108749.99,DELTA,24,1100,31,1000,743,yes,28,-50
2025-05-21T15:03:06.054486,KXBTCD-25MAY2119-T108749.99,DELTA,25,50,31,1000,744,yes,25,50
2025-05-21T15:03:06.093385,KXBTCD-25MAY2119-T108749.99,DELTA,25,50,33,74,745,no,69,-1000
2025-05-21T15:03:06.113615,KXBTCD-25MAY2119-T108749.99,DELTA,25,50,33,24,746,no,67,-50
2025-05-21T15:03:06.114119,KXBTCD-25MAY2119-T108749.99,DELTA,25,50,31,50,747,no,69,50
2025-05-21T15:03:06.132420,KXBTCD-25MAY2119-T108749.99,DELTA,25,50,31,50,748,yes,9,-9
2025-05-21T15:03:06.172819,KXBTCD-25MAY2119-T108749.99,DELTA,25,50,31,50,749,no,68,1000
2025-05-21T15:03:06.173386,KXBTCD-25MAY2119-T108749.99,DELTA,25,50,31,50,750,yes,24,-1000
2025-05-21T15:03:06.213512,KXBTCD-25MAY2119-T108749.99,DELTA,25,1050,31,50,751,yes,25,1000
2025-05-21T15:03:06.213713,KXBTCD-25MAY2119-T108749.99,DELTA,25,1050,31,50,752,no,68,-1000
2025-05-21T15:03:06.292792,KXBTCD-25MAY2119-T108749.99,DELTA,25,1050,30,1000,753,no,70,1000
2025-05-21T15:03:06.294685,KXBTCD-25MAY2119-T108749.99,DELTA,25,1000,30,1000,754,yes,25,-50
2025-05-21T15:03:06.294839,KXBTCD-25MAY2119-T108749.99,DELTA,26,50,30,1000,755,yes,26,50
2025-05-21T15:03:06.454131,KXBTCD-25MAY2119-T108749.99,DELTA,26,50,30,1000,756,no,69,-50
2025-05-21T15:03:06.454412,KXBTCD-25MAY2119-T108749.99,DELTA,26,50,30,1000,757,no,68,50
2025-05-21T15:03:06.493543,KXBTCD-25MAY2119-T108749.99,DELTA,26,50,30,1000,758,yes,8,-4050
2025-05-21T15:03:06.494440,KXBTCD-25MAY2119-T108749.99,DELTA,26,50,30,1000,759,yes,6,5400
2025-05-21T15:03:06.494797,KXBTCD-25MAY2119-T108749.99,DELTA,26,50,30,1000,760,no,68,-50
2025-05-21T15:03:06.495220,KXBTCD-25MAY2119-T108749.99,DELTA,26,50,30,1000,761,no,66,50
2025-05-21T15:03:06.532699,KXBTCD-25MAY2119-T108749.99,DELTA,26,50,33,24,762,no,70,-1000
2025-05-21T15:03:06.553190,KXBTCD-25MAY2119-T108749.99,DELTA,26,50,33,24,763,yes,9,-20000
2025-05-21T15:03:06.572503,KXBTCD-25MAY2119-T108749.99,DELTA,26,50,33,24,764,yes,9,-2000
2025-05-21T15:03:06.572775,KXBTCD-25MAY2119-T108749.99,DELTA,26,50,33,24,765,yes,9,-1250
2025-05-21T15:03:06.572867,KXBTCD-25MAY2119-T108749.99,DELTA,26,50,33,1024,766,no,67,1000
2025-05-21T15:03:06.592223,KXBTCD-25MAY2119-T108749.99,DELTA,26,50,33,1024,767,no,66,-50
2025-05-21T15:03:06.592325,KXBTCD-25MAY2119-T108749.99,DELTA,26,50,33,1024,768,no,45,50
2025-05-21T15:03:06.633009,KXBTCD-25MAY2119-T108749.99,DELTA,26,50,33,1024,769,yes,7,20000
2025-05-21T15:03:06.633149,KXBTCD-25MAY2119-T108749.99,DELTA,26,50,33,1024,770,yes,7,2000
2025-05-21T15:03:06.653122,KXBTCD-25MAY2119-T108749.99,DELTA,26,50,33,24,771,no,67,-1000
2025-05-21T15:03:06.653237,KXBTCD-25MAY2119-T108749.99,DELTA,26,50,33,24,772,no,45,-50
2025-05-21T15:03:06.653322,KXBTCD-25MAY2119-T108749.99,DELTA,26,50,33,74,773,no,67,50
2025-05-21T15:03:06.692014,KXBTCD-25MAY2119-T108749.99,DELTA,26,50,33,74,774,no,46,1000
2025-05-21T15:03:06.692529,KXBTCD-25MAY2119-T108749.99,DELTA,26,50,33,74,775,yes,25,-1000
2025-05-21T15:03:06.732139,KXBTCD-25MAY2119-T108749.99,DELTA,26,50,33,74,776,no,46,-1000
2025-05-21T15:03:06.733083,KXBTCD-25MAY2119-T108749.99,DELTA,26,1050,33,74,777,yes,26,1000
2025-05-21T15:03:06.772369,KXBTCD-25MAY2119-T108749.99,DELTA,26,1050,32,1000,778,no,68,1000
2025-05-21T15:03:06.792791,KXBTCD-25MAY2119-T108749.99,DELTA,26,1000,32,1000,779,yes,26,-50
2025-05-21T15:03:06.793010,KXBTCD-25MAY2119-T108749.99,DELTA,27,50,32,1000,780,yes,27,50
2025-05-21T15:03:06.873196,KXBTCD-25MAY2119-T108749.99,DELTA,27,50,32,1000,781,yes,26,-1000
2025-05-21T15:03:06.932545,KXBTCD-25MAY2119-T108749.99,DELTA,27,50,32,1000,782,no,67,-50
2025-05-21T15:03:06.932706,KXBTCD-25MAY2119-T108749.99,DELTA,27,50,32,1000,783,no,65,50
2025-05-21T15:03:06.932997,KXBTCD-25MAY2119-T108749.99,DELTA,27,50,32,1000,784,yes,16,-24
2025-05-21T15:03:06.933198,KXBTCD-25MAY2119-T108749.99,DELTA,27,50,32,1000,785,yes,18,24
2025-05-21T15:03:06.933631,KXBTCD-25MAY2119-T108749.99,DELTA,27,50,33,24,786,no,68,-1000
2025-05-21T15:03:06.933740,KXBTCD-25MAY2119-T108749.99,DELTA,27,1050,33,24,787,yes,27,1000
2025-05-21T15:03:06.933828,KXBTCD-25MAY2119-T108749.99,DELTA,27,1050,35,50,788,no,67,-24
2025-05-21T15:03:06.952839,KXBTCD-25MAY2119-T108749.99,DELTA,27,1050,35,74,789,no,65,24
2025-05-21T15:03:06.973278,KXBTCD-25MAY2119-T108749.99,DELTA,27,1000,35,74,790,yes,27,-50
2025-05-21T15:03:06.973730,KXBTCD-25MAY2119-T108749.99,DELTA,27,1000,35,74,791,yes,25,50
2025-05-21T15:03:06.973903,KXBTCD-25MAY2119-T108749.99,DELTA,27,1000,33,1000,792,no,67,1000
2025-05-21T15:03:07.013483,KXBTCD-25MAY2119-T108749.99,DELTA,27,1000,33,1000,793,yes,25,-50
2025-05-21T15:03:07.013673,KXBTCD-25MAY2119-T108749.99,DELTA,28,50,33,1000,794,yes,28,50
2025-05-21T15:03:07.013957,KXBTCD-25MAY2119-T108749.99,DELTA,28,50,35,74,795,no,67,-1000
2025-05-21T15:03:07.032395,KXBTCD-25MAY2119-T108749.99,DELTA,28,50,35,74,796,yes,27,-1000
2025-05-21T15:03:07.073280,KXBTCD-25MAY2119-T108749.99,DELTA,28,50,34,1000,797,no,66,1000
2025-05-21T15:03:07.093339,KXBTCD-25MAY2119-T108749.99,DELTA,28,1050,34,1000,798,yes,28,1000
2025-05-21T15:03:07.093851,KXBTCD-25MAY2119-T108749.99,DELTA,28,1000,34,1000,799,yes,28,-50
2025-05-21T15:03:07.094306,KXBTCD-25MAY2119-T108749.99,DELTA,28,1000,34,1000,800,yes,25,50
2025-05-21T15:03:07.133197,KXBTCD-25MAY2119-T108749.99,DELTA,28,1000,34,1000,801,yes,25,-50
2025-05-21T15:03:07.133944,KXBTCD-25MAY2119-T108749.99,DELTA,29,50,34,1000,802,yes,29,50
2025-05-21T15:03:07.174005,KXBTCD-25MAY2119-T108749.99,DELTA,29,50,33,100,803,no,67,100
2025-05-21T15:03:07.194445,KXBTCD-25MAY2119-T108749.99,DELTA,29,50,33,100,804,yes,24,-100
2025-05-21T15:03:07.211633,KXBTCD-25MAY2119-T108749.99,DELTA,29,50,33,100,805,yes,28,-1000
2025-05-21T15:03:07.232236,KXBTCD-25MAY2119-T108749.99,DELTA,29,50,33,100,806,no,66,-1000
2025-05-21T15:03:07.312938,KXBTCD-25MAY2119-T108749.99,DELTA,29,50,33,1100,807,no,67,1000
2025-05-21T15:03:07.373665,KXBTCD-25MAY2119-T108749.99,DELTA,29,50,33,1100,808,no,65,-50
2025-05-21T15:03:07.374513,KXBTCD-25MAY2119-T108749.99,DELTA,29,50,33,1100,809,no,64,50
2025-05-21T15:03:07.392520,KXBTCD-25MAY2119-T108749.99,DELTA,29,50,33,1100,810,yes,7,1000
2025-05-21T15:03:07.493493,KXBTCD-25MAY2119-T108749.99,DELTA,18,24,33,1100,811,yes,29,-50
2025-05-21T15:03:07.493800,KXBTCD-25MAY2119-T108749.99,DELTA,18,24,33,1100,812,yes,8,50
2025-05-21T15:03:07.574066,KXBTCD-25MAY2119-T108749.99,DELTA,18,24,33,1100,813,yes,7,-1000
2025-05-21T15:03:07.592280,KXBTCD-25MAY2119-T108749.99,DELTA,18,24,33,1100,814,no,64,-50
2025-05-21T15:03:07.592389,KXBTCD-25MAY2119-T108749.99,DELTA,18,24,33,1100,815,no,66,50
2025-05-21T15:03:07.611762,KXBTCD-25MAY2119-T108749.99,DELTA,18,24,33,1100,816,yes,9,1000
2025-05-21T15:03:07.672818,KXBTCD-25MAY2119-T108749.99,DELTA,18,24,33,1100,817,yes,9,9
2025-05-21T15:03:07.692896,KXBTCD-25MAY2119-T108749.99,DELTA,18,24,33,1100,818,yes,6,-5400
2025-05-21T15:03:07.693443,KXBTCD-25MAY2119-T108749.99,DELTA,18,24,33,1100,819,yes,8,4050
2025-05-21T15:03:07.713040,KXBTCD-25MAY2119-T108749.99,DELTA,18,24,33,1100,820,yes,8,-50
2025-05-21T15:03:07.713277,KXBTCD-25MAY2119-T108749.99,DELTA,18,24,33,1100,821,yes,10,50
2025-05-21T15:03:07.753937,KXBTCD-25MAY2119-T108749.99,DELTA,18,24,33,1100,822,yes,7,-20000
2025-05-21T15:03:07.754718,KXBTCD-25MAY2119-T108749.99,DELTA,18,24,33,1100,823,yes,7,-2000
2025-05-21T15:03:07.793428,KXBTCD-25MAY2119-T108749.99,DELTA,18,24,33,1100,824,yes,9,-1000
2025-05-21T15:03:07.794163,KXBTCD-25MAY2119-T108749.99,DELTA,18,24,33,1100,825,yes,9,2000
2025-05-21T15:03:07.794747,KXBTCD-25MAY2119-T108749.99,DELTA,18,24,33,1100,826,yes,9,20000
2025-05-21T15:03:07.832683,KXBTCD-25MAY2119-T108749.99,DELTA,18,24,33,1100,827,yes,11,9
2025-05-21T15:03:07.832978,KXBTCD-25MAY2119-T108749.99,DELTA,18,24,32,9,828,no,68,9
2025-05-21T15:03:07.833144,KXBTCD-25MAY2119-T108749.99,DELTA,18,24,32,9,829,yes,11,1000
2025-05-21T15:03:08.373307,KXBTCD-25MAY2119-T108749.99,DELTA,26,100,32,9,830,yes,26,100
2025-05-21T15:03:08.418499,KXBTCD-25MAY2119-T108749.99,DELTA,26,100,32,9,831,yes,10,-50
2025-05-21T15:03:08.418694,KXBTCD-25MAY2119-T108749.99,DELTA,27,50,32,9,832,yes,27,50
2025-05-21T15:03:08.453688,KXBTCD-25MAY2119-T108749.99,DELTA,27,50,32,9,833,yes,11,-1000
2025-05-21T15:03:08.494377,KXBTCD-25MAY2119-T108749.99,DELTA,27,1050,32,9,834,yes,27,1000
2025-05-21T15:03:08.526582,KXBTCD-25MAY2119-T108749.99,DELTA,27,1050,32,9,835,yes,11,-9
2025-05-21T15:03:08.534705,KXBTCD-25MAY2119-T108749.99,DELTA,27,1050,32,9,836,yes,9,-9
2025-05-21T15:03:08.535583,KXBTCD-25MAY2119-T108749.99,DELTA,27,1050,33,1100,837,no,68,-9
2025-05-21T15:03:08.536035,KXBTCD-25MAY2119-T108749.99,DELTA,27,1050,33,1100,838,yes,19,9
2025-05-21T15:03:08.536158,KXBTCD-25MAY2119-T108749.99,DELTA,27,50,33,1100,839,yes,27,-1000
2025-05-21T15:03:08.552569,KXBTCD-25MAY2119-T108749.99,DELTA,26,100,33,1100,840,yes,27,-50
2025-05-21T15:03:08.552827,KXBTCD-25MAY2119-T108749.99,DELTA,28,50,33,1100,841,yes,28,50
2025-05-21T15:03:08.598850,KXBTCD-25MAY2119-T108749.99,DELTA,28,1050,33,1100,842,yes,28,1000
2025-05-21T15:03:08.599017,KXBTCD-25MAY2119-T108749.99,DELTA,28,1000,33,1100,843,yes,28,-50
2025-05-21T15:03:08.599162,KXBTCD-25MAY2119-T108749.99,DELTA,28,1000,33,1100,844,yes,27,50
2025-05-21T15:03:08.652201,KXBTCD-25MAY2119-T108749.99,DELTA,28,1000,33,1100,845,yes,27,-50
2025-05-21T15:03:08.652379,KXBTCD-25MAY2119-T108749.99,DELTA,29,50,33,1100,846,yes,29,50
2025-05-21T15:03:08.716949,KXBTCD-25MAY2119-T108749.99,DELTA,29,50,33,1100,847,yes,28,-1000
2025-05-21T15:03:08.752918,KXBTCD-25MAY2119-T108749.99,DELTA,29,50,33,1100,848,yes,27,1000
2025-05-21T15:03:08.773019,KXBTCD-25MAY2119-T108749.99,DELTA,27,1000,33,1100,849,yes,29,-50
2025-05-21T15:03:08.773139,KXBTCD-25MAY2119-T108749.99,DELTA,27,1050,33,1100,850,yes,27,50
2025-05-21T15:03:08.833532,KXBTCD-25MAY2119-T108749.99,DELTA,27,50,33,1100,851,yes,27,-1000
2025-05-21T15:03:08.834287,KXBTCD-25MAY2119-T108749.99,DELTA,26,100,33,1100,852,yes,27,-50
2025-05-21T15:03:08.834373,KXBTCD-25MAY2119-T108749.99,DELTA,28,50,33,1100,853,yes,28,50
2025-05-21T15:03:08.871823,KXBTCD-25MAY2119-T108749.99,DELTA,28,1050,33,1100,854,yes,28,1000
2025-05-21T15:03:08.893699,KXBTCD-25MAY2119-T108749.99,DELTA,28,1000,33,1100,855,yes,28,-50
2025-05-21T15:03:08.893927,KXBTCD-25MAY2119-T108749.99,DELTA,28,1000,33,1100,856,yes,27,50
2025-05-21T15:03:08.953353,KXBTCD-25MAY2119-T108749.99,DELTA,28,1000,33,1100,857,yes,27,-50
2025-05-21T15:03:08.953509,KXBTCD-25MAY2119-T108749.99,DELTA,29,50,33,1100,858,yes,29,50
2025-05-21T15:03:09.013342,KXBTCD-25MAY2119-T108749.99,DELTA,29,50,33,1100,859,yes,28,-1000
2025-05-21T15:03:09.072506,KXBTCD-25MAY2119-T108749.99,DELTA,29,50,33,1100,860,yes,27,1000
2025-05-21T15:03:11.054250,KXBTCD-25MAY2119-T108749.99,DELTA,29,50,33,1100,861,yes,8,-4050
2025-05-21T15:03:11.055011,KXBTCD-25MAY2119-T108749.99,DELTA,29,50,33,1100,862,no,15,-2160
2025-05-21T15:03:11.148213,KXBTCD-25MAY2119-T108749.99,DELTA,29,50,33,1100,863,yes,9,-20000
2025-05-21T15:03:11.148397,KXBTCD-25MAY2119-T108749.99,DELTA,29,50,33,1100,864,yes,9,-2000
2025-05-21T15:03:11.200293,KXBTCD-25MAY2119-T108749.99,DELTA,29,50,33,1100,865,yes,19,-9
2025-05-21T15:03:12.994014,KXBTCD-25MAY2119-T108749.99,DELTA,29,50,33,100,866,no,67,-1000
2025-05-21T15:03:13.075210,KXBTCD-25MAY2119-T108749.99,DELTA,29,50,32,1000,867,no,68,1000
2025-05-21T15:03:13.132705,KXBTCD-25MAY2119-T108749.99,DELTA,29,50,32,1000,868,no,45,9
2025-05-21T15:03:13.193643,KXBTCD-25MAY2119-T108749.99,DELTA,29,50,33,100,869,no,68,-1000
2025-05-21T15:03:13.234255,KXBTCD-25MAY2119-T108749.99,DELTA,29,50,33,1100,870,no,67,1000
2025-05-21T15:03:13.494616,KXBTCD-25MAY2119-T108749.99,DELTA,29,50,33,1100,871,yes,18,-24
2025-05-21T15:03:13.513737,KXBTCD-25MAY2119-T108749.99,DELTA,29,50,33,1100,872,yes,19,24
2025-05-21T15:03:13.514776,KXBTCD-25MAY2119-T108749.99,DELTA,29,50,33,1100,873,no,65,-24
2025-05-21T15:03:13.515390,KXBTCD-25MAY2119-T108749.99,DELTA,29,50,33,1100,874,no,63,24
2025-05-21T15:03:15.533323,KXBTCD-25MAY2119-T108749.99,DELTA,29,50,33,1100,875,yes,6,5400
2025-05-21T15:03:15.694358,KXBTCD-25MAY2119-T108749.99,DELTA,29,50,33,1100,876,yes,7,2000
2025-05-21T15:03:15.695285,KXBTCD-25MAY2119-T108749.99,DELTA,29,50,33,1100,877,no,15,2160
2025-05-21T15:03:15.695833,KXBTCD-25MAY2119-T108749.99,DELTA,29,50,33,1100,878,no,45,-9
2025-05-21T15:03:15.696114,KXBTCD-25MAY2119-T108749.99,DELTA,29,50,33,1100,879,yes,7,20000
2025-05-21T15:03:16.902112,KXBTCD-25MAY2119-T108749.99,DELTA,29,50,33,1000,880,no,67,-100
2025-05-21T15:03:17.873607,KXBTCD-25MAY2119-T108749.99,DELTA,29,50,33,1000,881,yes,6,-5400
2025-05-21T15:03:17.874426,KXBTCD-25MAY2119-T108749.99,DELTA,29,50,33,1000,882,yes,8,4050
2025-05-21T15:03:17.973039,KXBTCD-25MAY2119-T108749.99,DELTA,29,50,33,1000,883,yes,7,-20000
2025-05-21T15:03:18.073247,KXBTCD-25MAY2119-T108749.99,DELTA,29,50,33,1000,884,yes,7,-2000
2025-05-21T15:03:18.172810,KXBTCD-25MAY2119-T108749.99,DELTA,29,50,33,1000,885,no,66,100
2025-05-21T15:03:18.191103,KXBTCD-25MAY2119-T108749.99,DELTA,29,50,33,1000,886,yes,9,20000
2025-05-21T15:03:18.192155,KXBTCD-25MAY2119-T108749.99,DELTA,29,50,33,1000,887,yes,9,2000
2025-05-21T15:03:19.511050,KXBTCD-25MAY2119-T108749.99,DELTA,29,50,33,1000,888,yes,8,-4050
2025-05-21T15:03:19.511264,KXBTCD-25MAY2119-T108749.99,DELTA,29,50,33,1000,889,yes,9,3600
2025-05-21T15:03:19.571737,KXBTCD-25MAY2119-T108749.99,DELTA,29,50,33,1000,890,yes,9,-20000
2025-05-21T15:03:19.572306,KXBTCD-25MAY2119-T108749.99,DELTA,29,50,33,1000,891,yes,10,1250
2025-05-21T15:03:19.572616,KXBTCD-25MAY2119-T108749.99,DELTA,29,50,33,1000,892,yes,9,-2000
2025-05-21T15:03:19.613282,KXBTCD-25MAY2119-T108749.99,DELTA,29,50,33,1000,893,yes,10,2000
2025-05-21T15:03:19.613976,KXBTCD-25MAY2119-T108749.99,DELTA,29,50,33,1000,894,yes,27,-1000
2025-05-21T15:03:19.614408,KXBTCD-25MAY2119-T108749.99,DELTA,29,50,33,1000,895,yes,19,-24
2025-05-21T15:03:19.614790,KXBTCD-25MAY2119-T108749.99,DELTA,29,50,33,1000,896,yes,18,24
2025-05-21T15:03:19.615171,KXBTCD-25MAY2119-T108749.99,DELTA,29,50,33,1000,897,yes,10,20000
2025-05-21T15:03:19.633587,KXBTCD-25MAY2119-T108749.99,DELTA,29,50,33,1000,898,no,65,24
2025-05-21T15:03:19.634191,KXBTCD-25MAY2119-T108749.99,DELTA,29,50,33,1000,899,no,63,-24
2025-05-21T15:03:19.634435,KXBTCD-25MAY2119-T108749.99,DELTA,29,50,33,1000,900,no,41,-2000
2025-05-21T15:03:19.692776,KXBTCD-25MAY2119-T108749.99,DELTA,29,50,33,1000,901,no,66,2000
2025-05-21T15:03:19.694013,KXBTCD-25MAY2119-T108749.99,DELTA,29,50,33,1000,902,yes,26,1000
2025-05-21T15:03:19.732642,KXBTCD-25MAY2119-T108749.99,DELTA,29,50,33,1000,903,yes,26,-1000
2025-05-21T15:03:19.754030,KXBTCD-25MAY2119-T108749.99,DELTA,29,50,33,1000,904,no,66,-2000
2025-05-21T15:03:19.754580,KXBTCD-25MAY2119-T108749.99,DELTA,29,50,33,1000,905,no,66,-50
2025-05-21T15:03:19.754921,KXBTCD-25MAY2119-T108749.99,DELTA,29,50,33,1050,906,no,67,50
2025-05-21T15:03:19.755145,KXBTCD-25MAY2119-T108749.99,DELTA,26,100,33,1050,907,yes,29,-50
2025-05-21T15:03:19.755356,KXBTCD-25MAY2119-T108749.99,DELTA,27,50,33,1050,908,yes,27,50
2025-05-21T15:03:19.813371,KXBTCD-25MAY2119-T108749.99,DELTA,26,100,33,1050,909,yes,27,-50
2025-05-21T15:03:19.813982,KXBTCD-25MAY2119-T108749.99,DELTA,30,50,33,1050,910,yes,30,50
2025-05-21T15:03:19.814274,KXBTCD-25MAY2119-T108749.99,DELTA,30,50,33,1050,911,yes,10,1000
2025-05-21T15:03:19.814507,KXBTCD-25MAY2119-T108749.99,DELTA,30,50,33,3050,912,no,67,2000
2025-05-21T15:03:19.872965,KXBTCD-25MAY2119-T108749.99,DELTA,30,50,33,1050,913,no,67,-2000
2025-05-21T15:03:19.873729,KXBTCD-25MAY2119-T108749.99,DELTA,30,50,33,50,914,no,67,-1000
2025-05-21T15:03:19.934139,KXBTCD-25MAY2119-T108749.99,DELTA,30,50,33,50,915,no,41,2000
2025-05-21T15:03:19.934707,KXBTCD-25MAY2119-T108749.99,DELTA,30,50,32,1000,916,no,68,1000
2025-05-21T15:03:20.313657,KXBTCD-25MAY2119-T108749.99,DELTA,30,50,32,1000,917,no,66,-100
2025-05-21T15:03:20.433355,KXBTCD-25MAY2119-T108749.99,DELTA,30,50,32,1000,918,yes,19,9
2025-05-21T15:03:20.553686,KXBTCD-25MAY2119-T108749.99,DELTA,30,50,32,1000,919,yes,26,-100
2025-05-21T15:03:20.675584,KXBTCD-25MAY2119-T108749.99,DELTA,30,50,32,1000,920,yes,9,-3600
2025-05-21T15:03:20.676340,KXBTCD-25MAY2119-T108749.99,DELTA,30,50,32,1000,921,yes,6,5400
2025-05-21T15:03:20.772387,KXBTCD-25MAY2119-T108749.99,DELTA,30,50,32,1000,922,yes,10,-20000
2025-05-21T15:03:20.773316,KXBTCD-25MAY2119-T108749.99,DELTA,30,50,32,1000,923,yes,10,-2000
2025-05-21T15:03:20.793846,KXBTCD-25MAY2119-T108749.99,DELTA,30,50,32,1000,924,yes,10,-1000
2025-05-21T15:03:20.794634,KXBTCD-25MAY2119-T108749.99,DELTA,30,50,32,1000,925,yes,10,-1250
2025-05-21T15:03:20.853712,KXBTCD-25MAY2119-T108749.99,DELTA,30,50,32,1000,926,yes,7,1000
2025-05-21T15:03:20.854932,KXBTCD-25MAY2119-T108749.99,DELTA,30,50,32,1000,927,yes,7,2000
2025-05-21T15:03:20.855511,KXBTCD-25MAY2119-T108749.99,DELTA,30,50,32,1000,928,yes,7,20000
2025-05-21T15:03:20.972606,KXBTCD-25MAY2119-T108749.99,DELTA,30,50,32,1100,929,no,68,100
2025-05-21T15:03:21.033616,KXBTCD-25MAY2119-T108749.99,DELTA,30,50,32,100,930,no,68,-1000
2025-05-21T15:03:21.073758,KXBTCD-25MAY2119-T108749.99,DELTA,30,50,31,1000,931,no,69,1000
2025-05-21T15:03:21.572654,KXBTCD-25MAY2119-T108749.99,DELTA,30,50,31,1000,932,yes,24,100
2025-05-21T15:03:21.631947,KXBTCD-25MAY2119-T108749.99,DELTA,30,50,31,1000,933,yes,7,-1000
2025-05-21T15:03:21.692438,KXBTCD-25MAY2119-T108749.99,DELTA,30,50,31,1000,934,yes,25,1000
2025-05-21T15:03:21.832629,KXBTCD-25MAY2119-T108749.99,DELTA,30,50,31,1000,935,yes,6,-5400
2025-05-21T15:03:21.833229,KXBTCD-25MAY2119-T108749.99,DELTA,30,50,31,1000,936,yes,8,4050
2025-05-21T15:03:21.913096,KXBTCD-25MAY2119-T108749.99,DELTA,30,50,31,1000,937,yes,7,-20000
2025-05-21T15:03:21.913963,KXBTCD-25MAY2119-T108749.99,DELTA,30,50,31,1000,938,yes,9,1250
2025-05-21T15:03:21.914687,KXBTCD-25MAY2119-T108749.99,DELTA,30,50,31,1000,939,yes,7,-2000
2025-05-21T15:03:21.956860,KXBTCD-25MAY2119-T108749.99,DELTA,30,50,31,1000,940,yes,19,-9
2025-05-21T15:03:21.957445,KXBTCD-25MAY2119-T108749.99,DELTA,30,50,31,1000,941,yes,26,9
2025-05-21T15:03:21.972971,KXBTCD-25MAY2119-T108749.99,DELTA,30,50,31,1000,942,yes,9,20000
2025-05-21T15:03:21.974104,KXBTCD-25MAY2119-T108749.99,DELTA,30,50,31,1000,943,yes,9,2000
2025-05-21T15:03:23.214808,KXBTCD-25MAY2119-T108749.99,DELTA,26,9,31,1000,944,yes,30,-50
2025-05-21T15:03:23.215842,KXBTCD-25MAY2119-T108749.99,DELTA,26,59,31,1000,945,yes,26,50
2025-05-21T15:03:23.332476,KXBTCD-25MAY2119-T108749.99,DELTA,26,50,31,1000,946,yes,26,-9
2025-05-21T15:03:26.295552,KXBTCD-25MAY2119-T108749.99,DELTA,26,50,31,1000,947,yes,8,-4050
2025-05-21T15:03:26.296399,KXBTCD-25MAY2119-T108749.99,DELTA,26,50,31,1000,948,yes,9,3600
2025-05-21T15:03:26.393086,KXBTCD-25MAY2119-T108749.99,DELTA,26,50,31,1000,949,yes,9,-20000
2025-05-21T15:03:26.413587,KXBTCD-25MAY2119-T108749.99,DELTA,26,50,31,1000,950,yes,9,-2000
2025-05-21T15:03:26.414431,KXBTCD-25MAY2119-T108749.99,DELTA,26,50,31,1000,951,yes,9,-1250
2025-05-21T15:03:26.513438,KXBTCD-25MAY2119-T108749.99,DELTA,26,50,31,1000,952,yes,10,2000
2025-05-21T15:03:26.514224,KXBTCD-25MAY2119-T108749.99,DELTA,26,50,31,1000,953,yes,10,1250
2025-05-21T15:03:26.533100,KXBTCD-25MAY2119-T108749.99,DELTA,26,50,31,1000,954,no,67,-50
2025-05-21T15:03:26.533580,KXBTCD-25MAY2119-T108749.99,DELTA,26,50,31,1000,955,no,66,50
2025-05-21T15:03:26.534003,KXBTCD-25MAY2119-T108749.99,DELTA,26,50,31,1000,956,yes,10,20000
2025-05-21T15:03:26.673297,KXBTCD-25MAY2119-T108749.99,DELTA,26,50,31,1000,957,yes,25,-1000
2025-05-21T15:03:26.753319,KXBTCD-25MAY2119-T108749.99,DELTA,26,50,32,100,958,no,69,-1000
2025-05-21T15:03:26.791885,KXBTCD-25MAY2119-T108749.99,DELTA,26,1050,32,100,959,yes,26,1000
2025-05-21T15:03:26.873716,KXBTCD-25MAY2119-T108749.99,DELTA,26,1050,32,1100,960,no,68,1000
2025-05-21T15:03:26.933870,KXBTCD-25MAY2119-T108749.99,DELTA,26,1000,32,1100,961,yes,26,-50
2025-05-21T15:03:26.934807,KXBTCD-25MAY2119-T108749.99,DELTA,27,50,32,1100,962,yes,27,50
2025-05-21T15:03:26.993575,KXBTCD-25MAY2119-T108749.99,DELTA,27,50,32,100,963,no,68,-1000
2025-05-21T15:03:27.054033,KXBTCD-25MAY2119-T108749.99,DELTA,27,50,32,100,964,yes,26,-1000
2025-05-21T15:03:27.094160,KXBTCD-25MAY2119-T108749.99,DELTA,27,50,31,1000,965,no,69,1000
2025-05-21T15:03:27.173285,KXBTCD-25MAY2119-T108749.99,DELTA,27,50,31,1000,966,yes,25,1000
2025-05-21T15:03:27.174050,KXBTCD-25MAY2119-T108749.99,DELTA,27,50,31,1000,967,yes,19,9
2025-05-21T15:03:27.174607,KXBTCD-25MAY2119-T108749.99,DELTA,25,1000,31,1000,968,yes,27,-50
2025-05-21T15:03:27.175129,KXBTCD-25MAY2119-T108749.99,DELTA,25,1050,31,1000,969,yes,25,50
2025-05-21T15:03:27.175622,KXBTCD-25MAY2119-T108749.99,DELTA,25,1050,31,1000,970,no,45,9
2025-05-21T15:03:27.193826,KXBTCD-25MAY2119-T108749.99,DELTA,25,1050,31,1000,971,no,66,-50
2025-05-21T15:03:27.194356,KXBTCD-25MAY2119-T108749.99,DELTA,25,1050,31,1000,972,no,67,50
2025-05-21T15:03:27.233512,KXBTCD-25MAY2119-T108749.99,DELTA,25,1000,31,1000,973,yes,25,-50
2025-05-21T15:03:27.234050,KXBTCD-25MAY2119-T108749.99,DELTA,26,50,31,1000,974,yes,26,50
2025-05-21T15:03:27.693859,KXBTCD-25MAY2119-T108749.99,DELTA,26,50,31,1000,975,yes,25,-1000
2025-05-21T15:03:27.793642,KXBTCD-25MAY2119-T108749.99,DELTA,26,1050,31,1000,976,yes,26,1000
2025-05-21T15:03:27.853375,KXBTCD-25MAY2119-T108749.99,DELTA,26,1000,31,1000,977,yes,26,-50
2025-05-21T15:03:27.854151,KXBTCD-25MAY2119-T108749.99,DELTA,27,50,31,1000,978,yes,27,50
2025-05-21T15:03:27.958489,KXBTCD-25MAY2119-T108749.99,DELTA,27,50,31,1000,979,no,45,-9
2025-05-21T15:03:27.973064,KXBTCD-25MAY2119-T108749.99,DELTA,27,50,31,1000,980,yes,26,-1000
2025-05-21T15:03:27.973409,KXBTCD-25MAY2119-T108749.99,DELTA,27,50,31,1000,981,yes,19,-9
2025-05-21T15:03:28.073892,KXBTCD-25MAY2119-T108749.99,DELTA,27,50,31,1000,982,yes,25,1000
2025-05-21T15:03:29.233593,KXBTCD-25MAY2119-T108749.99,DELTA,27,50,31,1000,983,no,67,-50
2025-05-21T15:03:29.234680,KXBTCD-25MAY2119-T108749.99,DELTA,27,50,31,1000,984,no,66,50
2025-05-21T15:03:29.235353,KXBTCD-25MAY2119-T108749.99,DELTA,25,1000,31,1000,985,yes,27,-50
2025-05-21T15:03:29.235926,KXBTCD-25MAY2119-T108749.99,DELTA,26,50,31,1000,986,yes,26,50
2025-05-21T15:03:29.272802,KXBTCD-25MAY2119-T108749.99,DELTA,25,1000,31,1000,987,yes,26,-50
2025-05-21T15:03:29.273517,KXBTCD-25MAY2119-T108749.99,DELTA,28,50,31,1000,988,yes,28,50
2025-05-21T15:03:29.313147,KXBTCD-25MAY2119-T108749.99,DELTA,28,50,32,100,989,no,69,-1000
2025-05-21T15:03:29.352266,KXBTCD-25MAY2119-T108749.99,DELTA,28,50,32,100,990,yes,25,-1000
2025-05-21T15:03:29.392970,KXBTCD-25MAY2119-T108749.99,DELTA,24,100,32,100,991,yes,28,-50
2025-05-21T15:03:29.393670,KXBTCD-25MAY2119-T108749.99,DELTA,26,50,32,100,992,yes,26,50
2025-05-21T15:03:29.412992,KXBTCD-25MAY2119-T108749.99,DELTA,26,50,32,1100,993,no,68,1000
2025-05-21T15:03:29.471834,KXBTCD-25MAY2119-T108749.99,DELTA,26,50,32,1100,994,yes,25,1000
2025-05-21T15:03:29.593098,KXBTCD-25MAY2119-T108749.99,DELTA,26,50,32,1100,995,yes,25,-1000
2025-05-21T15:03:29.673451,KXBTCD-25MAY2119-T108749.99,DELTA,26,50,32,1100,996,yes,9,-3600
2025-05-21T15:03:29.674451,KXBTCD-25MAY2119-T108749.99,DELTA,26,50,32,1100,997,yes,6,5400
2025-05-21T15:03:29.693362,KXBTCD-25MAY2119-T108749.99,DELTA,24,100,32,1100,998,yes,26,-50
2025-05-21T15:03:29.694494,KXBTCD-25MAY2119-T108749.99,DELTA,25,50,32,1100,999,yes,25,50
2025-05-21T15:03:29.712254,KXBTCD-25MAY2119-T108749.99,DELTA,26,1000,32,1100,1000,yes,26,1000
2025-05-21T15:03:29.732259,KXBTCD-25MAY2119-T108749.99,DELTA,26,1000,32,1100,1001,yes,25,-50
2025-05-21T15:03:29.732928,KXBTCD-25MAY2119-T108749.99,DELTA,27,50,32,1100,1002,yes,27,50
2025-05-21T15:03:29.772277,KXBTCD-25MAY2119-T108749.99,DELTA,27,50,32,1100,1003,yes,10,-20000
2025-05-21T15:03:29.792858,KXBTCD-25MAY2119-T108749.99,DELTA,27,50,32,1100,1004,yes,10,-2000
2025-05-21T15:03:29.793667,KXBTCD-25MAY2119-T108749.99,DELTA,27,50,32,1100,1005,yes,10,-1250
2025-05-21T15:03:29.913006,KXBTCD-25MAY2119-T108749.99,DELTA,27,50,32,1100,1006,yes,7,20000
2025-05-21T15:03:29.913577,KXBTCD-25MAY2119-T108749.99,DELTA,27,50,32,1100,1007,yes,26,-1000
2025-05-21T15:03:29.913962,KXBTCD-25MAY2119-T108749.99,DELTA,27,50,32,1100,1008,yes,7,2000
2025-05-21T15:03:30.032965,KXBTCD-25MAY2119-T108749.99,DELTA,27,50,32,1100,1009,yes,25,1000
2025-05-21T15:03:30.033311,KXBTCD-25MAY2119-T108749.99,DELTA,27,50,32,1100,1010,no,66,-50
2025-05-21T15:03:30.033649,KXBTCD-25MAY2119-T108749.99,DELTA,27,50,32,1100,1011,no,65,50
2025-05-21T15:03:30.033779,KXBTCD-25MAY2119-T108749.99,DELTA,25,1000,32,1100,1012,yes,27,-50
2025-05-21T15:03:30.033979,KXBTCD-25MAY2119-T108749.99,DELTA,25,1050,32,1100,1013,yes,25,50
2025-05-21T15:03:30.094153,KXBTCD-25MAY2119-T108749.99,DELTA,25,1000,32,1100,1014,yes,25,-50
2025-05-21T15:03:30.094343,KXBTCD-25MAY2119-T108749.99,DELTA,26,50,32,1100,1015,yes,26,50
2025-05-21T15:03:30.154000,KXBTCD-25MAY2119-T108749.99,DELTA,26,50,32,1100,1016,yes,25,-1000
2025-05-21T15:03:30.212855,KXBTCD-25MAY2119-T108749.99,DELTA,26,50,32,100,1017,no,68,-1000
2025-05-21T15:03:30.272716,KXBTCD-25MAY2119-T108749.99,DELTA,27,1000,32,100,1018,yes,27,1000
2025-05-21T15:03:30.273436,KXBTCD-25MAY2119-T108749.99,DELTA,27,1000,32,100,1019,yes,24,-100
2025-05-21T15:03:30.331730,KXBTCD-25MAY2119-T108749.99,DELTA,27,1000,32,100,1020,no,66,1000
2025-05-21T15:03:30.353097,KXBTCD-25MAY2119-T108749.99,DELTA,27,1000,32,100,1021,yes,26,-50
2025-05-21T15:03:30.353812,KXBTCD-25MAY2119-T108749.99,DELTA,28,50,32,100,1022,yes,28,50
2025-05-21T15:03:30.479181,KXBTCD-25MAY2119-T108749.99,DELTA,28,50,32,100,1023,yes,27,-1000
2025-05-21T15:03:30.491703,KXBTCD-25MAY2119-T108749.99,DELTA,28,50,34,1000,1024,no,68,-100
2025-05-21T15:03:30.532103,KXBTCD-25MAY2119-T108749.99,DELTA,18,24,34,1000,1025,yes,28,-50
2025-05-21T15:03:30.532722,KXBTCD-25MAY2119-T108749.99,DELTA,18,24,34,1000,1026,yes,8,50
2025-05-21T15:03:30.571530,KXBTCD-25MAY2119-T108749.99,DELTA,28,1000,34,1000,1027,yes,28,1000
2025-05-21T15:03:30.632535,KXBTCD-25MAY2119-T108749.99,DELTA,28,1000,34,1000,1028,yes,8,-50
2025-05-21T15:03:30.633187,KXBTCD-25MAY2119-T108749.99,DELTA,29,50,34,1000,1029,yes,29,50
2025-05-21T15:03:30.650828,KXBTCD-25MAY2119-T108749.99,DELTA,29,50,33,9,1030,no,67,9
2025-05-21T15:03:30.651299,KXBTCD-25MAY2119-T108749.99,DELTA,29,50,33,9,1031,yes,9,9
2025-05-21T15:03:30.692918,KXBTCD-25MAY2119-T108749.99,DELTA,29,50,33,9,1032,yes,28,-1000
2025-05-21T15:03:30.792570,KXBTCD-25MAY2119-T108749.99,DELTA,29,50,33,9,1033,yes,7,1000
2025-05-21T15:03:30.872374,KXBTCD-25MAY2119-T108749.99,DELTA,29,50,33,9,1034,yes,6,-5400
2025-05-21T15:03:30.872691,KXBTCD-25MAY2119-T108749.99,DELTA,29,50,33,9,1035,yes,8,4050
2025-05-21T15:03:30.892673,KXBTCD-25MAY2119-T108749.99,DELTA,29,50,33,9,1036,yes,19,9
2025-05-21T15:03:30.995118,KXBTCD-25MAY2119-T108749.99,DELTA,29,50,33,9,1037,yes,7,-20000
2025-05-21T15:03:31.013367,KXBTCD-25MAY2119-T108749.99,DELTA,29,50,33,9,1038,yes,7,-2000
2025-05-21T15:03:31.013979,KXBTCD-25MAY2119-T108749.99,DELTA,29,50,33,9,1039,yes,7,-1000
2025-05-21T15:03:31.154755,KXBTCD-25MAY2119-T108749.99,DELTA,29,50,34,1000,1040,no,67,-9
2025-05-21T15:03:31.155115,KXBTCD-25MAY2119-T108749.99,DELTA,29,50,34,1000,1041,yes,9,-9
2025-05-21T15:03:31.155373,KXBTCD-25MAY2119-T108749.99,DELTA,29,50,34,1000,1042,yes,9,2000
2025-05-21T15:03:31.155631,KXBTCD-25MAY2119-T108749.99,DELTA,29,50,34,1000,1043,yes,9,20000
2025-05-21T15:03:31.155835,KXBTCD-25MAY2119-T108749.99,DELTA,29,50,34,1000,1044,yes,9,1000
2025-05-21T15:03:31.433091,KXBTCD-25MAY2119-T108749.99,DELTA,29,50,34,1000,1045,no,65,100
2025-05-21T15:03:31.433423,KXBTCD-25MAY2119-T108749.99,DELTA,29,50,34,1000,1046,yes,27,100
2025-05-21T15:03:31.552346,KXBTCD-25MAY2119-T108749.99,DELTA,29,50,34,1000,1047,yes,9,-1000
2025-05-21T15:03:31.675403,KXBTCD-25MAY2119-T108749.99,DELTA,29,50,34,1000,1048,yes,28,1000
2025-05-21T15:03:31.676293,KXBTCD-25MAY2119-T108749.99,DELTA,29,50,34,1000,1049,no,65,-100
2025-05-21T15:03:31.892762,KXBTCD-25MAY2119-T108749.99,DELTA,29,50,34,1000,1050,yes,27,-100
2025-05-21T15:03:32.033183,KXBTCD-25MAY2119-T108749.99,DELTA,29,50,34,1000,1051,yes,28,-1000
2025-05-21T15:03:32.154627,KXBTCD-25MAY2119-T108749.99,DELTA,29,50,34,1000,1052,yes,9,1000
2025-05-21T15:03:32.213320,KXBTCD-25MAY2119-T108749.99,DELTA,29,50,34,1000,1053,yes,8,-4050
2025-05-21T15:03:32.213739,KXBTCD-25MAY2119-T108749.99,DELTA,29,50,34,1000,1054,yes,9,3600
2025-05-21T15:03:32.332872,KXBTCD-25MAY2119-T108749.99,DELTA,29,50,34,1000,1055,yes,9,-20000
2025-05-21T15:03:32.352573,KXBTCD-25MAY2119-T108749.99,DELTA,29,50,34,1000,1056,yes,9,-2000
2025-05-21T15:03:32.353217,KXBTCD-25MAY2119-T108749.99,DELTA,29,50,34,1000,1057,yes,9,-1000
2025-05-21T15:03:32.372762,KXBTCD-25MAY2119-T108749.99,DELTA,19,9,34,1000,1058,yes,29,-50
2025-05-21T15:03:32.373260,KXBTCD-25MAY2119-T108749.99,DELTA,19,9,34,1000,1059,yes,10,50
2025-05-21T15:03:32.392614,KXBTCD-25MAY2119-T108749.99,DELTA,19,9,34,1000,1060,no,65,-50
2025-05-21T15:03:32.392937,KXBTCD-25MAY2119-T108749.99,DELTA,19,9,34,1050,1061,no,66,50
2025-05-21T15:03:32.393155,KXBTCD-25MAY2119-T108749.99,DELTA,19,9,34,1050,1062,yes,10,1250
2025-05-21T15:03:32.413970,KXBTCD-25MAY2119-T108749.99,DELTA,19,9,34,1050,1063,yes,10,-50
2025-05-21T15:03:32.414621,KXBTCD-25MAY2119-T108749.99,DELTA,30,50,34,1050,1064,yes,30,50
2025-05-21T15:03:32.453262,KXBTCD-25MAY2119-T108749.99,DELTA,19,9,34,1050,1065,yes,30,-50
2025-05-21T15:03:32.453982,KXBTCD-25MAY2119-T108749.99,DELTA,19,9,34,1050,1066,yes,11,50
2025-05-21T15:03:32.473387,KXBTCD-25MAY2119-T108749.99,DELTA,19,9,34,1050,1067,yes,10,1000
2025-05-21T15:03:32.492665,KXBTCD-25MAY2119-T108749.99,DELTA,26,100,34,1050,1068,yes,26,100
2025-05-21T15:03:32.493595,KXBTCD-25MAY2119-T108749.99,DELTA,26,100,34,1050,1069,yes,10,2000
2025-05-21T15:03:32.493871,KXBTCD-25MAY2119-T108749.99,DELTA,26,100,34,1050,1070,yes,10,20000
2025-05-21T15:03:32.494089,KXBTCD-25MAY2119-T108749.99,DELTA,26,100,34,1150,1071,no,66,100
2025-05-21T15:03:32.512275,KXBTCD-25MAY2119-T108749.99,DELTA,26,100,34,150,1072,no,66,-1000
2025-05-21T15:03:32.552504,KXBTCD-25MAY2119-T108749.99,DELTA,26,100,34,150,1073,yes,11,-50
2025-05-21T15:03:32.552749,KXBTCD-25MAY2119-T108749.99,DELTA,27,50,34,150,1074,yes,27,50
2025-05-21T15:03:32.632547,KXBTCD-25MAY2119-T108749.99,DELTA,27,50,34,150,1075,yes,10,-1000
2025-05-21T15:03:32.672762,KXBTCD-25MAY2119-T108749.99,DELTA,27,50,33,1000,1076,no,67,1000
2025-05-21T15:03:32.753520,KXBTCD-25MAY2119-T108749.99,DELTA,27,1050,33,1000,1077,yes,27,1000
2025-05-21T15:03:32.797319,KXBTCD-25MAY2119-T108749.99,DELTA,27,1000,33,1000,1078,yes,27,-50
2025-05-21T15:03:32.798173,KXBTCD-25MAY2119-T108749.99,DELTA,28,50,33,1000,1079,yes,28,50
2025-05-21T15:03:32.913109,KXBTCD-25MAY2119-T108749.99,DELTA,28,50,33,1000,1080,no,66,-100
2025-05-21T15:03:33.493749,KXBTCD-25MAY2119-T108749.99,DELTA,28,50,33,1000,1081,yes,9,-3600
2025-05-21T15:03:33.495800,KXBTCD-25MAY2119-T108749.99,DELTA,28,50,33,1000,1082,yes,6,5400
2025-05-21T15:03:33.595509,KXBTCD-25MAY2119-T108749.99,DELTA,28,50,33,1000,1083,yes,19,-9
2025-05-21T15:03:33.613733,KXBTCD-25MAY2119-T108749.99,DELTA,28,50,33,1000,1084,yes,10,-20000
2025-05-21T15:03:33.614417,KXBTCD-25MAY2119-T108749.99,DELTA,28,50,33,1000,1085,yes,10,-2000
2025-05-21T15:03:33.634554,KXBTCD-25MAY2119-T108749.99,DELTA,28,50,33,1000,1086,yes,10,-1250
2025-05-21T15:03:33.733662,KXBTCD-25MAY2119-T108749.99,DELTA,28,50,33,1000,1087,yes,7,20000
2025-05-21T15:03:33.733965,KXBTCD-25MAY2119-T108749.99,DELTA,28,50,33,1000,1088,yes,7,2000
2025-05-21T15:03:34.092542,KXBTCD-25MAY2119-T108749.99,DELTA,28,50,33,1100,1089,no,67,100
2025-05-21T15:03:34.772809,KXBTCD-25MAY2119-T108749.99,DELTA,28,50,33,1100,1090,yes,6,-5400
2025-05-21T15:03:34.773215,KXBTCD-25MAY2119-T108749.99,DELTA,28,50,33,1100,1091,yes,8,4050
2025-05-21T15:03:34.893986,KXBTCD-25MAY2119-T108749.99,DELTA,28,50,33,1100,1092,yes,7,-20000
2025-05-21T15:03:34.953711,KXBTCD-25MAY2119-T108749.99,DELTA,28,50,33,1100,1093,yes,7,-2000
