timestamp,market_ticker,type,yes_bid_price_cents,yes_bid_qty,yes_ask_price_cents,yes_ask_qty_on_no_side,sequence_num,delta_side,delta_price_cents,delta_quantity
2025-05-19T16:07:01.679619,KXBTCD-25MAY1920-T105749.99,SNAPSHOT,53,1000,59,14,1,,,
2025-05-19T16:07:01.736182,KXBTCD-25MAY1920-T105749.99,DELTA,53,1000,59,14,2,no,22,250
2025-05-19T16:07:01.736567,KXBTCD-25MAY1920-T105749.99,DELTA,53,1000,59,14,3,no,32,-250
2025-05-19T16:07:02.157763,KXBTCD-25MAY1920-T105749.99,DELTA,53,1000,59,14,4,no,35,-1574
2025-05-19T16:07:02.157967,KXBTCD-25MAY1920-T105749.99,DELTA,54,250,59,14,5,yes,54,250
2025-05-19T16:07:02.158256,KXBTCD-25MAY1920-T105749.99,DELTA,54,250,59,14,6,no,35,-11
2025-05-19T16:07:02.175308,KXBTCD-25MAY1920-T105749.99,DELTA,54,250,59,14,7,yes,44,-250
2025-05-19T16:07:02.215484,KXBTCD-25MAY1920-T105749.99,DELTA,54,250,59,14,8,yes,53,-1000
2025-05-19T16:07:02.215749,KXBTCD-25MAY1920-T105749.99,DELTA,54,250,59,14,9,no,36,-2000
2025-05-19T16:07:02.217311,KXBTCD-25MAY1920-T105749.99,DELTA,54,250,59,14,10,no,34,1585
2025-05-19T16:07:02.235990,KXBTCD-25MAY1920-T105749.99,DELTA,54,250,59,14,11,no,35,-1250
2025-05-19T16:07:02.335342,KXBTCD-25MAY1920-T105749.99,DELTA,54,250,59,14,12,no,31,1250
2025-05-19T16:07:02.335598,KXBTCD-25MAY1920-T105749.99,DELTA,54,250,59,14,13,no,31,2000
2025-05-19T16:07:02.376669,KXBTCD-25MAY1920-T105749.99,DELTA,54,250,59,14,14,no,31,-2000
2025-05-19T16:07:02.376919,KXBTCD-25MAY1920-T105749.99,DELTA,54,250,59,14,15,no,31,-1250
2025-05-19T16:07:02.400080,KXBTCD-25MAY1920-T105749.99,DELTA,54,1250,59,14,16,yes,54,1000
2025-05-19T16:07:02.415321,KXBTCD-25MAY1920-T105749.99,DELTA,54,1250,59,14,17,no,35,1250
2025-05-19T16:07:02.495934,KXBTCD-25MAY1920-T105749.99,DELTA,54,1250,59,14,18,no,35,2000
2025-05-19T16:07:03.316143,KXBTCD-25MAY1920-T105749.99,DELTA,54,1250,59,14,19,no,39,-100
2025-05-19T16:07:03.396473,KXBTCD-25MAY1920-T105749.99,DELTA,54,1250,60,1080,20,no,41,-14
2025-05-19T16:07:03.396680,KXBTCD-25MAY1920-T105749.99,DELTA,54,1250,60,1069,21,no,40,-11
2025-05-19T16:07:03.455362,KXBTCD-25MAY1920-T105749.99,DELTA,54,1250,60,1069,22,no,34,-1585
2025-05-19T16:07:03.455587,KXBTCD-25MAY1920-T105749.99,DELTA,54,1250,60,1069,23,yes,50,30
2025-05-19T16:07:03.455857,KXBTCD-25MAY1920-T105749.99,DELTA,54,1250,60,1069,24,yes,50,-14
2025-05-19T16:07:03.455914,KXBTCD-25MAY1920-T105749.99,DELTA,54,1250,60,1069,25,yes,47,-30
2025-05-19T16:07:03.455964,KXBTCD-25MAY1920-T105749.99,DELTA,55,14,60,1069,26,yes,55,14
2025-05-19T16:07:03.476536,KXBTCD-25MAY1920-T105749.99,DELTA,55,14,60,1069,27,no,39,30
2025-05-19T16:07:03.476881,KXBTCD-25MAY1920-T105749.99,DELTA,55,14,60,1069,28,no,38,14
2025-05-19T16:07:03.477036,KXBTCD-25MAY1920-T105749.99,DELTA,55,14,60,1050,29,no,40,-19
2025-05-19T16:07:03.477140,KXBTCD-25MAY1920-T105749.99,DELTA,55,14,60,1050,30,no,35,1585
2025-05-19T16:07:03.516427,KXBTCD-25MAY1920-T105749.99,DELTA,55,14,60,1050,31,no,35,-2000
2025-05-19T16:07:03.535857,KXBTCD-25MAY1920-T105749.99,DELTA,55,14,60,1050,32,no,35,-1250
2025-05-19T16:07:03.575899,KXBTCD-25MAY1920-T105749.99,DELTA,55,14,60,1050,33,no,36,2000
2025-05-19T16:07:03.576705,KXBTCD-25MAY1920-T105749.99,DELTA,55,14,60,1050,34,no,36,1250
2025-05-19T16:07:04.115109,KXBTCD-25MAY1920-T105749.99,DELTA,55,14,60,1050,35,yes,52,-2000
2025-05-19T16:07:04.115361,KXBTCD-25MAY1920-T105749.99,DELTA,55,14,60,1050,36,yes,50,-1250
2025-05-19T16:07:04.156248,KXBTCD-25MAY1920-T105749.99,DELTA,55,14,60,1050,37,yes,49,1250
2025-05-19T16:07:04.156462,KXBTCD-25MAY1920-T105749.99,DELTA,55,14,60,1050,38,yes,51,2000
2025-05-19T16:07:04.598684,KXBTCD-25MAY1920-T105749.99,DELTA,55,14,58,100,39,no,42,100
2025-05-19T16:07:04.975820,KXBTCD-25MAY1920-T105749.99,DELTA,55,14,58,100,40,yes,10,-3240
2025-05-19T16:07:04.976091,KXBTCD-25MAY1920-T105749.99,DELTA,55,14,58,100,41,yes,12,2700
2025-05-19T16:07:05.035939,KXBTCD-25MAY1920-T105749.99,DELTA,55,14,58,100,42,yes,11,-20000
2025-05-19T16:07:05.636423,KXBTCD-25MAY1920-T105749.99,DELTA,55,14,60,1050,43,no,42,-100
2025-05-19T16:07:07.020548,KXBTCD-25MAY1920-T105749.99,DELTA,55,14,60,1050,44,yes,51,-2000
2025-05-19T16:07:07.020801,KXBTCD-25MAY1920-T105749.99,DELTA,55,14,60,1050,45,yes,49,-1250
2025-05-19T16:07:07.056309,KXBTCD-25MAY1920-T105749.99,DELTA,55,14,60,1050,46,yes,52,2000
2025-05-19T16:07:07.076165,KXBTCD-25MAY1920-T105749.99,DELTA,55,14,60,1050,47,yes,50,1250
2025-05-19T16:07:07.195809,KXBTCD-25MAY1920-T105749.99,DELTA,55,14,60,1050,48,no,38,100
2025-05-19T16:07:07.876221,KXBTCD-25MAY1920-T105749.99,DELTA,55,14,60,1050,49,yes,12,-2700
2025-05-19T16:07:07.877092,KXBTCD-25MAY1920-T105749.99,DELTA,55,14,60,1050,50,yes,4,8100
2025-05-19T16:07:07.938752,KXBTCD-25MAY1920-T105749.99,DELTA,55,14,60,1050,51,yes,5,20000
2025-05-19T16:07:08.076865,KXBTCD-25MAY1920-T105749.99,DELTA,55,14,60,1050,52,yes,52,-2000
2025-05-19T16:07:08.095208,KXBTCD-25MAY1920-T105749.99,DELTA,55,14,60,1050,53,yes,50,-1250
2025-05-19T16:07:08.136369,KXBTCD-25MAY1920-T105749.99,DELTA,55,14,60,1050,54,yes,49,1250
2025-05-19T16:07:08.136818,KXBTCD-25MAY1920-T105749.99,DELTA,55,14,60,1050,55,yes,51,2000
2025-05-19T16:07:08.515903,KXBTCD-25MAY1920-T105749.99,DELTA,55,14,60,1050,56,no,38,-100
2025-05-19T16:07:08.589362,KXBTCD-25MAY1920-T105749.99,DELTA,55,14,60,1050,57,yes,51,-2000
2025-05-19T16:07:08.599559,KXBTCD-25MAY1920-T105749.99,DELTA,55,14,60,1050,58,yes,49,-1250
2025-05-19T16:07:08.661991,KXBTCD-25MAY1920-T105749.99,DELTA,55,14,60,1050,59,yes,52,2000
2025-05-19T16:07:08.663049,KXBTCD-25MAY1920-T105749.99,DELTA,55,14,60,1050,60,yes,50,1250
2025-05-19T16:07:08.715860,KXBTCD-25MAY1920-T105749.99,DELTA,55,14,60,1050,61,no,36,-1250
2025-05-19T16:07:08.765362,KXBTCD-25MAY1920-T105749.99,DELTA,55,14,60,1050,62,no,35,1250
2025-05-19T16:07:08.814822,KXBTCD-25MAY1920-T105749.99,DELTA,55,14,60,1000,63,no,40,-50
2025-05-19T16:07:08.815239,KXBTCD-25MAY1920-T105749.99,DELTA,55,14,60,1000,64,no,39,50
2025-05-19T16:07:08.989287,KXBTCD-25MAY1920-T105749.99,DELTA,55,14,60,1000,65,yes,4,-8100
2025-05-19T16:07:08.990063,KXBTCD-25MAY1920-T105749.99,DELTA,55,14,60,1000,66,yes,6,5400
2025-05-19T16:07:09.069557,KXBTCD-25MAY1920-T105749.99,DELTA,55,14,60,1000,67,yes,5,-20000
2025-05-19T16:07:09.080499,KXBTCD-25MAY1920-T105749.99,DELTA,55,14,60,1000,68,yes,52,-2000
2025-05-19T16:07:09.094859,KXBTCD-25MAY1920-T105749.99,DELTA,55,14,60,1000,69,yes,50,-1250
2025-05-19T16:07:09.119277,KXBTCD-25MAY1920-T105749.99,DELTA,55,14,60,1000,70,no,35,-1250
2025-05-19T16:07:09.119970,KXBTCD-25MAY1920-T105749.99,DELTA,55,14,60,1000,71,yes,7,20000
2025-05-19T16:07:09.155130,KXBTCD-25MAY1920-T105749.99,DELTA,55,14,60,1000,72,yes,49,1250
2025-05-19T16:07:09.155539,KXBTCD-25MAY1920-T105749.99,DELTA,55,14,60,1000,73,no,36,1250
2025-05-19T16:07:09.155677,KXBTCD-25MAY1920-T105749.99,DELTA,55,14,60,1000,74,yes,51,2000
2025-05-19T16:07:09.234654,KXBTCD-25MAY1920-T105749.99,DELTA,55,14,60,1000,75,yes,49,-1250
2025-05-19T16:07:09.274769,KXBTCD-25MAY1920-T105749.99,DELTA,55,14,60,1000,76,yes,50,1250
2025-05-19T16:07:09.516250,KXBTCD-25MAY1920-T105749.99,DELTA,55,14,59,100,77,no,41,100
2025-05-19T16:07:10.096419,KXBTCD-25MAY1920-T105749.99,DELTA,55,14,59,100,78,yes,6,-5400
2025-05-19T16:07:10.096766,KXBTCD-25MAY1920-T105749.99,DELTA,55,14,59,100,79,yes,8,4050
2025-05-19T16:07:10.156525,KXBTCD-25MAY1920-T105749.99,DELTA,55,14,59,100,80,yes,7,-20000
2025-05-19T16:07:10.179721,KXBTCD-25MAY1920-T105749.99,DELTA,55,14,59,100,81,no,35,-1585
2025-05-19T16:07:10.195292,KXBTCD-25MAY1920-T105749.99,DELTA,55,14,59,100,82,yes,9,20000
2025-05-19T16:07:10.195635,KXBTCD-25MAY1920-T105749.99,DELTA,55,14,59,100,83,no,34,1585
2025-05-19T16:07:10.255056,KXBTCD-25MAY1920-T105749.99,DELTA,55,14,59,100,84,no,36,-2000
2025-05-19T16:07:10.255960,KXBTCD-25MAY1920-T105749.99,DELTA,55,14,59,100,85,no,36,-1250
2025-05-19T16:07:10.316576,KXBTCD-25MAY1920-T105749.99,DELTA,55,14,59,100,86,no,35,1250
2025-05-19T16:07:10.317046,KXBTCD-25MAY1920-T105749.99,DELTA,55,14,59,100,87,no,35,2000
2025-05-19T16:07:10.537774,KXBTCD-25MAY1920-T105749.99,DELTA,55,14,60,1000,88,no,41,-100
2025-05-19T16:07:11.216071,KXBTCD-25MAY1920-T105749.99,DELTA,55,14,60,1000,89,yes,8,-4050
2025-05-19T16:07:11.216252,KXBTCD-25MAY1920-T105749.99,DELTA,55,14,60,1000,90,yes,10,3240
2025-05-19T16:07:11.295194,KXBTCD-25MAY1920-T105749.99,DELTA,55,14,60,1000,91,yes,9,-20000
2025-05-19T16:07:11.336898,KXBTCD-25MAY1920-T105749.99,DELTA,55,14,60,1000,92,yes,11,20000
2025-05-19T16:07:12.354978,KXBTCD-25MAY1920-T105749.99,DELTA,55,14,60,1000,93,yes,10,-3240
2025-05-19T16:07:12.356167,KXBTCD-25MAY1920-T105749.99,DELTA,55,14,60,1000,94,yes,12,2700
2025-05-19T16:07:12.415478,KXBTCD-25MAY1920-T105749.99,DELTA,55,14,60,1000,95,yes,11,-20000
2025-05-19T16:07:12.638015,KXBTCD-25MAY1920-T105749.99,DELTA,55,14,60,1000,96,yes,54,-1000
2025-05-19T16:07:12.655943,KXBTCD-25MAY1920-T105749.99,DELTA,55,14,60,1000,97,yes,50,-1250
2025-05-19T16:07:12.695653,KXBTCD-25MAY1920-T105749.99,DELTA,55,14,60,1000,98,yes,49,1250
2025-05-19T16:07:12.715733,KXBTCD-25MAY1920-T105749.99,DELTA,55,14,60,1000,99,yes,53,1000
2025-05-19T16:07:13.828001,KXBTCD-25MAY1920-T105749.99,DELTA,55,14,60,1000,100,yes,51,-2000
2025-05-19T16:07:13.828943,KXBTCD-25MAY1920-T105749.99,DELTA,55,14,60,1000,101,yes,49,-1250
2025-05-19T16:07:13.835986,KXBTCD-25MAY1920-T105749.99,DELTA,55,14,58,100,102,no,42,100
2025-05-19T16:07:13.855190,KXBTCD-25MAY1920-T105749.99,DELTA,55,14,58,100,103,yes,48,1250
2025-05-19T16:07:13.875372,KXBTCD-25MAY1920-T105749.99,DELTA,55,14,58,100,104,yes,50,2000
2025-05-19T16:07:14.217267,KXBTCD-25MAY1920-T105749.99,DELTA,55,14,58,100,105,yes,50,-2000
2025-05-19T16:07:14.238848,KXBTCD-25MAY1920-T105749.99,DELTA,55,14,58,100,106,yes,53,-1000
2025-05-19T16:07:14.239396,KXBTCD-25MAY1920-T105749.99,DELTA,55,14,58,100,107,yes,48,-1250
2025-05-19T16:07:14.276115,KXBTCD-25MAY1920-T105749.99,DELTA,55,14,60,1000,108,no,42,-100
2025-05-19T16:07:14.296741,KXBTCD-25MAY1920-T105749.99,DELTA,55,14,60,1000,109,yes,49,1250
2025-05-19T16:07:14.315610,KXBTCD-25MAY1920-T105749.99,DELTA,55,14,60,1000,110,yes,54,1000
2025-05-19T16:07:14.336011,KXBTCD-25MAY1920-T105749.99,DELTA,55,14,60,1000,111,yes,51,2000
2025-05-19T16:07:14.336577,KXBTCD-25MAY1920-T105749.99,DELTA,55,14,60,1000,112,yes,54,-250
2025-05-19T16:07:14.337045,KXBTCD-25MAY1920-T105749.99,DELTA,55,14,60,1000,113,yes,44,250
2025-05-19T16:07:14.416502,KXBTCD-25MAY1920-T105749.99,DELTA,55,14,60,1000,114,yes,54,-1000
2025-05-19T16:07:14.456094,KXBTCD-25MAY1920-T105749.99,DELTA,55,14,60,1000,115,yes,53,1000
2025-05-19T16:07:15.049144,KXBTCD-25MAY1920-T105749.99,DELTA,55,14,60,1000,116,yes,44,-250
2025-05-19T16:07:15.063419,KXBTCD-25MAY1920-T105749.99,DELTA,55,14,60,1000,117,yes,54,250
2025-05-19T16:07:15.121212,KXBTCD-25MAY1920-T105749.99,DELTA,55,14,60,1000,118,yes,53,-1000
2025-05-19T16:07:15.178082,KXBTCD-25MAY1920-T105749.99,DELTA,55,14,60,1000,119,yes,54,1000
2025-05-19T16:07:15.196555,KXBTCD-25MAY1920-T105749.99,DELTA,55,14,60,1000,120,yes,54,-250
2025-05-19T16:07:15.196864,KXBTCD-25MAY1920-T105749.99,DELTA,55,14,60,1000,121,yes,44,250
2025-05-19T16:07:15.243189,KXBTCD-25MAY1920-T105749.99,DELTA,55,14,60,1000,122,yes,54,-1000
2025-05-19T16:07:15.293604,KXBTCD-25MAY1920-T105749.99,DELTA,55,14,60,1000,123,yes,53,1000
2025-05-19T16:07:15.293931,KXBTCD-25MAY1920-T105749.99,DELTA,55,14,60,1000,124,no,38,100
2025-05-19T16:07:16.047633,KXBTCD-25MAY1920-T105749.99,DELTA,55,14,60,1000,125,yes,44,-250
2025-05-19T16:07:16.051586,KXBTCD-25MAY1920-T105749.99,DELTA,55,14,60,1000,126,yes,54,250
2025-05-19T16:07:16.161369,KXBTCD-25MAY1920-T105749.99,DELTA,55,14,60,1000,127,no,34,-1585
2025-05-19T16:07:16.161669,KXBTCD-25MAY1920-T105749.99,DELTA,55,14,60,1000,128,no,32,250
2025-05-19T16:07:16.162046,KXBTCD-25MAY1920-T105749.99,DELTA,55,14,60,1000,129,no,22,-250
2025-05-19T16:07:16.203485,KXBTCD-25MAY1920-T105749.99,DELTA,55,14,60,1000,130,no,35,-2000
2025-05-19T16:07:16.222669,KXBTCD-25MAY1920-T105749.99,DELTA,55,14,60,1000,131,no,35,-1250
2025-05-19T16:07:16.222863,KXBTCD-25MAY1920-T105749.99,DELTA,55,14,60,1000,132,no,35,1585
2025-05-19T16:07:16.265306,KXBTCD-25MAY1920-T105749.99,DELTA,55,14,60,1000,133,no,33,1250
2025-05-19T16:07:16.307652,KXBTCD-25MAY1920-T105749.99,DELTA,55,14,60,1000,134,no,33,2000
2025-05-19T16:07:16.336041,KXBTCD-25MAY1920-T105749.99,DELTA,55,14,60,1000,135,no,33,-2000
2025-05-19T16:07:16.336289,KXBTCD-25MAY1920-T105749.99,DELTA,55,14,60,1000,136,no,33,-1250
2025-05-19T16:07:16.376651,KXBTCD-25MAY1920-T105749.99,DELTA,55,14,60,1000,137,no,36,1250
2025-05-19T16:07:16.520559,KXBTCD-25MAY1920-T105749.99,DELTA,55,14,60,1000,138,no,36,2000
2025-05-19T16:07:17.055197,KXBTCD-25MAY1920-T105749.99,DELTA,55,14,60,1000,139,yes,51,-2000
2025-05-19T16:07:17.077075,KXBTCD-25MAY1920-T105749.99,DELTA,55,14,60,1000,140,yes,53,-1000
2025-05-19T16:07:17.077271,KXBTCD-25MAY1920-T105749.99,DELTA,55,14,60,1000,141,yes,49,-1250
2025-05-19T16:07:17.136626,KXBTCD-25MAY1920-T105749.99,DELTA,55,14,60,1000,142,yes,50,2000
2025-05-19T16:07:17.137191,KXBTCD-25MAY1920-T105749.99,DELTA,55,14,60,1000,143,yes,52,1000
2025-05-19T16:07:17.137499,KXBTCD-25MAY1920-T105749.99,DELTA,55,14,60,1000,144,yes,48,1250
2025-05-19T16:07:17.396101,KXBTCD-25MAY1920-T105749.99,DELTA,55,14,60,1000,145,no,38,-100
2025-05-19T16:07:17.757386,KXBTCD-25MAY1920-T105749.99,DELTA,55,14,60,1000,146,yes,12,-2700
2025-05-19T16:07:17.758455,KXBTCD-25MAY1920-T105749.99,DELTA,55,14,60,1000,147,yes,4,8100
2025-05-19T16:07:17.815825,KXBTCD-25MAY1920-T105749.99,DELTA,55,14,60,1000,148,yes,5,20000
2025-05-19T16:07:18.101492,KXBTCD-25MAY1920-T105749.99,DELTA,55,14,60,1000,149,yes,50,-2000
2025-05-19T16:07:18.101725,KXBTCD-25MAY1920-T105749.99,DELTA,55,14,60,1000,150,no,39,-50
2025-05-19T16:07:18.101829,KXBTCD-25MAY1920-T105749.99,DELTA,55,14,59,50,151,no,41,50
2025-05-19T16:07:18.101917,KXBTCD-25MAY1920-T105749.99,DELTA,55,14,59,50,152,yes,48,-1250
2025-05-19T16:07:18.135761,KXBTCD-25MAY1920-T105749.99,DELTA,55,14,59,50,153,yes,44,250
2025-05-19T16:07:18.164725,KXBTCD-25MAY1920-T105749.99,DELTA,55,14,59,50,154,yes,54,-250
2025-05-19T16:07:18.183453,KXBTCD-25MAY1920-T105749.99,DELTA,55,14,59,50,155,yes,49,2000
2025-05-19T16:07:18.183587,KXBTCD-25MAY1920-T105749.99,DELTA,55,14,59,50,156,yes,47,1250
2025-05-19T16:07:18.183673,KXBTCD-25MAY1920-T105749.99,DELTA,55,14,59,50,157,no,40,-1000
2025-05-19T16:07:18.263484,KXBTCD-25MAY1920-T105749.99,DELTA,55,14,58,1000,158,no,42,1000
2025-05-19T16:07:18.917313,KXBTCD-25MAY1920-T105749.99,DELTA,55,14,58,1000,159,yes,52,-1000
2025-05-19T16:07:18.956196,KXBTCD-25MAY1920-T105749.99,DELTA,55,14,58,1000,160,yes,51,1000
2025-05-19T16:07:19.158664,KXBTCD-25MAY1920-T105749.99,DELTA,55,14,58,1000,161,no,35,-1585
2025-05-19T16:07:19.195468,KXBTCD-25MAY1920-T105749.99,DELTA,55,14,58,1000,162,no,36,1585
2025-05-19T16:07:19.237134,KXBTCD-25MAY1920-T105749.99,DELTA,55,14,58,1000,163,no,36,-2000
2025-05-19T16:07:19.255225,KXBTCD-25MAY1920-T105749.99,DELTA,55,14,58,1000,164,no,36,-1250
2025-05-19T16:07:19.294546,KXBTCD-25MAY1920-T105749.99,DELTA,55,14,58,1000,165,no,37,1250
2025-05-19T16:07:19.295199,KXBTCD-25MAY1920-T105749.99,DELTA,55,14,58,1000,166,no,37,2000
2025-05-19T16:07:20.055619,KXBTCD-25MAY1920-T105749.99,DELTA,55,14,58,1100,167,no,42,100
2025-05-19T16:07:20.115984,KXBTCD-25MAY1920-T105749.99,DELTA,55,14,58,100,168,no,42,-1000
2025-05-19T16:07:20.156484,KXBTCD-25MAY1920-T105749.99,DELTA,55,14,57,1000,169,no,43,1000
2025-05-19T16:07:22.123439,KXBTCD-25MAY1920-T105749.99,DELTA,55,14,57,1000,170,yes,4,-8100
2025-05-19T16:07:22.124378,KXBTCD-25MAY1920-T105749.99,DELTA,55,14,57,1000,171,yes,6,5400
2025-05-19T16:07:22.195282,KXBTCD-25MAY1920-T105749.99,DELTA,55,14,57,1000,172,yes,5,-20000
2025-05-19T16:07:22.333738,KXBTCD-25MAY1920-T105749.99,DELTA,55,14,57,1000,173,yes,7,20000
2025-05-19T16:07:22.401319,KXBTCD-25MAY1920-T105749.99,DELTA,55,14,57,1000,174,no,42,-100
2025-05-19T16:07:22.515258,KXBTCD-25MAY1920-T105749.99,DELTA,55,14,59,50,175,no,43,-1000
2025-05-19T16:07:22.714843,KXBTCD-25MAY1920-T105749.99,DELTA,55,14,58,1000,176,no,42,1000
2025-05-19T16:07:23.863228,KXBTCD-25MAY1920-T105749.99,DELTA,55,14,58,1000,177,yes,51,-1000
2025-05-19T16:07:23.996447,KXBTCD-25MAY1920-T105749.99,DELTA,55,14,58,1000,178,yes,52,1000
2025-05-19T16:07:23.996709,KXBTCD-25MAY1920-T105749.99,DELTA,55,14,58,1100,179,no,42,100
2025-05-19T16:07:24.034442,KXBTCD-25MAY1920-T105749.99,DELTA,55,14,58,1100,180,yes,52,-239
2025-05-19T16:07:24.034625,KXBTCD-25MAY1920-T105749.99,DELTA,55,14,58,1100,181,yes,42,250
2025-05-19T16:07:24.075938,KXBTCD-25MAY1920-T105749.99,DELTA,55,14,58,1100,182,yes,6,-5400
2025-05-19T16:07:24.076185,KXBTCD-25MAY1920-T105749.99,DELTA,55,14,58,1100,183,yes,8,4050
2025-05-19T16:07:24.095979,KXBTCD-25MAY1920-T105749.99,DELTA,55,14,58,1100,184,yes,52,-1000
2025-05-19T16:07:24.135703,KXBTCD-25MAY1920-T105749.99,DELTA,55,14,58,1100,185,yes,51,1000
2025-05-19T16:07:24.176777,KXBTCD-25MAY1920-T105749.99,DELTA,55,14,58,1100,186,yes,7,-20000
2025-05-19T16:07:24.215555,KXBTCD-25MAY1920-T105749.99,DELTA,55,14,58,1100,187,yes,9,20000
2025-05-19T16:07:24.675872,KXBTCD-25MAY1920-T105749.99,DELTA,55,14,58,1000,188,no,42,-100
2025-05-19T16:07:25.055688,KXBTCD-25MAY1920-T105749.99,DELTA,55,14,58,1000,189,yes,42,-250
2025-05-19T16:07:25.055867,KXBTCD-25MAY1920-T105749.99,DELTA,55,14,58,1000,190,yes,52,250
2025-05-19T16:07:25.114437,KXBTCD-25MAY1920-T105749.99,DELTA,55,14,58,1000,191,yes,51,-1000
2025-05-19T16:07:25.158593,KXBTCD-25MAY1920-T105749.99,DELTA,55,14,58,1000,192,yes,52,1000
2025-05-19T16:07:25.237566,KXBTCD-25MAY1920-T105749.99,DELTA,55,14,58,1000,193,yes,8,-4050
2025-05-19T16:07:25.237766,KXBTCD-25MAY1920-T105749.99,DELTA,55,14,58,1000,194,yes,10,3240
2025-05-19T16:07:25.296867,KXBTCD-25MAY1920-T105749.99,DELTA,55,14,58,1000,195,yes,9,-20000
2025-05-19T16:07:25.335338,KXBTCD-25MAY1920-T105749.99,DELTA,55,14,58,1000,196,yes,11,20000
2025-05-19T16:07:26.036347,KXBTCD-25MAY1920-T105749.99,DELTA,55,14,58,1000,197,no,36,-1585
2025-05-19T16:07:26.077135,KXBTCD-25MAY1920-T105749.99,DELTA,55,14,58,1000,198,no,37,1585
2025-05-19T16:07:26.101517,KXBTCD-25MAY1920-T105749.99,DELTA,55,14,58,1000,199,no,37,-2000
2025-05-19T16:07:26.116626,KXBTCD-25MAY1920-T105749.99,DELTA,55,14,58,1000,200,no,37,-1250
2025-05-19T16:07:26.155593,KXBTCD-25MAY1920-T105749.99,DELTA,55,14,58,1000,201,no,38,1250
2025-05-19T16:07:26.156150,KXBTCD-25MAY1920-T105749.99,DELTA,55,14,58,1000,202,no,38,2000
2025-05-19T16:07:26.361937,KXBTCD-25MAY1920-T105749.99,DELTA,55,14,58,1000,203,yes,10,-3240
2025-05-19T16:07:26.362250,KXBTCD-25MAY1920-T105749.99,DELTA,55,14,58,1000,204,yes,12,2700
2025-05-19T16:07:26.415367,KXBTCD-25MAY1920-T105749.99,DELTA,55,14,58,1000,205,yes,11,-20000
2025-05-19T16:07:27.476154,KXBTCD-25MAY1920-T105749.99,DELTA,55,14,58,1000,206,yes,12,-2700
2025-05-19T16:07:27.476621,KXBTCD-25MAY1920-T105749.99,DELTA,55,14,58,1000,207,yes,4,8100
2025-05-19T16:07:27.624236,KXBTCD-25MAY1920-T105749.99,DELTA,55,14,58,1000,208,yes,5,20000
2025-05-19T16:07:27.635049,KXBTCD-25MAY1920-T105749.99,DELTA,55,14,58,1100,209,no,42,100
2025-05-19T16:07:29.275616,KXBTCD-25MAY1920-T105749.99,DELTA,55,14,58,1000,210,no,42,-100
2025-05-19T16:07:30.435232,KXBTCD-25MAY1920-T105749.99,DELTA,55,14,57,100,211,no,43,100
2025-05-19T16:07:30.872755,KXBTCD-25MAY1920-T105749.99,DELTA,55,14,57,100,212,yes,53,14
2025-05-19T16:07:30.872956,KXBTCD-25MAY1920-T105749.99,DELTA,53,14,57,100,213,yes,55,-14
2025-05-19T16:07:30.873258,KXBTCD-25MAY1920-T105749.99,DELTA,53,14,57,100,214,no,39,14
2025-05-19T16:07:30.876091,KXBTCD-25MAY1920-T105749.99,DELTA,53,14,57,100,215,yes,48,30
2025-05-19T16:07:30.876160,KXBTCD-25MAY1920-T105749.99,DELTA,53,14,57,100,216,no,38,-14
2025-05-19T16:07:30.876210,KXBTCD-25MAY1920-T105749.99,DELTA,53,14,57,100,217,no,41,30
2025-05-19T16:07:30.876257,KXBTCD-25MAY1920-T105749.99,DELTA,53,14,57,100,218,yes,50,-30
2025-05-19T16:07:30.895569,KXBTCD-25MAY1920-T105749.99,DELTA,53,14,57,100,219,no,39,-30
2025-05-19T16:07:31.155841,KXBTCD-25MAY1920-T105749.99,DELTA,53,14,57,100,220,no,34,250
2025-05-19T16:07:31.156222,KXBTCD-25MAY1920-T105749.99,DELTA,53,14,57,100,221,no,24,-250
2025-05-19T16:07:31.196122,KXBTCD-25MAY1920-T105749.99,DELTA,53,14,57,100,222,yes,47,30
2025-05-19T16:07:31.196460,KXBTCD-25MAY1920-T105749.99,DELTA,53,14,57,100,223,yes,48,-30
2025-05-19T16:07:31.196602,KXBTCD-25MAY1920-T105749.99,DELTA,53,14,57,100,224,no,41,-30
2025-05-19T16:07:31.196793,KXBTCD-25MAY1920-T105749.99,DELTA,53,14,57,100,225,no,42,30
2025-05-19T16:07:31.374446,KXBTCD-25MAY1920-T105749.99,DELTA,53,14,57,100,226,no,37,-1585
2025-05-19T16:07:31.374691,KXBTCD-25MAY1920-T105749.99,DELTA,53,14,57,100,227,yes,42,250
2025-05-19T16:07:31.375057,KXBTCD-25MAY1920-T105749.99,DELTA,53,14,57,100,228,yes,52,-250
2025-05-19T16:07:31.415811,KXBTCD-25MAY1920-T105749.99,DELTA,53,14,57,100,229,no,38,1585
2025-05-19T16:07:31.416191,KXBTCD-25MAY1920-T105749.99,DELTA,53,14,57,100,230,yes,49,-2000
2025-05-19T16:07:31.436813,KXBTCD-25MAY1920-T105749.99,DELTA,53,14,57,100,231,yes,52,-1000
2025-05-19T16:07:31.437108,KXBTCD-25MAY1920-T105749.99,DELTA,53,14,57,100,232,yes,47,-1250
2025-05-19T16:07:31.455716,KXBTCD-25MAY1920-T105749.99,DELTA,53,14,57,100,233,no,38,-2000
2025-05-19T16:07:31.456009,KXBTCD-25MAY1920-T105749.99,DELTA,53,14,57,100,234,no,42,-1000
2025-05-19T16:07:31.456243,KXBTCD-25MAY1920-T105749.99,DELTA,53,14,57,100,235,no,38,-1250
2025-05-19T16:07:31.515416,KXBTCD-25MAY1920-T105749.99,DELTA,53,14,57,100,236,yes,51,1000
2025-05-19T16:07:31.516502,KXBTCD-25MAY1920-T105749.99,DELTA,53,14,57,100,237,yes,48,2000
2025-05-19T16:07:31.516776,KXBTCD-25MAY1920-T105749.99,DELTA,53,14,57,100,238,yes,46,1250
2025-05-19T16:07:31.516998,KXBTCD-25MAY1920-T105749.99,DELTA,53,14,57,1100,239,no,43,1000
2025-05-19T16:07:31.536262,KXBTCD-25MAY1920-T105749.99,DELTA,53,14,57,1100,240,no,39,2000
2025-05-19T16:07:31.536846,KXBTCD-25MAY1920-T105749.99,DELTA,53,14,57,1100,241,no,39,1250
2025-05-19T16:07:31.636239,KXBTCD-25MAY1920-T105749.99,DELTA,53,14,57,1000,242,no,43,-100
2025-05-19T16:07:32.455795,KXBTCD-25MAY1920-T105749.99,DELTA,53,14,57,1000,243,no,41,-50
2025-05-19T16:07:32.456718,KXBTCD-25MAY1920-T105749.99,DELTA,53,14,57,1000,244,no,42,50
2025-05-19T16:07:32.759190,KXBTCD-25MAY1920-T105749.99,DELTA,51,1000,57,1000,245,yes,53,-14
2025-05-19T16:07:32.759892,KXBTCD-25MAY1920-T105749.99,DELTA,52,14,57,1000,246,yes,52,14
2025-05-19T16:07:32.774980,KXBTCD-25MAY1920-T105749.99,DELTA,52,14,57,1000,247,no,39,-14
2025-05-19T16:07:32.775327,KXBTCD-25MAY1920-T105749.99,DELTA,52,14,57,1000,248,no,41,14
2025-05-19T16:07:32.836628,KXBTCD-25MAY1920-T105749.99,DELTA,52,14,57,1000,249,yes,4,-8100
2025-05-19T16:07:32.837175,KXBTCD-25MAY1920-T105749.99,DELTA,52,14,57,1000,250,yes,6,5400
2025-05-19T16:07:32.918622,KXBTCD-25MAY1920-T105749.99,DELTA,52,14,57,1000,251,yes,5,-20000
2025-05-19T16:07:32.936355,KXBTCD-25MAY1920-T105749.99,DELTA,52,14,57,1000,252,yes,7,20000
2025-05-19T16:07:33.136585,KXBTCD-25MAY1920-T105749.99,DELTA,52,14,57,1000,253,yes,51,-1000
2025-05-19T16:07:33.136866,KXBTCD-25MAY1920-T105749.99,DELTA,52,14,57,1000,254,no,38,-1585
2025-05-19T16:07:33.176756,KXBTCD-25MAY1920-T105749.99,DELTA,52,14,57,1000,255,no,39,1585
2025-05-19T16:07:33.177211,KXBTCD-25MAY1920-T105749.99,DELTA,52,14,57,1000,256,yes,50,1000
2025-05-19T16:07:33.221932,KXBTCD-25MAY1920-T105749.99,DELTA,52,14,57,1000,257,no,39,-2000
2025-05-19T16:07:33.222569,KXBTCD-25MAY1920-T105749.99,DELTA,52,14,57,1000,258,no,39,-1250
2025-05-19T16:07:33.256745,KXBTCD-25MAY1920-T105749.99,DELTA,52,14,57,1000,259,no,40,2000
2025-05-19T16:07:33.257268,KXBTCD-25MAY1920-T105749.99,DELTA,52,14,57,1000,260,no,39,1250
2025-05-19T16:07:33.377006,KXBTCD-25MAY1920-T105749.99,DELTA,52,14,56,100,261,no,44,100
2025-05-19T16:07:33.436699,KXBTCD-25MAY1920-T105749.99,DELTA,52,14,56,100,262,no,43,-1000
2025-05-19T16:07:33.495353,KXBTCD-25MAY1920-T105749.99,DELTA,52,14,56,1100,263,no,44,1000
2025-05-19T16:07:33.915564,KXBTCD-25MAY1920-T105749.99,DELTA,52,14,56,1000,264,no,44,-100
2025-05-19T16:07:33.977525,KXBTCD-25MAY1920-T105749.99,DELTA,52,14,58,80,265,no,44,-1000
2025-05-19T16:07:34.015775,KXBTCD-25MAY1920-T105749.99,DELTA,52,14,57,1000,266,no,43,1000
2025-05-19T16:07:34.735892,KXBTCD-25MAY1920-T105749.99,DELTA,52,14,57,999,267,no,43,-1
2025-05-19T16:07:36.677033,KXBTCD-25MAY1920-T105749.99,DELTA,52,14,57,999,268,yes,6,-5400
2025-05-19T16:07:36.677809,KXBTCD-25MAY1920-T105749.99,DELTA,52,14,57,999,269,yes,8,4050
2025-05-19T16:07:36.735702,KXBTCD-25MAY1920-T105749.99,DELTA,52,14,57,999,270,yes,7,-20000
2025-05-19T16:07:36.775457,KXBTCD-25MAY1920-T105749.99,DELTA,52,14,57,999,271,yes,9,20000
2025-05-19T16:07:36.795571,KXBTCD-25MAY1920-T105749.99,DELTA,52,14,56,100,272,no,44,100
2025-05-19T16:07:36.856056,KXBTCD-25MAY1920-T105749.99,DELTA,52,14,56,100,273,no,43,-999
2025-05-19T16:07:36.895639,KXBTCD-25MAY1920-T105749.99,DELTA,52,14,56,1100,274,no,44,1000
2025-05-19T16:07:37.355771,KXBTCD-25MAY1920-T105749.99,DELTA,52,14,56,1000,275,no,44,-100
2025-05-19T16:07:37.416194,KXBTCD-25MAY1920-T105749.99,DELTA,52,14,58,80,276,no,44,-1000
2025-05-19T16:07:37.455280,KXBTCD-25MAY1920-T105749.99,DELTA,52,14,57,1000,277,no,43,1000
2025-05-19T16:07:37.782346,KXBTCD-25MAY1920-T105749.99,DELTA,52,14,57,1000,278,yes,8,-4050
2025-05-19T16:07:37.783359,KXBTCD-25MAY1920-T105749.99,DELTA,52,14,57,1000,279,yes,10,3240
2025-05-19T16:07:37.846472,KXBTCD-25MAY1920-T105749.99,DELTA,52,14,57,1000,280,yes,9,-20000
2025-05-19T16:07:37.907594,KXBTCD-25MAY1920-T105749.99,DELTA,52,14,57,1000,281,yes,11,20000
2025-05-19T16:07:38.177186,KXBTCD-25MAY1920-T105749.99,DELTA,52,14,57,1000,282,yes,48,-2000
2025-05-19T16:07:38.195039,KXBTCD-25MAY1920-T105749.99,DELTA,52,14,57,1000,283,yes,50,-1000
2025-05-19T16:07:38.195380,KXBTCD-25MAY1920-T105749.99,DELTA,52,14,57,1000,284,yes,46,-1250
2025-05-19T16:07:38.215853,KXBTCD-25MAY1920-T105749.99,DELTA,52,14,57,1000,285,no,39,-1250
2025-05-19T16:07:38.275200,KXBTCD-25MAY1920-T105749.99,DELTA,52,14,57,1000,286,yes,47,2000
2025-05-19T16:07:38.275487,KXBTCD-25MAY1920-T105749.99,DELTA,52,14,57,1000,287,yes,49,1000
2025-05-19T16:07:38.275870,KXBTCD-25MAY1920-T105749.99,DELTA,52,14,57,1000,288,yes,45,1250
2025-05-19T16:07:38.276059,KXBTCD-25MAY1920-T105749.99,DELTA,52,14,57,1000,289,no,40,1250
2025-05-19T16:07:38.435543,KXBTCD-25MAY1920-T105749.99,DELTA,52,14,57,1000,290,no,42,100
2025-05-19T16:07:38.496183,KXBTCD-25MAY1920-T105749.99,DELTA,52,14,57,1000,291,no,40,-2000
2025-05-19T16:07:38.535567,KXBTCD-25MAY1920-T105749.99,DELTA,52,14,57,1000,292,no,42,2000
2025-05-19T16:07:38.888432,KXBTCD-25MAY1920-T105749.99,DELTA,52,14,57,1000,293,yes,10,-3240
2025-05-19T16:07:38.888856,KXBTCD-25MAY1920-T105749.99,DELTA,52,14,57,1000,294,yes,12,2700
2025-05-19T16:07:38.951672,KXBTCD-25MAY1920-T105749.99,DELTA,52,14,57,1000,295,yes,11,-20000
2025-05-19T16:07:39.909516,KXBTCD-25MAY1920-T105749.99,DELTA,52,14,57,1000,296,yes,49,-1000
2025-05-19T16:07:39.946419,KXBTCD-25MAY1920-T105749.99,DELTA,52,14,57,1000,297,yes,50,1000
2025-05-19T16:07:39.993993,KXBTCD-25MAY1920-T105749.99,DELTA,52,14,57,1000,298,yes,12,-2700
2025-05-19T16:07:39.994373,KXBTCD-25MAY1920-T105749.99,DELTA,52,14,57,1000,299,yes,4,8100
2025-05-19T16:07:40.046192,KXBTCD-25MAY1920-T105749.99,DELTA,52,14,57,1000,300,yes,5,20000
2025-05-19T16:07:40.811028,KXBTCD-25MAY1920-T105749.99,DELTA,52,14,57,1000,301,yes,47,-2000
2025-05-19T16:07:40.811670,KXBTCD-25MAY1920-T105749.99,DELTA,52,14,57,1000,302,yes,45,-1250
2025-05-19T16:07:40.823034,KXBTCD-25MAY1920-T105749.99,DELTA,52,14,57,1000,303,no,42,-2000
2025-05-19T16:07:40.823709,KXBTCD-25MAY1920-T105749.99,DELTA,52,14,57,1000,304,no,40,-1250
2025-05-19T16:07:40.883181,KXBTCD-25MAY1920-T105749.99,DELTA,52,14,57,1000,305,no,39,1250
2025-05-19T16:07:40.883879,KXBTCD-25MAY1920-T105749.99,DELTA,52,14,57,1000,306,no,40,2000
2025-05-19T16:07:40.884425,KXBTCD-25MAY1920-T105749.99,DELTA,52,14,57,1000,307,yes,48,2000
2025-05-19T16:07:40.884631,KXBTCD-25MAY1920-T105749.99,DELTA,52,14,57,1000,308,yes,46,1250
2025-05-19T16:07:41.130098,KXBTCD-25MAY1920-T105749.99,DELTA,52,14,57,1000,309,yes,4,-8100
2025-05-19T16:07:41.130537,KXBTCD-25MAY1920-T105749.99,DELTA,52,14,57,1000,310,yes,6,5400
2025-05-19T16:07:41.165379,KXBTCD-25MAY1920-T105749.99,DELTA,52,14,57,1000,311,no,39,-1585
2025-05-19T16:07:41.189909,KXBTCD-25MAY1920-T105749.99,DELTA,52,14,57,1000,312,yes,5,-20000
2025-05-19T16:07:41.201469,KXBTCD-25MAY1920-T105749.99,DELTA,52,14,57,1000,313,no,38,1585
2025-05-19T16:07:41.246245,KXBTCD-25MAY1920-T105749.99,DELTA,52,14,57,1000,314,yes,7,20000
2025-05-19T16:07:41.246482,KXBTCD-25MAY1920-T105749.99,DELTA,52,14,57,1000,315,no,40,-2000
2025-05-19T16:07:41.246569,KXBTCD-25MAY1920-T105749.99,DELTA,52,14,57,1000,316,no,39,-1250
2025-05-19T16:07:41.332331,KXBTCD-25MAY1920-T105749.99,DELTA,52,14,57,1000,317,no,39,2000
2025-05-19T16:07:41.332514,KXBTCD-25MAY1920-T105749.99,DELTA,52,14,57,1000,318,no,39,1250
2025-05-19T16:07:41.604974,KXBTCD-25MAY1920-T105749.99,DELTA,50,1250,57,1000,319,yes,52,-14
2025-05-19T16:07:41.723765,KXBTCD-25MAY1920-T105749.99,DELTA,50,1250,57,1000,320,no,41,-14
2025-05-19T16:07:41.724572,KXBTCD-25MAY1920-T105749.99,DELTA,50,1250,57,1000,321,yes,47,14
2025-05-19T16:07:41.725080,KXBTCD-25MAY1920-T105749.99,DELTA,50,1250,56,14,322,no,44,14
2025-05-19T16:07:44.317017,KXBTCD-25MAY1920-T105749.99,DELTA,50,1250,56,34,323,no,44,20
2025-05-19T16:07:44.376573,KXBTCD-25MAY1920-T105749.99,DELTA,50,1250,56,34,324,no,43,-1000
2025-05-19T16:07:44.436746,KXBTCD-25MAY1920-T105749.99,DELTA,50,1250,56,1034,325,no,44,1000
2025-05-19T16:07:45.415567,KXBTCD-25MAY1920-T105749.99,DELTA,50,1250,56,1034,326,no,42,-100
2025-05-19T16:07:46.617451,KXBTCD-25MAY1920-T105749.99,DELTA,50,1250,56,1034,327,yes,6,-5400
2025-05-19T16:07:46.618452,KXBTCD-25MAY1920-T105749.99,DELTA,50,1250,56,1034,328,yes,8,4050
2025-05-19T16:07:46.677485,KXBTCD-25MAY1920-T105749.99,DELTA,50,1250,56,1034,329,yes,7,-20000
2025-05-19T16:07:46.716520,KXBTCD-25MAY1920-T105749.99,DELTA,50,1250,56,1034,330,yes,9,20000
2025-05-19T16:07:47.357725,KXBTCD-25MAY1920-T105749.99,DELTA,50,1250,56,1134,331,no,44,100
2025-05-19T16:07:47.796259,KXBTCD-25MAY1920-T105749.99,DELTA,50,1250,56,1134,332,no,38,-1585
2025-05-19T16:07:47.815878,KXBTCD-25MAY1920-T105749.99,DELTA,50,1250,56,1134,333,no,39,1585
2025-05-19T16:07:47.895544,KXBTCD-25MAY1920-T105749.99,DELTA,50,1250,56,1134,334,no,39,-2000
2025-05-19T16:07:47.896010,KXBTCD-25MAY1920-T105749.99,DELTA,50,1250,56,1134,335,no,39,-1250
2025-05-19T16:07:47.938014,KXBTCD-25MAY1920-T105749.99,DELTA,50,1250,56,1034,336,no,44,-100
2025-05-19T16:07:47.955701,KXBTCD-25MAY1920-T105749.99,DELTA,50,1250,56,1034,337,no,40,2000
2025-05-19T16:07:47.955844,KXBTCD-25MAY1920-T105749.99,DELTA,50,1250,56,1034,338,no,40,1250
2025-05-19T16:07:48.135915,KXBTCD-25MAY1920-T105749.99,DELTA,50,1250,56,1034,339,yes,48,-2000
2025-05-19T16:07:48.155715,KXBTCD-25MAY1920-T105749.99,DELTA,50,1250,56,1034,340,yes,46,-1250
2025-05-19T16:07:48.217093,KXBTCD-25MAY1920-T105749.99,DELTA,50,1250,56,1034,341,yes,47,2000
2025-05-19T16:07:48.217295,KXBTCD-25MAY1920-T105749.99,DELTA,50,1250,56,1034,342,yes,45,1250
2025-05-19T16:07:48.316248,KXBTCD-25MAY1920-T105749.99,DELTA,50,250,56,1034,343,yes,50,-1000
2025-05-19T16:07:48.316805,KXBTCD-25MAY1920-T105749.99,DELTA,50,250,56,34,344,no,44,-1000
2025-05-19T16:07:48.356915,KXBTCD-25MAY1920-T105749.99,DELTA,50,250,56,34,345,yes,49,1000
2025-05-19T16:07:48.375181,KXBTCD-25MAY1920-T105749.99,DELTA,50,250,55,1000,346,no,45,1000
2025-05-19T16:07:48.556685,KXBTCD-25MAY1920-T105749.99,DELTA,50,250,55,1000,347,no,39,-1585
2025-05-19T16:07:48.576743,KXBTCD-25MAY1920-T105749.99,DELTA,50,250,55,1000,348,yes,49,-1000
2025-05-19T16:07:48.594736,KXBTCD-25MAY1920-T105749.99,DELTA,50,250,55,1000,349,no,38,1585
2025-05-19T16:07:48.595219,KXBTCD-25MAY1920-T105749.99,DELTA,50,250,56,34,350,no,45,-1000
2025-05-19T16:07:48.635523,KXBTCD-25MAY1920-T105749.99,DELTA,50,250,56,34,351,no,40,-2000
2025-05-19T16:07:48.635908,KXBTCD-25MAY1920-T105749.99,DELTA,50,250,56,34,352,no,40,-1250
2025-05-19T16:07:48.636164,KXBTCD-25MAY1920-T105749.99,DELTA,50,1250,56,34,353,yes,50,1000
2025-05-19T16:07:48.636391,KXBTCD-25MAY1920-T105749.99,DELTA,50,1250,56,1034,354,no,44,1000
2025-05-19T16:07:48.654677,KXBTCD-25MAY1920-T105749.99,DELTA,50,1250,56,1034,355,yes,40,250
2025-05-19T16:07:48.655394,KXBTCD-25MAY1920-T105749.99,DELTA,50,1000,56,1034,356,yes,50,-250
2025-05-19T16:07:48.695185,KXBTCD-25MAY1920-T105749.99,DELTA,50,1000,56,1034,357,no,39,2000
2025-05-19T16:07:48.713685,KXBTCD-25MAY1920-T105749.99,DELTA,48,250,56,1034,358,yes,50,-1000
2025-05-19T16:07:48.734178,KXBTCD-25MAY1920-T105749.99,DELTA,48,250,56,1034,359,no,39,1250
2025-05-19T16:07:48.754328,KXBTCD-25MAY1920-T105749.99,DELTA,49,1000,56,1034,360,yes,49,1000
2025-05-19T16:07:48.816280,KXBTCD-25MAY1920-T105749.99,DELTA,50,250,56,1034,361,yes,50,250
2025-05-19T16:07:48.836127,KXBTCD-25MAY1920-T105749.99,DELTA,50,250,56,1034,362,yes,40,-250
2025-05-19T16:07:48.895622,KXBTCD-25MAY1920-T105749.99,DELTA,50,250,56,1034,363,yes,49,-1000
2025-05-19T16:07:48.936570,KXBTCD-25MAY1920-T105749.99,DELTA,50,1250,56,1034,364,yes,50,1000
2025-05-19T16:07:49.056897,KXBTCD-25MAY1920-T105749.99,DELTA,50,1250,56,1034,365,yes,47,-2000
2025-05-19T16:07:49.077326,KXBTCD-25MAY1920-T105749.99,DELTA,50,1250,56,1034,366,yes,45,-1250
2025-05-19T16:07:49.116382,KXBTCD-25MAY1920-T105749.99,DELTA,50,1250,56,1034,367,yes,48,2000
2025-05-19T16:07:49.137513,KXBTCD-25MAY1920-T105749.99,DELTA,50,1250,56,1034,368,yes,46,1250
2025-05-19T16:07:50.435150,KXBTCD-25MAY1920-T105749.99,DELTA,50,1250,56,1034,369,yes,8,-4050
2025-05-19T16:07:50.435388,KXBTCD-25MAY1920-T105749.99,DELTA,50,1250,56,1034,370,yes,10,3240
2025-05-19T16:07:50.495157,KXBTCD-25MAY1920-T105749.99,DELTA,50,1250,56,1034,371,yes,9,-20000
2025-05-19T16:07:50.536399,KXBTCD-25MAY1920-T105749.99,DELTA,50,1250,56,1034,372,yes,11,20000
2025-05-19T16:07:51.252142,KXBTCD-25MAY1920-T105749.99,DELTA,50,1250,56,1134,373,no,44,100
2025-05-19T16:07:51.536660,KXBTCD-25MAY1920-T105749.99,DELTA,50,1250,56,1134,374,yes,10,-3240
2025-05-19T16:07:51.537723,KXBTCD-25MAY1920-T105749.99,DELTA,50,1250,56,1134,375,yes,12,2700
2025-05-19T16:07:51.595606,KXBTCD-25MAY1920-T105749.99,DELTA,50,1250,56,1134,376,yes,11,-20000
2025-05-19T16:07:52.655990,KXBTCD-25MAY1920-T105749.99,DELTA,50,1250,56,1134,377,yes,12,-2700
2025-05-19T16:07:52.656401,KXBTCD-25MAY1920-T105749.99,DELTA,50,1250,56,1134,378,yes,4,8100
2025-05-19T16:07:52.736420,KXBTCD-25MAY1920-T105749.99,DELTA,50,1250,56,1134,379,yes,5,20000
2025-05-19T16:07:52.756136,KXBTCD-25MAY1920-T105749.99,DELTA,50,1250,56,1034,380,no,44,-100
2025-05-19T16:07:53.155507,KXBTCD-25MAY1920-T105749.99,DELTA,52,250,56,1034,381,yes,52,250
2025-05-19T16:07:53.155659,KXBTCD-25MAY1920-T105749.99,DELTA,52,250,56,1034,382,yes,50,-1000
2025-05-19T16:07:53.175828,KXBTCD-25MAY1920-T105749.99,DELTA,52,250,56,34,383,no,44,-1000
2025-05-19T16:07:53.175941,KXBTCD-25MAY1920-T105749.99,DELTA,52,250,56,34,384,yes,42,-250
2025-05-19T16:07:53.195140,KXBTCD-25MAY1920-T105749.99,DELTA,50,250,56,34,385,yes,52,-250
2025-05-19T16:07:53.236308,KXBTCD-25MAY1920-T105749.99,DELTA,50,250,56,34,386,no,43,1000
2025-05-19T16:07:53.236433,KXBTCD-25MAY1920-T105749.99,DELTA,51,1000,56,34,387,yes,51,1000
2025-05-19T16:07:53.295886,KXBTCD-25MAY1920-T105749.99,DELTA,52,250,56,34,388,yes,52,250
2025-05-19T16:07:53.455931,KXBTCD-25MAY1920-T105749.99,DELTA,52,250,56,20,389,no,44,-14
2025-05-19T16:07:53.456489,KXBTCD-25MAY1920-T105749.99,DELTA,52,250,57,1000,390,no,44,-20
2025-05-19T16:07:53.456819,KXBTCD-25MAY1920-T105749.99,DELTA,52,250,57,954,391,no,43,-46
2025-05-19T16:07:53.515633,KXBTCD-25MAY1920-T105749.99,DELTA,52,250,57,954,392,yes,51,14
2025-05-19T16:07:53.516354,KXBTCD-25MAY1920-T105749.99,DELTA,52,250,57,954,393,yes,47,-14
2025-05-19T16:07:53.536744,KXBTCD-25MAY1920-T105749.99,DELTA,52,250,57,954,394,no,41,14
2025-05-19T16:07:53.875561,KXBTCD-25MAY1920-T105749.99,DELTA,52,250,57,954,395,yes,4,-8100
2025-05-19T16:07:53.876011,KXBTCD-25MAY1920-T105749.99,DELTA,52,250,57,954,396,yes,6,5400
2025-05-19T16:07:53.942033,KXBTCD-25MAY1920-T105749.99,DELTA,52,250,57,954,397,yes,5,-20000
2025-05-19T16:07:53.975618,KXBTCD-25MAY1920-T105749.99,DELTA,52,250,57,954,398,yes,7,20000
2025-05-19T16:07:54.138050,KXBTCD-25MAY1920-T105749.99,DELTA,52,250,56,100,399,no,44,100
2025-05-19T16:07:54.296352,KXBTCD-25MAY1920-T105749.99,DELTA,52,250,56,100,400,yes,51,-1000
2025-05-19T16:07:54.320626,KXBTCD-25MAY1920-T105749.99,DELTA,52,250,56,100,401,no,43,-954
2025-05-19T16:07:54.357151,KXBTCD-25MAY1920-T105749.99,DELTA,52,250,56,1100,402,no,44,1000
2025-05-19T16:07:54.375966,KXBTCD-25MAY1920-T105749.99,DELTA,52,250,56,1100,403,yes,50,1000
2025-05-19T16:07:55.028587,KXBTCD-25MAY1920-T105749.99,DELTA,52,250,56,1100,404,yes,6,-5400
2025-05-19T16:07:55.028893,KXBTCD-25MAY1920-T105749.99,DELTA,52,250,56,1100,405,yes,8,4050
2025-05-19T16:07:55.100642,KXBTCD-25MAY1920-T105749.99,DELTA,52,250,56,1100,406,yes,7,-20000
2025-05-19T16:07:55.143029,KXBTCD-25MAY1920-T105749.99,DELTA,52,250,56,1100,407,yes,9,20000
2025-05-19T16:07:55.324082,KXBTCD-25MAY1920-T105749.99,DELTA,52,250,56,1000,408,no,44,-100
2025-05-19T16:07:55.386243,KXBTCD-25MAY1920-T105749.99,DELTA,52,250,58,80,409,no,44,-1000
2025-05-19T16:07:55.423113,KXBTCD-25MAY1920-T105749.99,DELTA,51,14,58,80,410,yes,52,-250
2025-05-19T16:07:55.447276,KXBTCD-25MAY1920-T105749.99,DELTA,51,14,57,1000,411,no,43,1000
2025-05-19T16:07:55.543292,KXBTCD-25MAY1920-T105749.99,DELTA,51,14,57,1000,412,yes,42,250
2025-05-19T16:07:56.923203,KXBTCD-25MAY1920-T105749.99,DELTA,51,14,56,100,413,no,44,100
2025-05-19T16:07:56.984231,KXBTCD-25MAY1920-T105749.99,DELTA,51,14,56,100,414,no,43,-1000
2025-05-19T16:07:57.032619,KXBTCD-25MAY1920-T105749.99,DELTA,51,14,56,1100,415,no,44,1000
2025-05-19T16:07:57.442261,KXBTCD-25MAY1920-T105749.99,DELTA,51,14,56,1000,416,no,44,-100
2025-05-19T16:07:57.531175,KXBTCD-25MAY1920-T105749.99,DELTA,51,14,58,80,417,no,44,-1000
2025-05-19T16:07:57.568159,KXBTCD-25MAY1920-T105749.99,DELTA,51,14,57,1000,418,no,43,1000
2025-05-19T16:07:58.026213,KXBTCD-25MAY1920-T105749.99,DELTA,51,14,57,1000,419,yes,50,-1000
2025-05-19T16:07:58.026467,KXBTCD-25MAY1920-T105749.99,DELTA,51,1014,57,1000,420,yes,51,1000
2025-05-19T16:07:58.815872,KXBTCD-25MAY1920-T105749.99,DELTA,51,1014,57,1000,421,yes,48,-2000
2025-05-19T16:07:58.816858,KXBTCD-25MAY1920-T105749.99,DELTA,51,1014,57,1000,422,yes,46,-1250
2025-05-19T16:07:58.817184,KXBTCD-25MAY1920-T105749.99,DELTA,51,1014,57,1000,423,no,39,-1250
2025-05-19T16:07:58.817457,KXBTCD-25MAY1920-T105749.99,DELTA,51,1014,57,1000,424,no,42,-50
2025-05-19T16:07:58.817687,KXBTCD-25MAY1920-T105749.99,DELTA,51,1014,57,1000,425,no,41,50
2025-05-19T16:07:58.825738,KXBTCD-25MAY1920-T105749.99,DELTA,51,1014,58,30,426,no,43,-1000
2025-05-19T16:07:58.826115,KXBTCD-25MAY1920-T105749.99,DELTA,51,1014,58,30,427,yes,47,1250
2025-05-19T16:07:58.826409,KXBTCD-25MAY1920-T105749.99,DELTA,51,1014,58,30,428,no,38,1250
2025-05-19T16:07:58.826641,KXBTCD-25MAY1920-T105749.99,DELTA,51,1014,58,30,429,yes,49,2000
2025-05-19T16:07:58.861956,KXBTCD-25MAY1920-T105749.99,DELTA,51,1014,58,1030,430,no,42,1000
2025-05-19T16:07:59.193165,KXBTCD-25MAY1920-T105749.99,DELTA,52,250,58,1030,431,yes,52,250
2025-05-19T16:07:59.193592,KXBTCD-25MAY1920-T105749.99,DELTA,52,250,58,1030,432,yes,42,-250
2025-05-19T16:07:59.231661,KXBTCD-25MAY1920-T105749.99,DELTA,52,250,58,1030,433,yes,51,-1000
2025-05-19T16:07:59.284068,KXBTCD-25MAY1920-T105749.99,DELTA,52,1250,58,1030,434,yes,52,1000
2025-05-19T16:07:59.465981,KXBTCD-25MAY1920-T105749.99,DELTA,52,1000,58,1030,435,yes,52,-250
2025-05-19T16:07:59.467147,KXBTCD-25MAY1920-T105749.99,DELTA,52,1000,58,1030,436,yes,42,250
2025-05-19T16:07:59.509611,KXBTCD-25MAY1920-T105749.99,DELTA,51,14,58,1030,437,yes,52,-1000
2025-05-19T16:07:59.510373,KXBTCD-25MAY1920-T105749.99,DELTA,51,14,58,30,438,no,42,-1000
2025-05-19T16:07:59.544071,KXBTCD-25MAY1920-T105749.99,DELTA,51,14,57,1000,439,no,43,1000
2025-05-19T16:07:59.544663,KXBTCD-25MAY1920-T105749.99,DELTA,51,1014,57,1000,440,yes,51,1000
2025-05-19T16:08:00.047583,KXBTCD-25MAY1920-T105749.99,DELTA,51,1014,57,1000,441,yes,49,-2000
2025-05-19T16:08:00.047854,KXBTCD-25MAY1920-T105749.99,DELTA,51,1014,57,1000,442,yes,47,-1250
2025-05-19T16:08:00.064937,KXBTCD-25MAY1920-T105749.99,DELTA,51,1014,57,1000,443,no,38,-1250
2025-05-19T16:08:00.065127,KXBTCD-25MAY1920-T105749.99,DELTA,51,1014,57,1000,444,no,41,-50
2025-05-19T16:08:00.065259,KXBTCD-25MAY1920-T105749.99,DELTA,51,1014,57,1000,445,no,42,50
2025-05-19T16:08:00.112204,KXBTCD-25MAY1920-T105749.99,DELTA,51,14,57,1000,446,yes,51,-1000
2025-05-19T16:08:00.124556,KXBTCD-25MAY1920-T105749.99,DELTA,51,14,57,1000,447,yes,45,1250
2025-05-19T16:08:00.124853,KXBTCD-25MAY1920-T105749.99,DELTA,51,14,57,1000,448,yes,47,2000
2025-05-19T16:08:00.125061,KXBTCD-25MAY1920-T105749.99,DELTA,51,14,57,1000,449,no,39,1250
2025-05-19T16:08:00.165100,KXBTCD-25MAY1920-T105749.99,DELTA,51,14,57,1000,450,yes,50,1000
2025-05-19T16:08:00.242189,KXBTCD-25MAY1920-T105749.99,DELTA,51,14,57,1000,451,no,42,-50
2025-05-19T16:08:00.242487,KXBTCD-25MAY1920-T105749.99,DELTA,51,14,56,50,452,no,44,50
2025-05-19T16:08:00.331916,KXBTCD-25MAY1920-T105749.99,DELTA,51,14,56,50,453,no,43,-1000
2025-05-19T16:08:00.375487,KXBTCD-25MAY1920-T105749.99,DELTA,51,14,56,1050,454,no,44,1000
2025-05-19T16:08:00.564197,KXBTCD-25MAY1920-T105749.99,DELTA,50,1250,56,1050,455,yes,51,-14
2025-05-19T16:08:00.568583,KXBTCD-25MAY1920-T105749.99,DELTA,50,1243,56,1050,456,yes,50,-7
2025-05-19T16:08:00.586076,KXBTCD-25MAY1920-T105749.99,DELTA,50,1243,56,1050,457,yes,8,-4050
2025-05-19T16:08:00.586635,KXBTCD-25MAY1920-T105749.99,DELTA,50,1243,56,1050,458,yes,10,3240
2025-05-19T16:08:00.604001,KXBTCD-25MAY1920-T105749.99,DELTA,50,1243,56,1150,459,no,44,100
2025-05-19T16:08:00.622373,KXBTCD-25MAY1920-T105749.99,DELTA,50,1243,56,1150,460,no,38,7
2025-05-19T16:08:00.623023,KXBTCD-25MAY1920-T105749.99,DELTA,50,1243,56,1150,461,yes,46,14
2025-05-19T16:08:00.623518,KXBTCD-25MAY1920-T105749.99,DELTA,50,1243,56,1150,462,no,41,-14
2025-05-19T16:08:00.646604,KXBTCD-25MAY1920-T105749.99,DELTA,50,1243,56,1164,463,no,44,14
2025-05-19T16:08:00.663710,KXBTCD-25MAY1920-T105749.99,DELTA,50,1243,56,1164,464,yes,9,-20000
2025-05-19T16:08:00.722802,KXBTCD-25MAY1920-T105749.99,DELTA,50,1243,56,1164,465,yes,11,20000
2025-05-19T16:08:00.908463,KXBTCD-25MAY1920-T105749.99,DELTA,50,1243,56,1164,466,yes,45,30
2025-05-19T16:08:00.909083,KXBTCD-25MAY1920-T105749.99,DELTA,50,1243,56,1164,467,yes,47,-30
2025-05-19T16:08:00.909501,KXBTCD-25MAY1920-T105749.99,DELTA,50,1243,56,1164,468,no,42,-30
2025-05-19T16:08:00.909802,KXBTCD-25MAY1920-T105749.99,DELTA,50,1243,56,1194,469,no,44,30
2025-05-19T16:08:01.164550,KXBTCD-25MAY1920-T105749.99,DELTA,50,1243,56,1194,470,no,38,-7
2025-05-19T16:08:01.165356,KXBTCD-25MAY1920-T105749.99,DELTA,50,1243,56,1194,471,no,38,-1585
2025-05-19T16:08:01.229608,KXBTCD-25MAY1920-T105749.99,DELTA,50,1243,56,1194,472,no,39,1592
2025-05-19T16:08:01.247214,KXBTCD-25MAY1920-T105749.99,DELTA,50,1243,56,1194,473,no,39,-2000
2025-05-19T16:08:01.247411,KXBTCD-25MAY1920-T105749.99,DELTA,50,1243,56,1194,474,no,39,-1250
2025-05-19T16:08:01.308060,KXBTCD-25MAY1920-T105749.99,DELTA,50,1243,56,1194,475,no,40,2000
2025-05-19T16:08:01.387332,KXBTCD-25MAY1920-T105749.99,DELTA,50,1243,56,1194,476,no,40,1250
2025-05-19T16:08:01.387614,KXBTCD-25MAY1920-T105749.99,DELTA,50,1243,56,1194,477,no,39,-1592
2025-05-19T16:08:01.387966,KXBTCD-25MAY1920-T105749.99,DELTA,50,1243,56,1194,478,yes,40,250
2025-05-19T16:08:01.389320,KXBTCD-25MAY1920-T105749.99,DELTA,50,1000,56,1194,479,yes,50,-243
2025-05-19T16:08:01.389461,KXBTCD-25MAY1920-T105749.99,DELTA,50,1000,56,1194,480,yes,47,-2000
2025-05-19T16:08:01.389587,KXBTCD-25MAY1920-T105749.99,DELTA,48,250,56,1194,481,yes,50,-1000
2025-05-19T16:08:01.389704,KXBTCD-25MAY1920-T105749.99,DELTA,48,250,56,194,482,no,44,-1000
2025-05-19T16:08:01.389814,KXBTCD-25MAY1920-T105749.99,DELTA,48,250,56,194,483,yes,45,-1250
2025-05-19T16:08:01.389920,KXBTCD-25MAY1920-T105749.99,DELTA,48,250,56,194,484,no,41,1592
2025-05-19T16:08:01.412306,KXBTCD-25MAY1920-T105749.99,DELTA,48,250,56,194,485,yes,1,-8000
2025-05-19T16:08:01.424633,KXBTCD-25MAY1920-T105749.99,DELTA,48,250,56,194,486,no,40,-1250
2025-05-19T16:08:01.424795,KXBTCD-25MAY1920-T105749.99,DELTA,46,264,56,194,487,yes,48,-250
2025-05-19T16:08:01.451231,KXBTCD-25MAY1920-T105749.99,DELTA,46,264,56,194,488,yes,38,250
2025-05-19T16:08:01.463937,KXBTCD-25MAY1920-T105749.99,DELTA,46,264,55,1000,489,no,45,1000
2025-05-19T16:08:01.506884,KXBTCD-25MAY1920-T105749.99,DELTA,46,264,55,1000,490,yes,45,2000
2025-05-19T16:08:01.507286,KXBTCD-25MAY1920-T105749.99,DELTA,48,1000,55,1000,491,yes,48,1000
2025-05-19T16:08:01.507651,KXBTCD-25MAY1920-T105749.99,DELTA,48,1000,55,1000,492,yes,43,1250
2025-05-19T16:08:01.523389,KXBTCD-25MAY1920-T105749.99,DELTA,48,1000,55,1000,493,no,42,1250
2025-05-19T16:08:01.548099,KXBTCD-25MAY1920-T105749.99,DELTA,48,1000,55,1000,494,yes,38,-250
2025-05-19T16:08:01.578029,KXBTCD-25MAY1920-T105749.99,DELTA,48,1250,55,1000,495,yes,48,250
2025-05-19T16:08:01.589854,KXBTCD-25MAY1920-T105749.99,DELTA,48,250,55,1000,496,yes,48,-1000
2025-05-19T16:08:01.613742,KXBTCD-25MAY1920-T105749.99,DELTA,48,250,55,1000,497,no,40,-2000
2025-05-19T16:08:01.637189,KXBTCD-25MAY1920-T105749.99,DELTA,48,1250,55,1000,498,yes,48,1000
2025-05-19T16:08:01.662194,KXBTCD-25MAY1920-T105749.99,DELTA,48,1250,55,1000,499,no,44,2000
2025-05-19T16:08:01.979969,KXBTCD-25MAY1920-T105749.99,DELTA,48,1250,55,1000,500,yes,45,-2000
2025-05-19T16:08:02.003693,KXBTCD-25MAY1920-T105749.99,DELTA,48,1250,55,1000,501,yes,43,-1250
2025-05-19T16:08:02.003863,KXBTCD-25MAY1920-T105749.99,DELTA,48,1250,55,1000,502,no,44,-2000
2025-05-19T16:08:02.015510,KXBTCD-25MAY1920-T105749.99,DELTA,48,1250,55,1000,503,no,42,-1250
2025-05-19T16:08:02.027523,KXBTCD-25MAY1920-T105749.99,DELTA,48,1250,55,1000,504,no,44,-100
2025-05-19T16:08:02.126521,KXBTCD-25MAY1920-T105749.99,DELTA,48,1250,55,1000,505,no,41,1250
2025-05-19T16:08:02.126720,KXBTCD-25MAY1920-T105749.99,DELTA,48,1250,55,1000,506,yes,44,1250
2025-05-19T16:08:02.127088,KXBTCD-25MAY1920-T105749.99,DELTA,48,1250,55,1000,507,no,42,2000
2025-05-19T16:08:02.127183,KXBTCD-25MAY1920-T105749.99,DELTA,48,1250,55,1000,508,yes,46,2000
2025-05-19T16:08:02.187044,KXBTCD-25MAY1920-T105749.99,DELTA,48,1250,55,1000,509,no,26,-250
2025-05-19T16:08:02.222568,KXBTCD-25MAY1920-T105749.99,DELTA,48,1250,55,1000,510,no,36,250
2025-05-19T16:08:02.953966,KXBTCD-25MAY1920-T105749.99,DELTA,48,1250,55,1000,511,yes,46,-2000
2025-05-19T16:08:02.965676,KXBTCD-25MAY1920-T105749.99,DELTA,48,1250,55,1000,512,yes,44,-1250
2025-05-19T16:08:02.966184,KXBTCD-25MAY1920-T105749.99,DELTA,48,1250,55,1000,513,no,41,-1250
2025-05-19T16:08:03.031300,KXBTCD-25MAY1920-T105749.99,DELTA,48,1250,55,1000,514,no,42,1250
2025-05-19T16:08:03.031538,KXBTCD-25MAY1920-T105749.99,DELTA,48,1250,55,1000,515,yes,45,2000
2025-05-19T16:08:03.031646,KXBTCD-25MAY1920-T105749.99,DELTA,48,1250,55,1000,516,yes,43,1250
2025-05-19T16:08:03.154841,KXBTCD-25MAY1920-T105749.99,DELTA,48,1250,55,1000,517,no,41,-1592
2025-05-19T16:08:03.185175,KXBTCD-25MAY1920-T105749.99,DELTA,48,1250,55,1000,518,no,40,1592
2025-05-19T16:08:03.203415,KXBTCD-25MAY1920-T105749.99,DELTA,48,1250,55,1000,519,no,42,-2000
2025-05-19T16:08:03.228097,KXBTCD-25MAY1920-T105749.99,DELTA,48,1250,55,1000,520,no,42,-1250
2025-05-19T16:08:03.228602,KXBTCD-25MAY1920-T105749.99,DELTA,51,20,55,1000,521,yes,51,20
2025-05-19T16:08:03.265263,KXBTCD-25MAY1920-T105749.99,DELTA,51,20,55,1000,522,no,41,1250
2025-05-19T16:08:03.265945,KXBTCD-25MAY1920-T105749.99,DELTA,51,20,55,1000,523,no,41,2000
2025-05-19T16:08:03.708691,KXBTCD-25MAY1920-T105749.99,DELTA,51,20,55,1100,524,no,45,100
2025-05-19T16:08:03.766815,KXBTCD-25MAY1920-T105749.99,DELTA,51,20,55,100,525,no,45,-1000
2025-05-19T16:08:03.805292,KXBTCD-25MAY1920-T105749.99,DELTA,51,20,54,1000,526,no,46,1000
2025-05-19T16:08:04.414531,KXBTCD-25MAY1920-T105749.99,DELTA,51,20,54,1000,527,no,45,-100
2025-05-19T16:08:04.464517,KXBTCD-25MAY1920-T105749.99,DELTA,51,20,56,94,528,no,46,-1000
2025-05-19T16:08:04.507581,KXBTCD-25MAY1920-T105749.99,DELTA,51,20,56,94,529,yes,10,-3240
2025-05-19T16:08:04.508084,KXBTCD-25MAY1920-T105749.99,DELTA,51,20,56,94,530,yes,12,2700
2025-05-19T16:08:04.534039,KXBTCD-25MAY1920-T105749.99,DELTA,51,20,55,1000,531,no,45,1000
2025-05-19T16:08:04.576417,KXBTCD-25MAY1920-T105749.99,DELTA,51,20,55,1000,532,yes,11,-20000
2025-05-19T16:08:04.870148,KXBTCD-25MAY1920-T105749.99,DELTA,51,20,55,1000,533,yes,45,-2000
2025-05-19T16:08:04.885696,KXBTCD-25MAY1920-T105749.99,DELTA,51,20,55,1000,534,yes,43,-1250
2025-05-19T16:08:04.983252,KXBTCD-25MAY1920-T105749.99,DELTA,51,20,55,1000,535,yes,46,2000
2025-05-19T16:08:04.984311,KXBTCD-25MAY1920-T105749.99,DELTA,51,20,55,1000,536,yes,44,1250
2025-05-19T16:08:05.503208,KXBTCD-25MAY1920-T105749.99,DELTA,51,20,55,1000,537,yes,12,-2700
2025-05-19T16:08:05.503730,KXBTCD-25MAY1920-T105749.99,DELTA,51,20,55,1000,538,yes,4,8100
2025-05-19T16:08:05.562824,KXBTCD-25MAY1920-T105749.99,DELTA,51,20,55,1000,539,yes,5,20000
2025-05-19T16:08:06.063025,KXBTCD-25MAY1920-T105749.99,DELTA,51,20,55,1000,540,yes,1,8000
2025-05-19T16:08:06.063380,KXBTCD-25MAY1920-T105749.99,DELTA,51,20,55,1000,541,yes,48,-1000
2025-05-19T16:08:06.133556,KXBTCD-25MAY1920-T105749.99,DELTA,51,20,55,1000,542,yes,49,1000
2025-05-19T16:08:06.506382,KXBTCD-25MAY1920-T105749.99,DELTA,51,20,55,1000,543,yes,4,-8100
2025-05-19T16:08:06.506852,KXBTCD-25MAY1920-T105749.99,DELTA,51,20,55,1000,544,yes,6,5400
2025-05-19T16:08:06.563167,KXBTCD-25MAY1920-T105749.99,DELTA,51,20,55,1000,545,yes,5,-20000
2025-05-19T16:08:06.626171,KXBTCD-25MAY1920-T105749.99,DELTA,51,20,55,1000,546,yes,7,20000
2025-05-19T16:08:06.988201,KXBTCD-25MAY1920-T105749.99,DELTA,51,20,55,1000,547,no,40,-1592
2025-05-19T16:08:06.988376,KXBTCD-25MAY1920-T105749.99,DELTA,51,20,55,1000,548,no,26,250
2025-05-19T16:08:07.004400,KXBTCD-25MAY1920-T105749.99,DELTA,51,20,55,1000,549,no,36,-250
2025-05-19T16:08:07.027735,KXBTCD-25MAY1920-T105749.99,DELTA,51,20,55,1000,550,no,39,1592
2025-05-19T16:08:07.062718,KXBTCD-25MAY1920-T105749.99,DELTA,51,20,55,1000,551,yes,46,-2000
2025-05-19T16:08:07.062834,KXBTCD-25MAY1920-T105749.99,DELTA,51,20,55,1000,552,yes,44,-1250
2025-05-19T16:08:07.094877,KXBTCD-25MAY1920-T105749.99,DELTA,51,20,55,1000,553,no,41,-2000
2025-05-19T16:08:07.095023,KXBTCD-25MAY1920-T105749.99,DELTA,51,20,56,94,554,no,45,-1000
2025-05-19T16:08:07.095133,KXBTCD-25MAY1920-T105749.99,DELTA,51,20,56,94,555,no,41,-1250
2025-05-19T16:08:07.123316,KXBTCD-25MAY1920-T105749.99,DELTA,51,20,56,94,556,no,40,2000
2025-05-19T16:08:07.146700,KXBTCD-25MAY1920-T105749.99,DELTA,51,20,56,94,557,yes,45,1250
2025-05-19T16:08:07.146864,KXBTCD-25MAY1920-T105749.99,DELTA,51,20,56,1094,558,no,44,1000
2025-05-19T16:08:07.146983,KXBTCD-25MAY1920-T105749.99,DELTA,51,20,56,1094,559,no,40,1250
2025-05-19T16:08:07.147092,KXBTCD-25MAY1920-T105749.99,DELTA,51,20,56,1094,560,yes,47,2000
2025-05-19T16:08:07.164131,KXBTCD-25MAY1920-T105749.99,DELTA,51,20,56,1094,561,yes,50,250
2025-05-19T16:08:07.202078,KXBTCD-25MAY1920-T105749.99,DELTA,51,20,56,1094,562,yes,40,-250
2025-05-19T16:08:07.244007,KXBTCD-25MAY1920-T105749.99,DELTA,51,20,56,1094,563,yes,49,-1000
2025-05-19T16:08:07.303503,KXBTCD-25MAY1920-T105749.99,DELTA,51,20,56,1094,564,yes,50,1000
2025-05-19T16:08:07.577116,KXBTCD-25MAY1920-T105749.99,DELTA,51,20,56,1044,565,no,44,-50
2025-05-19T16:08:07.577412,KXBTCD-25MAY1920-T105749.99,DELTA,51,20,56,1044,566,no,42,50
2025-05-19T16:08:07.624413,KXBTCD-25MAY1920-T105749.99,DELTA,51,20,56,1044,567,yes,6,-5400
2025-05-19T16:08:07.624814,KXBTCD-25MAY1920-T105749.99,DELTA,51,20,56,1044,568,yes,8,4050
2025-05-19T16:08:07.712598,KXBTCD-25MAY1920-T105749.99,DELTA,51,20,56,1044,569,yes,7,-20000
2025-05-19T16:08:07.752559,KXBTCD-25MAY1920-T105749.99,DELTA,51,20,56,1044,570,yes,9,20000
2025-05-19T16:08:07.766223,KXBTCD-25MAY1920-T105749.99,DELTA,51,20,56,1044,571,no,39,-1592
2025-05-19T16:08:07.813206,KXBTCD-25MAY1920-T105749.99,DELTA,51,20,56,1044,572,no,38,1592
2025-05-19T16:08:07.824763,KXBTCD-25MAY1920-T105749.99,DELTA,51,20,56,1044,573,no,40,-2000
2025-05-19T16:08:07.854367,KXBTCD-25MAY1920-T105749.99,DELTA,51,20,56,1044,574,no,40,-1250
2025-05-19T16:08:07.854962,KXBTCD-25MAY1920-T105749.99,DELTA,51,20,56,1044,575,yes,47,-2000
2025-05-19T16:08:07.866220,KXBTCD-25MAY1920-T105749.99,DELTA,51,20,56,1044,576,yes,50,-1000
2025-05-19T16:08:07.866759,KXBTCD-25MAY1920-T105749.99,DELTA,51,20,56,1044,577,yes,45,-1250
2025-05-19T16:08:07.883635,KXBTCD-25MAY1920-T105749.99,DELTA,51,20,56,44,578,no,44,-1000
2025-05-19T16:08:07.884126,KXBTCD-25MAY1920-T105749.99,DELTA,51,20,55,100,579,no,45,100
2025-05-19T16:08:07.884508,KXBTCD-25MAY1920-T105749.99,DELTA,51,20,55,100,580,no,39,2000
2025-05-19T16:08:07.914557,KXBTCD-25MAY1920-T105749.99,DELTA,51,20,55,100,581,no,39,1250
2025-05-19T16:08:07.943642,KXBTCD-25MAY1920-T105749.99,DELTA,51,20,55,100,582,no,43,1000
2025-05-19T16:08:07.944148,KXBTCD-25MAY1920-T105749.99,DELTA,51,20,55,100,583,yes,46,1250
2025-05-19T16:08:07.944581,KXBTCD-25MAY1920-T105749.99,DELTA,51,20,55,100,584,yes,50,-250
2025-05-19T16:08:07.944826,KXBTCD-25MAY1920-T105749.99,DELTA,51,20,55,100,585,yes,40,250
2025-05-19T16:08:07.945024,KXBTCD-25MAY1920-T105749.99,DELTA,51,20,55,100,586,yes,48,2000
2025-05-19T16:08:07.945219,KXBTCD-25MAY1920-T105749.99,DELTA,51,1020,55,100,587,yes,51,1000
2025-05-19T16:08:08.071506,KXBTCD-25MAY1920-T105749.99,DELTA,51,1020,55,100,588,yes,40,-250
2025-05-19T16:08:08.071759,KXBTCD-25MAY1920-T105749.99,DELTA,51,1020,55,100,589,yes,50,250
2025-05-19T16:08:08.072107,KXBTCD-25MAY1920-T105749.99,DELTA,51,20,55,100,590,yes,51,-1000
2025-05-19T16:08:08.125413,KXBTCD-25MAY1920-T105749.99,DELTA,51,20,55,100,591,yes,49,1000
2025-05-19T16:08:08.168729,KXBTCD-25MAY1920-T105749.99,DELTA,51,20,55,100,592,yes,49,-1000
2025-05-19T16:08:08.205705,KXBTCD-25MAY1920-T105749.99,DELTA,51,1020,55,100,593,yes,51,1000
2025-05-19T16:08:08.665283,KXBTCD-25MAY1920-T105749.99,DELTA,51,1020,55,100,594,yes,8,-4050
2025-05-19T16:08:08.666219,KXBTCD-25MAY1920-T105749.99,DELTA,51,1020,55,100,595,yes,10,3240
2025-05-19T16:08:08.738347,KXBTCD-25MAY1920-T105749.99,DELTA,51,1020,55,100,596,yes,9,-20000
2025-05-19T16:08:08.766299,KXBTCD-25MAY1920-T105749.99,DELTA,51,1020,56,44,597,no,45,-100
2025-05-19T16:08:08.783480,KXBTCD-25MAY1920-T105749.99,DELTA,51,1020,56,44,598,yes,11,20000
2025-05-19T16:08:10.406100,KXBTCD-25MAY1920-T105749.99,DELTA,51,1020,56,44,599,yes,48,-2000
2025-05-19T16:08:10.428557,KXBTCD-25MAY1920-T105749.99,DELTA,51,1020,56,44,600,yes,46,-1250
2025-05-19T16:08:10.482015,KXBTCD-25MAY1920-T105749.99,DELTA,51,1020,56,44,601,yes,47,1250
2025-05-19T16:08:10.507457,KXBTCD-25MAY1920-T105749.99,DELTA,51,1020,56,44,602,yes,49,2000
2025-05-19T16:08:10.881740,KXBTCD-25MAY1920-T105749.99,DELTA,51,1020,56,144,603,no,44,100
2025-05-19T16:08:11.624604,KXBTCD-25MAY1920-T105749.99,DELTA,51,1020,56,44,604,no,44,-100
2025-05-19T16:08:12.724469,KXBTCD-25MAY1920-T105749.99,DELTA,51,1020,56,44,605,no,43,-1000
2025-05-19T16:08:12.741508,KXBTCD-25MAY1920-T105749.99,DELTA,51,1020,56,44,606,no,39,-1250
2025-05-19T16:08:12.782612,KXBTCD-25MAY1920-T105749.99,DELTA,51,1020,56,44,607,no,42,1000
2025-05-19T16:08:12.820692,KXBTCD-25MAY1920-T105749.99,DELTA,51,1020,56,44,608,no,38,1250
2025-05-19T16:08:14.007983,KXBTCD-25MAY1920-T105749.99,DELTA,51,1020,56,44,609,yes,10,-3240
2025-05-19T16:08:14.008226,KXBTCD-25MAY1920-T105749.99,DELTA,51,1020,56,44,610,yes,12,2700
2025-05-19T16:08:14.119323,KXBTCD-25MAY1920-T105749.99,DELTA,51,1020,56,44,611,yes,11,-20000
2025-05-19T16:08:14.781984,KXBTCD-25MAY1920-T105749.99,DELTA,51,1020,56,144,612,no,44,100
2025-05-19T16:08:15.026866,KXBTCD-25MAY1920-T105749.99,DELTA,51,1020,56,144,613,no,42,-50
2025-05-19T16:08:15.116070,KXBTCD-25MAY1920-T105749.99,DELTA,51,1020,56,144,614,no,42,-1000
2025-05-19T16:08:15.156325,KXBTCD-25MAY1920-T105749.99,DELTA,51,1020,56,144,615,no,39,1000
2025-05-19T16:08:16.076148,KXBTCD-25MAY1920-T105749.99,DELTA,51,1020,56,144,616,no,42,50
2025-05-19T16:08:16.159352,KXBTCD-25MAY1920-T105749.99,DELTA,51,1020,56,144,617,no,39,-1000
2025-05-19T16:08:16.196094,KXBTCD-25MAY1920-T105749.99,DELTA,51,1020,56,44,618,no,44,-100
2025-05-19T16:08:16.216576,KXBTCD-25MAY1920-T105749.99,DELTA,51,1020,56,44,619,no,42,1000
2025-05-19T16:08:16.819458,KXBTCD-25MAY1920-T105749.99,DELTA,51,1020,56,44,620,no,38,-1592
2025-05-19T16:08:16.836813,KXBTCD-25MAY1920-T105749.99,DELTA,51,1020,56,44,621,yes,49,-2000
2025-05-19T16:08:16.856714,KXBTCD-25MAY1920-T105749.99,DELTA,51,1020,56,44,622,yes,47,-1250
2025-05-19T16:08:16.857400,KXBTCD-25MAY1920-T105749.99,DELTA,51,1020,56,44,623,no,42,-1000
2025-05-19T16:08:16.876458,KXBTCD-25MAY1920-T105749.99,DELTA,51,1020,56,44,624,no,38,-1250
2025-05-19T16:08:16.895870,KXBTCD-25MAY1920-T105749.99,DELTA,51,1020,56,44,625,no,39,1592
2025-05-19T16:08:16.896549,KXBTCD-25MAY1920-T105749.99,DELTA,51,1020,56,44,626,no,39,-2000
2025-05-19T16:08:17.001670,KXBTCD-25MAY1920-T105749.99,DELTA,51,1020,56,44,627,no,43,1000
2025-05-19T16:08:17.001884,KXBTCD-25MAY1920-T105749.99,DELTA,51,1020,56,44,628,no,35,1250
2025-05-19T16:08:17.002130,KXBTCD-25MAY1920-T105749.99,DELTA,51,1020,56,44,629,yes,48,2000
2025-05-19T16:08:17.002204,KXBTCD-25MAY1920-T105749.99,DELTA,51,1020,56,44,630,no,42,-50
2025-05-19T16:08:17.002271,KXBTCD-25MAY1920-T105749.99,DELTA,51,1020,56,44,631,no,43,50
2025-05-19T16:08:17.002330,KXBTCD-25MAY1920-T105749.99,DELTA,51,1020,56,44,632,yes,46,1250
2025-05-19T16:08:17.046401,KXBTCD-25MAY1920-T105749.99,DELTA,51,20,56,44,633,yes,51,-1000
2025-05-19T16:08:17.086398,KXBTCD-25MAY1920-T105749.99,DELTA,51,20,56,44,634,no,35,2000
2025-05-19T16:08:17.154261,KXBTCD-25MAY1920-T105749.99,DELTA,51,20,56,44,635,yes,48,-2000
2025-05-19T16:08:17.154660,KXBTCD-25MAY1920-T105749.99,DELTA,51,20,56,44,636,yes,46,-1250
2025-05-19T16:08:17.155393,KXBTCD-25MAY1920-T105749.99,DELTA,51,20,56,44,637,no,39,-1592
2025-05-19T16:08:17.166347,KXBTCD-25MAY1920-T105749.99,DELTA,51,20,56,44,638,yes,40,250
2025-05-19T16:08:17.193458,KXBTCD-25MAY1920-T105749.99,DELTA,51,20,56,44,639,no,26,-250
2025-05-19T16:08:17.193776,KXBTCD-25MAY1920-T105749.99,DELTA,51,20,56,44,640,no,36,250
2025-05-19T16:08:17.231266,KXBTCD-25MAY1920-T105749.99,DELTA,51,20,56,44,641,yes,49,1000
2025-05-19T16:08:17.231693,KXBTCD-25MAY1920-T105749.99,DELTA,51,20,56,44,642,yes,50,-250
2025-05-19T16:08:17.232127,KXBTCD-25MAY1920-T105749.99,DELTA,51,20,56,44,643,no,40,1592
2025-05-19T16:08:17.255292,KXBTCD-25MAY1920-T105749.99,DELTA,51,20,56,44,644,no,35,-2000
2025-05-19T16:08:17.267546,KXBTCD-25MAY1920-T105749.99,DELTA,51,20,56,44,645,no,43,-1000
2025-05-19T16:08:17.267842,KXBTCD-25MAY1920-T105749.99,DELTA,51,20,56,44,646,no,35,-1250
2025-05-19T16:08:17.333114,KXBTCD-25MAY1920-T105749.99,DELTA,51,20,56,44,647,yes,45,1250
2025-05-19T16:08:17.333993,KXBTCD-25MAY1920-T105749.99,DELTA,51,20,56,44,648,yes,47,2000
2025-05-19T16:08:17.362124,KXBTCD-25MAY1920-T105749.99,DELTA,51,20,55,1000,649,no,45,1000
2025-05-19T16:08:17.374341,KXBTCD-25MAY1920-T105749.99,DELTA,51,20,55,1000,650,no,40,1250
2025-05-19T16:08:17.375211,KXBTCD-25MAY1920-T105749.99,DELTA,51,20,55,1000,651,no,41,2000
2025-05-19T16:08:17.538411,KXBTCD-25MAY1920-T105749.99,DELTA,51,20,55,1000,652,yes,47,-2000
2025-05-19T16:08:17.544454,KXBTCD-25MAY1920-T105749.99,DELTA,51,20,55,1000,653,yes,45,-1250
2025-05-19T16:08:17.544987,KXBTCD-25MAY1920-T105749.99,DELTA,51,20,55,1000,654,no,40,-1250
2025-05-19T16:08:17.640331,KXBTCD-25MAY1920-T105749.99,DELTA,51,20,55,1000,655,yes,46,2000
2025-05-19T16:08:17.640965,KXBTCD-25MAY1920-T105749.99,DELTA,51,20,55,1000,656,no,41,1250
2025-05-19T16:08:17.641228,KXBTCD-25MAY1920-T105749.99,DELTA,51,20,55,1000,657,yes,44,1250
2025-05-19T16:08:17.896102,KXBTCD-25MAY1920-T105749.99,DELTA,51,20,55,1000,658,yes,12,-2700
2025-05-19T16:08:17.896689,KXBTCD-25MAY1920-T105749.99,DELTA,51,20,55,1000,659,yes,4,8100
2025-05-19T16:08:17.975738,KXBTCD-25MAY1920-T105749.99,DELTA,51,20,55,1000,660,yes,5,20000
2025-05-19T16:08:18.137529,KXBTCD-25MAY1920-T105749.99,DELTA,51,20,55,1000,661,no,40,-1592
2025-05-19T16:08:18.137994,KXBTCD-25MAY1920-T105749.99,DELTA,51,20,55,1000,662,no,28,-250
2025-05-19T16:08:18.176206,KXBTCD-25MAY1920-T105749.99,DELTA,51,20,55,1000,663,no,38,250
2025-05-19T16:08:18.197576,KXBTCD-25MAY1920-T105749.99,DELTA,51,20,55,1000,664,no,41,-2000
2025-05-19T16:08:18.216156,KXBTCD-25MAY1920-T105749.99,DELTA,51,20,55,1000,665,no,41,1592
2025-05-19T16:08:18.216393,KXBTCD-25MAY1920-T105749.99,DELTA,51,20,55,1000,666,no,41,-1250
2025-05-19T16:08:18.256551,KXBTCD-25MAY1920-T105749.99,DELTA,51,20,55,1000,667,no,39,2000
2025-05-19T16:08:18.257023,KXBTCD-25MAY1920-T105749.99,DELTA,51,20,55,1000,668,no,39,1250
2025-05-19T16:08:18.316545,KXBTCD-25MAY1920-T105749.99,DELTA,51,20,55,1000,669,no,39,-2000
2025-05-19T16:08:18.316812,KXBTCD-25MAY1920-T105749.99,DELTA,51,20,55,1000,670,no,39,-1250
2025-05-19T16:08:18.357710,KXBTCD-25MAY1920-T105749.99,DELTA,51,20,55,1000,671,no,42,2000
2025-05-19T16:08:18.357956,KXBTCD-25MAY1920-T105749.99,DELTA,51,20,55,1000,672,no,41,1250
2025-05-19T16:08:18.435682,KXBTCD-25MAY1920-T105749.99,DELTA,51,20,55,1000,673,no,44,100
2025-05-19T16:08:18.946464,KXBTCD-25MAY1920-T105749.99,DELTA,51,20,55,1000,674,yes,4,-8100
2025-05-19T16:08:18.947387,KXBTCD-25MAY1920-T105749.99,DELTA,51,20,55,1000,675,yes,6,5400
2025-05-19T16:08:18.986297,KXBTCD-25MAY1920-T105749.99,DELTA,51,20,55,1000,676,no,44,-100
2025-05-19T16:08:19.055591,KXBTCD-25MAY1920-T105749.99,DELTA,51,20,55,1000,677,yes,5,-20000
2025-05-19T16:08:19.106295,KXBTCD-25MAY1920-T105749.99,DELTA,49,1000,55,1000,678,yes,51,-20
2025-05-19T16:08:19.106925,KXBTCD-25MAY1920-T105749.99,DELTA,49,1000,55,1000,679,yes,48,20
2025-05-19T16:08:19.139465,KXBTCD-25MAY1920-T105749.99,DELTA,49,1000,55,1000,680,yes,7,20000
2025-05-19T16:08:19.938757,KXBTCD-25MAY1920-T105749.99,DELTA,49,1000,55,1000,681,yes,6,-5400
2025-05-19T16:08:19.939409,KXBTCD-25MAY1920-T105749.99,DELTA,49,1000,55,1000,682,yes,8,4050
2025-05-19T16:08:20.035985,KXBTCD-25MAY1920-T105749.99,DELTA,49,1000,55,1000,683,yes,7,-20000
2025-05-19T16:08:20.097204,KXBTCD-25MAY1920-T105749.99,DELTA,49,1000,55,1000,684,yes,9,20000
2025-05-19T16:08:20.260234,KXBTCD-25MAY1920-T105749.99,DELTA,49,1000,55,1100,685,no,45,100
2025-05-19T16:08:20.996195,KXBTCD-25MAY1920-T105749.99,DELTA,49,1000,55,1100,686,yes,8,-4050
2025-05-19T16:08:20.996971,KXBTCD-25MAY1920-T105749.99,DELTA,49,1000,55,1100,687,yes,10,3240
2025-05-19T16:08:21.115965,KXBTCD-25MAY1920-T105749.99,DELTA,49,1000,55,1100,688,yes,9,-20000
2025-05-19T16:08:21.176886,KXBTCD-25MAY1920-T105749.99,DELTA,49,1000,55,1100,689,no,41,-1592
2025-05-19T16:08:21.177157,KXBTCD-25MAY1920-T105749.99,DELTA,49,1000,55,1100,690,yes,11,20000
2025-05-19T16:08:21.196464,KXBTCD-25MAY1920-T105749.99,DELTA,49,1000,55,1100,691,no,40,1592
2025-05-19T16:08:21.215523,KXBTCD-25MAY1920-T105749.99,DELTA,49,1000,55,1100,692,no,42,-2000
2025-05-19T16:08:21.215650,KXBTCD-25MAY1920-T105749.99,DELTA,49,1000,55,100,693,no,45,-1000
2025-05-19T16:08:21.237989,KXBTCD-25MAY1920-T105749.99,DELTA,49,1000,55,100,694,no,41,-1250
2025-05-19T16:08:21.238216,KXBTCD-25MAY1920-T105749.99,DELTA,49,1000,55,100,695,yes,46,-2000
2025-05-19T16:08:21.238299,KXBTCD-25MAY1920-T105749.99,DELTA,49,1000,55,100,696,yes,44,-1250
2025-05-19T16:08:21.296817,KXBTCD-25MAY1920-T105749.99,DELTA,49,1000,55,100,697,yes,48,2000
2025-05-19T16:08:21.297065,KXBTCD-25MAY1920-T105749.99,DELTA,49,1000,55,100,698,yes,46,1250
2025-05-19T16:08:21.297144,KXBTCD-25MAY1920-T105749.99,DELTA,49,1000,55,100,699,no,40,1250
2025-05-19T16:08:21.297225,KXBTCD-25MAY1920-T105749.99,DELTA,49,1000,55,100,700,no,41,2000
2025-05-19T16:08:21.315581,KXBTCD-25MAY1920-T105749.99,DELTA,49,1000,55,100,701,no,44,1000
2025-05-19T16:08:21.475029,KXBTCD-25MAY1920-T105749.99,DELTA,49,1000,56,1044,702,no,45,-100
2025-05-19T16:08:21.895035,KXBTCD-25MAY1920-T105749.99,DELTA,49,1000,56,44,703,no,44,-1000
2025-05-19T16:08:21.917130,KXBTCD-25MAY1920-T105749.99,DELTA,49,1000,56,44,704,no,40,-1250
2025-05-19T16:08:21.976166,KXBTCD-25MAY1920-T105749.99,DELTA,49,1000,56,44,705,no,39,1250
2025-05-19T16:08:21.976319,KXBTCD-25MAY1920-T105749.99,DELTA,49,1000,56,44,706,no,43,1000
2025-05-19T16:08:21.997340,KXBTCD-25MAY1920-T105749.99,DELTA,49,1000,56,44,707,yes,10,-3240
2025-05-19T16:08:21.997569,KXBTCD-25MAY1920-T105749.99,DELTA,49,1000,56,44,708,yes,12,2700
2025-05-19T16:08:22.138298,KXBTCD-25MAY1920-T105749.99,DELTA,49,1000,56,44,709,yes,11,-20000
2025-05-19T16:08:22.138511,KXBTCD-25MAY1920-T105749.99,DELTA,49,1000,56,44,710,no,40,-1592
2025-05-19T16:08:22.138597,KXBTCD-25MAY1920-T105749.99,DELTA,50,250,56,44,711,yes,50,250
2025-05-19T16:08:22.176127,KXBTCD-25MAY1920-T105749.99,DELTA,50,250,56,44,712,no,38,-250
2025-05-19T16:08:22.176379,KXBTCD-25MAY1920-T105749.99,DELTA,50,250,56,44,713,no,28,250
2025-05-19T16:08:22.195489,KXBTCD-25MAY1920-T105749.99,DELTA,50,250,56,44,714,yes,40,-250
2025-05-19T16:08:22.196063,KXBTCD-25MAY1920-T105749.99,DELTA,50,250,56,44,715,no,41,-2000
2025-05-19T16:08:22.216963,KXBTCD-25MAY1920-T105749.99,DELTA,50,250,56,44,716,yes,49,-1000
2025-05-19T16:08:22.217445,KXBTCD-25MAY1920-T105749.99,DELTA,50,250,56,44,717,no,39,1592
2025-05-19T16:08:22.257497,KXBTCD-25MAY1920-T105749.99,DELTA,50,250,56,44,718,no,39,-1250
2025-05-19T16:08:22.297695,KXBTCD-25MAY1920-T105749.99,DELTA,51,1000,56,44,719,yes,51,1000
2025-05-19T16:08:22.298412,KXBTCD-25MAY1920-T105749.99,DELTA,51,1000,56,44,720,no,37,2000
2025-05-19T16:08:22.317514,KXBTCD-25MAY1920-T105749.99,DELTA,51,1000,56,44,721,no,39,1250
2025-05-19T16:08:22.376738,KXBTCD-25MAY1920-T105749.99,DELTA,51,1000,56,44,722,no,37,-2000
2025-05-19T16:08:22.416610,KXBTCD-25MAY1920-T105749.99,DELTA,51,1000,56,44,723,no,40,2000
2025-05-19T16:08:22.435685,KXBTCD-25MAY1920-T105749.99,DELTA,50,250,56,44,724,yes,51,-1000
2025-05-19T16:08:22.479505,KXBTCD-25MAY1920-T105749.99,DELTA,50,250,56,44,725,no,43,-1000
2025-05-19T16:08:22.515687,KXBTCD-25MAY1920-T105749.99,DELTA,50,1250,56,44,726,yes,50,1000
2025-05-19T16:08:22.558971,KXBTCD-25MAY1920-T105749.99,DELTA,50,1250,56,1044,727,no,44,1000
2025-05-19T16:08:22.636190,KXBTCD-25MAY1920-T105749.99,DELTA,50,1250,56,1044,728,no,39,-1592
2025-05-19T16:08:22.656818,KXBTCD-25MAY1920-T105749.99,DELTA,50,1250,56,1044,729,yes,48,-2000
2025-05-19T16:08:22.723617,KXBTCD-25MAY1920-T105749.99,DELTA,50,1250,56,1044,730,yes,46,-1250
2025-05-19T16:08:22.724116,KXBTCD-25MAY1920-T105749.99,DELTA,50,1250,56,1044,731,no,40,1592
2025-05-19T16:08:22.724399,KXBTCD-25MAY1920-T105749.99,DELTA,50,1250,56,1044,732,no,39,-1250
2025-05-19T16:08:22.724595,KXBTCD-25MAY1920-T105749.99,DELTA,50,1250,56,1044,733,no,40,-2000
2025-05-19T16:08:22.738026,KXBTCD-25MAY1920-T105749.99,DELTA,50,1250,56,1044,734,yes,47,2000
2025-05-19T16:08:22.738484,KXBTCD-25MAY1920-T105749.99,DELTA,50,1250,56,1044,735,yes,45,1250
2025-05-19T16:08:22.738720,KXBTCD-25MAY1920-T105749.99,DELTA,50,1250,56,1044,736,no,37,1250
2025-05-19T16:08:22.756087,KXBTCD-25MAY1920-T105749.99,DELTA,50,1250,56,1044,737,no,37,2000
2025-05-19T16:08:22.816375,KXBTCD-25MAY1920-T105749.99,DELTA,50,1250,56,1044,738,no,37,-2000
2025-05-19T16:08:22.816958,KXBTCD-25MAY1920-T105749.99,DELTA,50,1250,56,1044,739,no,37,-1250
2025-05-19T16:08:22.856293,KXBTCD-25MAY1920-T105749.99,DELTA,50,1250,56,1044,740,no,41,2000
2025-05-19T16:08:22.856674,KXBTCD-25MAY1920-T105749.99,DELTA,50,1250,56,1044,741,no,40,1250
2025-05-19T16:08:23.239781,KXBTCD-25MAY1920-T105749.99,DELTA,50,1250,56,1044,742,no,3,-171
2025-05-19T16:08:23.515543,KXBTCD-25MAY1920-T105749.99,DELTA,50,1250,55,100,743,no,45,100
2025-05-19T16:08:23.995513,KXBTCD-25MAY1920-T105749.99,DELTA,50,1250,56,1044,744,no,45,-100
2025-05-19T16:08:24.616193,KXBTCD-25MAY1920-T105749.99,DELTA,50,1250,56,1044,745,no,21,171
2025-05-19T16:08:25.317148,KXBTCD-25MAY1920-T105749.99,DELTA,50,1250,56,1030,746,no,44,-14
2025-05-19T16:08:25.317745,KXBTCD-25MAY1920-T105749.99,DELTA,50,1250,56,1000,747,no,44,-30
2025-05-19T16:08:25.318018,KXBTCD-25MAY1920-T105749.99,DELTA,50,1250,56,859,748,no,44,-141
2025-05-19T16:08:25.416736,KXBTCD-25MAY1920-T105749.99,DELTA,50,1250,56,859,749,yes,46,-14
2025-05-19T16:08:25.417372,KXBTCD-25MAY1920-T105749.99,DELTA,50,1264,56,859,750,yes,50,14
2025-05-19T16:08:25.417909,KXBTCD-25MAY1920-T105749.99,DELTA,50,1264,56,859,751,yes,45,-30
2025-05-19T16:08:25.418130,KXBTCD-25MAY1920-T105749.99,DELTA,50,1264,56,859,752,yes,49,30
2025-05-19T16:08:25.532988,KXBTCD-25MAY1920-T105749.99,DELTA,50,1264,56,859,753,no,41,30
2025-05-19T16:08:25.598516,KXBTCD-25MAY1920-T105749.99,DELTA,50,1264,56,859,754,no,43,14
2025-05-19T16:08:27.699678,KXBTCD-25MAY1920-T105749.99,DELTA,50,1264,56,859,755,yes,47,-2000
2025-05-19T16:08:27.715264,KXBTCD-25MAY1920-T105749.99,DELTA,50,1264,56,859,756,yes,45,-1250
2025-05-19T16:08:27.895683,KXBTCD-25MAY1920-T105749.99,DELTA,50,1264,56,859,757,no,40,-1250
2025-05-19T16:08:28.017254,KXBTCD-25MAY1920-T105749.99,DELTA,50,1244,56,859,758,yes,50,-20
2025-05-19T16:08:28.017862,KXBTCD-25MAY1920-T105749.99,DELTA,50,1244,56,859,759,yes,46,1250
2025-05-19T16:08:28.018001,KXBTCD-25MAY1920-T105749.99,DELTA,50,1244,56,859,760,yes,48,2000
2025-05-19T16:08:28.018119,KXBTCD-25MAY1920-T105749.99,DELTA,50,1244,56,859,761,no,37,1250
2025-05-19T16:08:28.196780,KXBTCD-25MAY1920-T105749.99,DELTA,50,1244,55,100,762,no,45,100
2025-05-19T16:08:28.197215,KXBTCD-25MAY1920-T105749.99,DELTA,50,1244,55,100,763,no,40,20
2025-05-19T16:08:28.397228,KXBTCD-25MAY1920-T105749.99,DELTA,50,1244,55,100,764,yes,48,-2000
2025-05-19T16:08:28.514724,KXBTCD-25MAY1920-T105749.99,DELTA,50,244,55,100,765,yes,50,-1000
2025-05-19T16:08:28.617482,KXBTCD-25MAY1920-T105749.99,DELTA,50,244,55,100,766,yes,46,-1250
2025-05-19T16:08:28.795556,KXBTCD-25MAY1920-T105749.99,DELTA,50,244,55,100,767,no,44,-859
2025-05-19T16:08:28.796803,KXBTCD-25MAY1920-T105749.99,DELTA,50,244,55,100,768,no,37,-1250
2025-05-19T16:08:28.915987,KXBTCD-25MAY1920-T105749.99,DELTA,50,244,55,100,769,yes,47,2000
2025-05-19T16:08:28.916483,KXBTCD-25MAY1920-T105749.99,DELTA,50,244,55,100,770,no,40,1250
2025-05-19T16:08:28.917058,KXBTCD-25MAY1920-T105749.99,DELTA,50,244,55,100,771,yes,45,1250
2025-05-19T16:08:28.917697,KXBTCD-25MAY1920-T105749.99,DELTA,50,244,55,1100,772,no,45,1000
2025-05-19T16:08:28.917861,KXBTCD-25MAY1920-T105749.99,DELTA,50,244,55,1100,773,yes,49,1000
2025-05-19T16:08:29.016583,KXBTCD-25MAY1920-T105749.99,DELTA,50,244,55,1000,774,no,45,-100
2025-05-19T16:08:29.196861,KXBTCD-25MAY1920-T105749.99,DELTA,50,244,57,64,775,no,45,-1000
2025-05-19T16:08:29.300934,KXBTCD-25MAY1920-T105749.99,DELTA,50,244,57,64,776,yes,12,-2700
2025-05-19T16:08:29.301201,KXBTCD-25MAY1920-T105749.99,DELTA,50,244,57,64,777,yes,4,8100
2025-05-19T16:08:29.301277,KXBTCD-25MAY1920-T105749.99,DELTA,50,244,56,1000,778,no,44,1000
2025-05-19T16:08:29.375933,KXBTCD-25MAY1920-T105749.99,DELTA,50,244,56,1000,779,yes,5,20000
2025-05-19T16:08:29.896684,KXBTCD-25MAY1920-T105749.99,DELTA,50,244,56,1000,780,yes,47,-2000
2025-05-19T16:08:29.897127,KXBTCD-25MAY1920-T105749.99,DELTA,50,244,56,1000,781,no,43,-50
2025-05-19T16:08:29.897273,KXBTCD-25MAY1920-T105749.99,DELTA,50,244,56,1050,782,no,44,50
2025-05-19T16:08:29.897362,KXBTCD-25MAY1920-T105749.99,DELTA,50,244,56,1050,783,yes,45,-1250
2025-05-19T16:08:29.916157,KXBTCD-25MAY1920-T105749.99,DELTA,50,244,56,1050,784,no,40,-1250
2025-05-19T16:08:29.976469,KXBTCD-25MAY1920-T105749.99,DELTA,50,244,56,50,785,no,44,-1000
2025-05-19T16:08:29.976819,KXBTCD-25MAY1920-T105749.99,DELTA,50,244,56,50,786,no,41,1250
2025-05-19T16:08:29.977139,KXBTCD-25MAY1920-T105749.99,DELTA,50,244,56,50,787,yes,44,1250
2025-05-19T16:08:29.977350,KXBTCD-25MAY1920-T105749.99,DELTA,50,244,56,50,788,yes,46,2000
2025-05-19T16:08:30.036793,KXBTCD-25MAY1920-T105749.99,DELTA,50,244,55,1000,789,no,45,1000
2025-05-19T16:08:30.135804,KXBTCD-25MAY1920-T105749.99,DELTA,50,244,55,1000,790,yes,40,250
2025-05-19T16:08:30.136029,KXBTCD-25MAY1920-T105749.99,DELTA,50,244,55,1000,791,no,40,-1592
2025-05-19T16:08:30.156459,KXBTCD-25MAY1920-T105749.99,DELTA,50,244,55,1000,792,no,40,-20
2025-05-19T16:08:30.156907,KXBTCD-25MAY1920-T105749.99,DELTA,50,14,55,1000,793,yes,50,-230
2025-05-19T16:08:30.175865,KXBTCD-25MAY1920-T105749.99,DELTA,50,14,55,1000,794,yes,49,-1000
2025-05-19T16:08:30.176076,KXBTCD-25MAY1920-T105749.99,DELTA,50,14,55,1000,795,yes,38,250
2025-05-19T16:08:30.176177,KXBTCD-25MAY1920-T105749.99,DELTA,50,14,55,1000,796,yes,48,-250
2025-05-19T16:08:30.176260,KXBTCD-25MAY1920-T105749.99,DELTA,50,14,55,1000,797,yes,1,-8000
2025-05-19T16:08:30.195032,KXBTCD-25MAY1920-T105749.99,DELTA,50,14,55,1000,798,no,42,1612
2025-05-19T16:08:30.216744,KXBTCD-25MAY1920-T105749.99,DELTA,50,14,55,1000,799,no,41,-2000
2025-05-19T16:08:30.217062,KXBTCD-25MAY1920-T105749.99,DELTA,50,14,55,1000,800,no,28,-250
2025-05-19T16:08:30.217149,KXBTCD-25MAY1920-T105749.99,DELTA,50,14,55,1000,801,no,38,250
2025-05-19T16:08:30.217235,KXBTCD-25MAY1920-T105749.99,DELTA,50,14,55,1000,802,no,41,-1250
2025-05-19T16:08:30.256905,KXBTCD-25MAY1920-T105749.99,DELTA,50,14,55,1000,803,yes,48,1000
2025-05-19T16:08:30.277270,KXBTCD-25MAY1920-T105749.99,DELTA,50,14,55,1000,804,no,43,2000
2025-05-19T16:08:30.277540,KXBTCD-25MAY1920-T105749.99,DELTA,50,14,55,1000,805,no,37,1250
2025-05-19T16:08:30.296551,KXBTCD-25MAY1920-T105749.99,DELTA,50,14,55,1000,806,yes,48,-1000
2025-05-19T16:08:30.356275,KXBTCD-25MAY1920-T105749.99,DELTA,50,14,55,1000,807,no,37,-1250
2025-05-19T16:08:30.377059,KXBTCD-25MAY1920-T105749.99,DELTA,50,14,55,1000,808,yes,47,1000
2025-05-19T16:08:30.395796,KXBTCD-25MAY1920-T105749.99,DELTA,50,14,55,1000,809,no,39,1250
2025-05-19T16:08:31.136701,KXBTCD-25MAY1920-T105749.99,DELTA,50,14,55,1000,810,yes,38,-250
2025-05-19T16:08:31.136988,KXBTCD-25MAY1920-T105749.99,DELTA,50,14,55,1000,811,yes,48,250
2025-05-19T16:08:31.198523,KXBTCD-25MAY1920-T105749.99,DELTA,50,14,55,1000,812,yes,47,-1000
2025-05-19T16:08:31.256953,KXBTCD-25MAY1920-T105749.99,DELTA,50,14,55,1000,813,yes,48,1000
2025-05-19T16:08:31.736426,KXBTCD-25MAY1920-T105749.99,DELTA,50,14,55,1000,814,yes,48,-1000
2025-05-19T16:08:31.777367,KXBTCD-25MAY1920-T105749.99,DELTA,50,14,55,1000,815,yes,49,1000
2025-05-19T16:08:32.276968,KXBTCD-25MAY1920-T105749.99,DELTA,50,14,55,1100,816,no,45,100
2025-05-19T16:08:32.456887,KXBTCD-25MAY1920-T105749.99,DELTA,50,14,55,1100,817,yes,49,-1000
2025-05-19T16:08:32.474683,KXBTCD-25MAY1920-T105749.99,DELTA,50,14,55,100,818,no,45,-1000
2025-05-19T16:08:32.517510,KXBTCD-25MAY1920-T105749.99,DELTA,50,14,54,1000,819,no,46,1000
2025-05-19T16:08:32.517689,KXBTCD-25MAY1920-T105749.99,DELTA,50,14,54,1000,820,yes,48,1000
2025-05-19T16:08:33.096280,KXBTCD-25MAY1920-T105749.99,DELTA,50,14,54,1000,821,yes,4,-8100
2025-05-19T16:08:33.096716,KXBTCD-25MAY1920-T105749.99,DELTA,50,14,54,1000,822,yes,6,5400
2025-05-19T16:08:33.155901,KXBTCD-25MAY1920-T105749.99,DELTA,50,14,54,1000,823,yes,5,-20000
2025-05-19T16:08:33.217838,KXBTCD-25MAY1920-T105749.99,DELTA,50,14,54,1000,824,yes,7,20000
2025-05-19T16:08:33.905390,KXBTCD-25MAY1920-T105749.99,DELTA,50,14,54,1000,825,no,45,-100
2025-05-19T16:08:33.916001,KXBTCD-25MAY1920-T105749.99,DELTA,50,14,56,50,826,no,46,-1000
2025-05-19T16:08:33.958089,KXBTCD-25MAY1920-T105749.99,DELTA,50,14,55,1000,827,no,45,1000
2025-05-19T16:08:34.136356,KXBTCD-25MAY1920-T105749.99,DELTA,50,14,55,1000,828,yes,6,-5400
2025-05-19T16:08:34.136561,KXBTCD-25MAY1920-T105749.99,DELTA,50,14,55,1000,829,yes,8,4050
2025-05-19T16:08:34.216744,KXBTCD-25MAY1920-T105749.99,DELTA,50,14,55,1000,830,yes,7,-20000
2025-05-19T16:08:34.256645,KXBTCD-25MAY1920-T105749.99,DELTA,50,14,55,1000,831,yes,9,20000
2025-05-19T16:08:35.197395,KXBTCD-25MAY1920-T105749.99,DELTA,50,14,55,1000,832,yes,8,-4050
2025-05-19T16:08:35.197702,KXBTCD-25MAY1920-T105749.99,DELTA,50,14,55,1000,833,yes,10,3240
2025-05-19T16:08:35.256197,KXBTCD-25MAY1920-T105749.99,DELTA,50,14,55,1000,834,yes,9,-20000
2025-05-19T16:08:35.296450,KXBTCD-25MAY1920-T105749.99,DELTA,50,14,55,1000,835,yes,11,20000
2025-05-19T16:08:35.858859,KXBTCD-25MAY1920-T105749.99,DELTA,50,14,55,1100,836,no,45,100
2025-05-19T16:08:35.914893,KXBTCD-25MAY1920-T105749.99,DELTA,50,14,55,100,837,no,45,-1000
2025-05-19T16:08:35.975553,KXBTCD-25MAY1920-T105749.99,DELTA,50,14,54,1000,838,no,46,1000
2025-05-19T16:08:36.216885,KXBTCD-25MAY1920-T105749.99,DELTA,50,14,54,1000,839,yes,10,-3240
2025-05-19T16:08:36.217137,KXBTCD-25MAY1920-T105749.99,DELTA,50,14,54,1000,840,yes,12,2700
2025-05-19T16:08:36.275807,KXBTCD-25MAY1920-T105749.99,DELTA,50,14,54,1000,841,yes,11,-20000
2025-05-19T16:08:36.857278,KXBTCD-25MAY1920-T105749.99,DELTA,50,14,54,1000,842,no,45,-100
2025-05-19T16:08:36.916184,KXBTCD-25MAY1920-T105749.99,DELTA,50,14,56,50,843,no,46,-1000
2025-05-19T16:08:36.957441,KXBTCD-25MAY1920-T105749.99,DELTA,50,14,55,1000,844,no,45,1000
2025-05-19T16:08:37.276930,KXBTCD-25MAY1920-T105749.99,DELTA,50,14,55,1000,845,yes,12,-2700
2025-05-19T16:08:37.277209,KXBTCD-25MAY1920-T105749.99,DELTA,50,14,55,1000,846,yes,4,8100
2025-05-19T16:08:37.336870,KXBTCD-25MAY1920-T105749.99,DELTA,50,14,55,1000,847,yes,5,20000
2025-05-19T16:08:37.685250,KXBTCD-25MAY1920-T105749.99,DELTA,50,14,55,1000,848,yes,1,8000
2025-05-19T16:08:37.686087,KXBTCD-25MAY1920-T105749.99,DELTA,50,14,55,1000,849,yes,48,-1000
2025-05-19T16:08:37.686448,KXBTCD-25MAY1920-T105749.99,DELTA,50,14,55,1000,850,yes,49,1000
2025-05-19T16:08:38.156858,KXBTCD-25MAY1920-T105749.99,DELTA,50,14,55,1000,851,no,42,-1612
2025-05-19T16:08:38.176961,KXBTCD-25MAY1920-T105749.99,DELTA,50,14,55,1000,852,no,41,1612
2025-05-19T16:08:38.216834,KXBTCD-25MAY1920-T105749.99,DELTA,50,14,55,1000,853,no,43,-2000
2025-05-19T16:08:38.258767,KXBTCD-25MAY1920-T105749.99,DELTA,50,14,55,1000,854,no,39,-1250
2025-05-19T16:08:38.276436,KXBTCD-25MAY1920-T105749.99,DELTA,50,14,55,1000,855,no,42,2000
2025-05-19T16:08:38.295919,KXBTCD-25MAY1920-T105749.99,DELTA,50,14,55,1000,856,no,41,1250
2025-05-19T16:08:39.635850,KXBTCD-25MAY1920-T105749.99,DELTA,50,14,55,1100,857,no,45,100
2025-05-19T16:08:40.999456,KXBTCD-25MAY1920-T105749.99,DELTA,50,14,55,1100,858,yes,49,-1000
2025-05-19T16:08:41.000081,KXBTCD-25MAY1920-T105749.99,DELTA,50,14,55,1100,859,yes,1,-8000
2025-05-19T16:08:41.037142,KXBTCD-25MAY1920-T105749.99,DELTA,50,14,55,100,860,no,45,-1000
2025-05-19T16:08:41.047720,KXBTCD-25MAY1920-T105749.99,DELTA,50,14,54,1000,861,no,46,1000
2025-05-19T16:08:41.048050,KXBTCD-25MAY1920-T105749.99,DELTA,50,14,54,1000,862,yes,48,1000
2025-05-19T16:08:41.182973,KXBTCD-25MAY1920-T105749.99,DELTA,50,14,54,1000,863,no,45,-100
2025-05-19T16:08:41.236322,KXBTCD-25MAY1920-T105749.99,DELTA,50,14,56,50,864,no,46,-1000
2025-05-19T16:08:41.279019,KXBTCD-25MAY1920-T105749.99,DELTA,50,14,55,1000,865,no,45,1000
2025-05-19T16:08:42.758143,KXBTCD-25MAY1920-T105749.99,DELTA,50,14,55,1100,866,no,45,100
2025-05-19T16:08:42.758415,KXBTCD-25MAY1920-T105749.99,DELTA,50,14,55,1100,867,yes,4,-8100
2025-05-19T16:08:42.758757,KXBTCD-25MAY1920-T105749.99,DELTA,50,14,55,1100,868,yes,6,5400
2025-05-19T16:08:42.818139,KXBTCD-25MAY1920-T105749.99,DELTA,50,14,55,1100,869,yes,5,-20000
2025-05-19T16:08:42.818429,KXBTCD-25MAY1920-T105749.99,DELTA,50,14,55,100,870,no,45,-1000
2025-05-19T16:08:42.856902,KXBTCD-25MAY1920-T105749.99,DELTA,50,14,55,100,871,yes,7,20000
2025-05-19T16:08:42.857166,KXBTCD-25MAY1920-T105749.99,DELTA,50,14,54,1000,872,no,46,1000
2025-05-19T16:08:43.576274,KXBTCD-25MAY1920-T105749.99,DELTA,50,14,54,1000,873,no,45,-100
2025-05-19T16:08:43.635672,KXBTCD-25MAY1920-T105749.99,DELTA,50,14,56,50,874,no,46,-1000
2025-05-19T16:08:43.676446,KXBTCD-25MAY1920-T105749.99,DELTA,50,14,55,1000,875,no,45,1000
2025-05-19T16:08:45.855971,KXBTCD-25MAY1920-T105749.99,DELTA,50,14,55,1000,876,yes,48,-1000
2025-05-19T16:08:45.896771,KXBTCD-25MAY1920-T105749.99,DELTA,50,14,55,1000,877,yes,49,1000
2025-05-19T16:08:45.995932,KXBTCD-25MAY1920-T105749.99,DELTA,50,14,55,1000,878,yes,1,8000
2025-05-19T16:08:46.156679,KXBTCD-25MAY1920-T105749.99,DELTA,50,14,54,100,879,no,46,100
2025-05-19T16:08:46.596858,KXBTCD-25MAY1920-T105749.99,DELTA,50,14,54,100,880,yes,6,-5400
2025-05-19T16:08:46.597718,KXBTCD-25MAY1920-T105749.99,DELTA,50,14,54,100,881,yes,8,4050
2025-05-19T16:08:46.658159,KXBTCD-25MAY1920-T105749.99,DELTA,50,14,54,100,882,yes,7,-20000
2025-05-19T16:08:46.698565,KXBTCD-25MAY1920-T105749.99,DELTA,50,14,54,100,883,yes,9,20000
2025-05-19T16:08:47.616101,KXBTCD-25MAY1920-T105749.99,DELTA,50,14,54,100,884,yes,8,-4050
2025-05-19T16:08:47.616568,KXBTCD-25MAY1920-T105749.99,DELTA,50,14,54,100,885,yes,10,3240
2025-05-19T16:08:47.676750,KXBTCD-25MAY1920-T105749.99,DELTA,50,14,54,100,886,yes,9,-20000
2025-05-19T16:08:47.800552,KXBTCD-25MAY1920-T105749.99,DELTA,50,14,54,100,887,yes,11,20000
2025-05-19T16:08:47.876369,KXBTCD-25MAY1920-T105749.99,DELTA,50,14,55,1000,888,no,46,-100
2025-05-19T16:08:48.755785,KXBTCD-25MAY1920-T105749.99,DELTA,50,14,55,1000,889,yes,10,-3240
2025-05-19T16:08:48.756261,KXBTCD-25MAY1920-T105749.99,DELTA,50,14,55,1000,890,yes,12,2700
2025-05-19T16:08:48.756602,KXBTCD-25MAY1920-T105749.99,DELTA,50,14,55,1000,891,yes,11,-20000
2025-05-19T16:08:49.015909,KXBTCD-25MAY1920-T105749.99,DELTA,50,14,55,1100,892,no,45,100
2025-05-19T16:08:49.655996,KXBTCD-25MAY1920-T105749.99,DELTA,50,14,55,1100,893,yes,12,-2700
2025-05-19T16:08:49.656745,KXBTCD-25MAY1920-T105749.99,DELTA,50,14,55,1100,894,yes,4,8100
2025-05-19T16:08:49.721145,KXBTCD-25MAY1920-T105749.99,DELTA,50,14,55,1100,895,yes,5,20000
2025-05-19T16:08:49.977019,KXBTCD-25MAY1920-T105749.99,DELTA,50,14,55,1100,896,no,44,-50
2025-05-19T16:08:50.216383,KXBTCD-25MAY1920-T105749.99,DELTA,50,14,55,1000,897,no,45,-100
2025-05-19T16:08:50.276830,KXBTCD-25MAY1920-T105749.99,DELTA,50,14,57,14,898,no,45,-1000
2025-05-19T16:08:50.315304,KXBTCD-25MAY1920-T105749.99,DELTA,50,14,57,14,899,no,42,1000
2025-05-19T16:08:50.556202,KXBTCD-25MAY1920-T105749.99,DELTA,50,14,57,14,900,yes,49,-1000
2025-05-19T16:08:50.616277,KXBTCD-25MAY1920-T105749.99,DELTA,50,14,57,14,901,yes,48,1000
2025-05-19T16:08:50.654929,KXBTCD-25MAY1920-T105749.99,DELTA,50,14,57,14,902,yes,4,-8100
2025-05-19T16:08:50.655112,KXBTCD-25MAY1920-T105749.99,DELTA,50,14,57,14,903,yes,6,5400
2025-05-19T16:08:50.715561,KXBTCD-25MAY1920-T105749.99,DELTA,50,14,57,14,904,yes,5,-20000
2025-05-19T16:08:50.756621,KXBTCD-25MAY1920-T105749.99,DELTA,50,14,57,14,905,yes,7,20000
2025-05-19T16:08:50.895603,KXBTCD-25MAY1920-T105749.99,DELTA,50,14,57,14,906,yes,48,-1000
2025-05-19T16:08:50.955379,KXBTCD-25MAY1920-T105749.99,DELTA,50,14,57,14,907,yes,49,1000
2025-05-19T16:08:51.495971,KXBTCD-25MAY1920-T105749.99,DELTA,50,14,57,14,908,yes,49,-1000
2025-05-19T16:08:51.535705,KXBTCD-25MAY1920-T105749.99,DELTA,50,14,57,14,909,yes,48,1000
2025-05-19T16:08:51.776636,KXBTCD-25MAY1920-T105749.99,DELTA,50,14,57,14,910,yes,1,-8000
2025-05-19T16:08:52.015713,KXBTCD-25MAY1920-T105749.99,DELTA,50,14,57,64,911,no,43,50
2025-05-19T16:08:52.077009,KXBTCD-25MAY1920-T105749.99,DELTA,50,14,57,64,912,no,42,-1000
2025-05-19T16:08:52.116187,KXBTCD-25MAY1920-T105749.99,DELTA,50,14,56,1000,913,no,44,1000
2025-05-19T16:08:52.337163,KXBTCD-25MAY1920-T105749.99,DELTA,50,14,56,1000,914,yes,48,-1000
2025-05-19T16:08:52.376720,KXBTCD-25MAY1920-T105749.99,DELTA,50,14,56,1000,915,yes,49,1000
2025-05-19T16:08:52.417186,KXBTCD-25MAY1920-T105749.99,DELTA,50,14,56,1000,916,yes,49,-1000
2025-05-19T16:08:52.476673,KXBTCD-25MAY1920-T105749.99,DELTA,50,14,56,1000,917,yes,48,1000
2025-05-19T16:08:52.937743,KXBTCD-25MAY1920-T105749.99,DELTA,50,14,55,100,918,no,45,100
2025-05-19T16:08:52.996747,KXBTCD-25MAY1920-T105749.99,DELTA,50,14,55,100,919,no,44,-1000
2025-05-19T16:08:53.036011,KXBTCD-25MAY1920-T105749.99,DELTA,50,14,54,1000,920,no,46,1000
2025-05-19T16:08:53.356377,KXBTCD-25MAY1920-T105749.99,DELTA,50,14,54,1000,921,yes,35,-20
2025-05-19T16:08:53.356644,KXBTCD-25MAY1920-T105749.99,DELTA,50,14,54,1000,922,yes,40,20
2025-05-19T16:08:54.616285,KXBTCD-25MAY1920-T105749.99,DELTA,50,14,54,1000,923,no,45,-100
2025-05-19T16:08:54.675675,KXBTCD-25MAY1920-T105749.99,DELTA,50,14,57,64,924,no,46,-1000
2025-05-19T16:08:54.735200,KXBTCD-25MAY1920-T105749.99,DELTA,50,14,56,1000,925,no,44,1000
2025-05-19T16:08:55.197607,KXBTCD-25MAY1920-T105749.99,DELTA,50,14,56,1000,926,yes,48,-1000
2025-05-19T16:08:55.236343,KXBTCD-25MAY1920-T105749.99,DELTA,50,14,56,1000,927,yes,49,1000
2025-05-19T16:08:55.918271,KXBTCD-25MAY1920-T105749.99,DELTA,50,14,54,100,928,no,46,100
2025-05-19T16:08:56.197024,KXBTCD-25MAY1920-T105749.99,DELTA,50,14,54,100,929,yes,6,-5400
2025-05-19T16:08:56.197260,KXBTCD-25MAY1920-T105749.99,DELTA,50,14,54,100,930,yes,8,4050
2025-05-19T16:08:56.256025,KXBTCD-25MAY1920-T105749.99,DELTA,50,14,54,100,931,yes,7,-20000
2025-05-19T16:08:56.278425,KXBTCD-25MAY1920-T105749.99,DELTA,50,14,54,100,932,yes,9,20000
2025-05-19T16:08:56.847823,KXBTCD-25MAY1920-T105749.99,DELTA,50,14,54,100,933,yes,1,8000
2025-05-19T16:08:56.956135,KXBTCD-25MAY1920-T105749.99,DELTA,50,14,56,1000,934,no,46,-100
2025-05-19T16:08:59.057555,KXBTCD-25MAY1920-T105749.99,DELTA,50,14,55,100,935,no,45,100
2025-05-19T16:08:59.116541,KXBTCD-25MAY1920-T105749.99,DELTA,50,14,55,100,936,no,44,-1000
2025-05-19T16:08:59.175691,KXBTCD-25MAY1920-T105749.99,DELTA,50,14,55,1100,937,no,45,1000
2025-05-19T16:08:59.815288,KXBTCD-25MAY1920-T105749.99,DELTA,50,14,55,1000,938,no,45,-100
2025-05-19T16:08:59.835357,KXBTCD-25MAY1920-T105749.99,DELTA,50,14,57,64,939,no,45,-1000
2025-05-19T16:08:59.875156,KXBTCD-25MAY1920-T105749.99,DELTA,50,14,56,1000,940,no,44,1000
2025-05-19T16:09:00.237257,KXBTCD-25MAY1920-T105749.99,DELTA,50,14,56,1000,941,yes,8,-4050
2025-05-19T16:09:00.237988,KXBTCD-25MAY1920-T105749.99,DELTA,50,14,56,1000,942,yes,10,3240
2025-05-19T16:09:00.295096,KXBTCD-25MAY1920-T105749.99,DELTA,50,14,56,1000,943,yes,9,-20000
2025-05-19T16:09:00.337251,KXBTCD-25MAY1920-T105749.99,DELTA,50,14,56,1000,944,yes,11,20000
2025-05-19T16:09:00.836656,KXBTCD-25MAY1920-T105749.99,DELTA,50,14,54,100,945,no,46,100
2025-05-19T16:09:01.376265,KXBTCD-25MAY1920-T105749.99,DELTA,50,14,54,100,946,yes,10,-3240
2025-05-19T16:09:01.376505,KXBTCD-25MAY1920-T105749.99,DELTA,50,14,54,100,947,yes,12,2700
2025-05-19T16:09:01.435705,KXBTCD-25MAY1920-T105749.99,DELTA,50,14,54,100,948,yes,11,-20000
2025-05-19T16:09:01.977419,KXBTCD-25MAY1920-T105749.99,DELTA,50,14,56,1000,949,no,46,-100
2025-05-19T16:09:02.039095,KXBTCD-25MAY1920-T105749.99,DELTA,50,14,56,1000,950,no,41,-1612
2025-05-19T16:09:02.056960,KXBTCD-25MAY1920-T105749.99,DELTA,50,14,56,1000,951,no,42,1612
2025-05-19T16:09:02.116275,KXBTCD-25MAY1920-T105749.99,DELTA,50,14,56,1000,952,no,42,-2000
2025-05-19T16:09:02.137617,KXBTCD-25MAY1920-T105749.99,DELTA,50,14,56,1000,953,no,41,-1250
2025-05-19T16:09:02.177884,KXBTCD-25MAY1920-T105749.99,DELTA,50,14,56,1000,954,no,43,2000
2025-05-19T16:09:02.196090,KXBTCD-25MAY1920-T105749.99,DELTA,50,14,56,1000,955,no,39,1250
2025-05-19T16:09:02.495035,KXBTCD-25MAY1920-T105749.99,DELTA,50,14,56,1000,956,yes,12,-2700
2025-05-19T16:09:02.495232,KXBTCD-25MAY1920-T105749.99,DELTA,50,14,56,1000,957,yes,4,8100
2025-05-19T16:09:02.556922,KXBTCD-25MAY1920-T105749.99,DELTA,50,14,56,1000,958,yes,5,20000
2025-05-19T16:09:03.555837,KXBTCD-25MAY1920-T105749.99,DELTA,50,14,56,1000,959,yes,4,-8100
2025-05-19T16:09:03.556109,KXBTCD-25MAY1920-T105749.99,DELTA,50,14,56,1000,960,yes,6,5400
2025-05-19T16:09:03.616408,KXBTCD-25MAY1920-T105749.99,DELTA,50,14,56,1000,961,yes,5,-20000
2025-05-19T16:09:03.675978,KXBTCD-25MAY1920-T105749.99,DELTA,50,14,56,1000,962,yes,7,20000
2025-05-19T16:09:03.878164,KXBTCD-25MAY1920-T105749.99,DELTA,50,14,55,100,963,no,45,100
2025-05-19T16:09:03.937564,KXBTCD-25MAY1920-T105749.99,DELTA,50,14,55,100,964,no,44,-1000
2025-05-19T16:09:03.996828,KXBTCD-25MAY1920-T105749.99,DELTA,50,14,55,1100,965,no,45,1000
2025-05-19T16:09:04.315875,KXBTCD-25MAY1920-T105749.99,DELTA,50,14,55,1100,966,yes,46,-2000
2025-05-19T16:09:04.335885,KXBTCD-25MAY1920-T105749.99,DELTA,50,14,55,1100,967,yes,49,-1000
2025-05-19T16:09:04.336128,KXBTCD-25MAY1920-T105749.99,DELTA,50,14,55,1100,968,yes,44,-1250
2025-05-19T16:09:04.355738,KXBTCD-25MAY1920-T105749.99,DELTA,50,14,55,1100,969,no,43,-2000
2025-05-19T16:09:04.355945,KXBTCD-25MAY1920-T105749.99,DELTA,50,14,55,100,970,no,45,-1000
2025-05-19T16:09:04.397389,KXBTCD-25MAY1920-T105749.99,DELTA,50,14,55,100,971,yes,47,2000
2025-05-19T16:09:04.421022,KXBTCD-25MAY1920-T105749.99,DELTA,50,14,55,100,972,yes,45,1250
2025-05-19T16:09:04.421365,KXBTCD-25MAY1920-T105749.99,DELTA,50,14,55,100,973,no,42,2000
2025-05-19T16:09:04.421467,KXBTCD-25MAY1920-T105749.99,DELTA,50,14,55,100,974,no,44,1000
2025-05-19T16:09:04.436559,KXBTCD-25MAY1920-T105749.99,DELTA,50,1014,55,100,975,yes,50,1000
2025-05-19T16:09:04.478455,KXBTCD-25MAY1920-T105749.99,DELTA,50,1014,56,1000,976,no,45,-100
2025-05-19T16:09:04.676340,KXBTCD-25MAY1920-T105749.99,DELTA,50,1014,56,1000,977,yes,6,-5400
2025-05-19T16:09:04.676572,KXBTCD-25MAY1920-T105749.99,DELTA,50,1014,56,1000,978,yes,8,4050
2025-05-19T16:09:04.735592,KXBTCD-25MAY1920-T105749.99,DELTA,50,1014,56,1000,979,yes,7,-20000
2025-05-19T16:09:04.817541,KXBTCD-25MAY1920-T105749.99,DELTA,50,1014,56,1000,980,yes,9,20000
2025-05-19T16:09:05.317352,KXBTCD-25MAY1920-T105749.99,DELTA,50,1014,56,1000,981,yes,47,-2000
2025-05-19T16:09:05.337165,KXBTCD-25MAY1920-T105749.99,DELTA,50,14,56,1000,982,yes,50,-1000
2025-05-19T16:09:05.337414,KXBTCD-25MAY1920-T105749.99,DELTA,50,14,56,1000,983,yes,45,-1250
2025-05-19T16:09:05.355789,KXBTCD-25MAY1920-T105749.99,DELTA,50,14,56,1000,984,no,42,-2000
2025-05-19T16:09:05.355992,KXBTCD-25MAY1920-T105749.99,DELTA,50,14,56,1000,985,yes,1,-8000
2025-05-19T16:09:05.396763,KXBTCD-25MAY1920-T105749.99,DELTA,50,14,56,1000,986,no,43,-50
2025-05-19T16:09:05.396988,KXBTCD-25MAY1920-T105749.99,DELTA,50,14,55,50,987,no,45,50
2025-05-19T16:09:05.416887,KXBTCD-25MAY1920-T105749.99,DELTA,50,14,55,50,988,yes,49,-30
2025-05-19T16:09:05.417056,KXBTCD-25MAY1920-T105749.99,DELTA,50,14,55,50,989,yes,48,30
2025-05-19T16:09:05.417185,KXBTCD-25MAY1920-T105749.99,DELTA,50,14,55,50,990,no,39,-1250
2025-05-19T16:09:05.417307,KXBTCD-25MAY1920-T105749.99,DELTA,50,14,55,50,991,no,41,-30
2025-05-19T16:09:05.417426,KXBTCD-25MAY1920-T105749.99,DELTA,50,14,55,50,992,yes,45,2000
2025-05-19T16:09:05.417536,KXBTCD-25MAY1920-T105749.99,DELTA,50,14,55,50,993,no,43,30
2025-05-19T16:09:05.417806,KXBTCD-25MAY1920-T105749.99,DELTA,50,14,55,50,994,yes,48,1000
2025-05-19T16:09:05.417925,KXBTCD-25MAY1920-T105749.99,DELTA,50,14,55,50,995,no,43,2000
2025-05-19T16:09:05.418036,KXBTCD-25MAY1920-T105749.99,DELTA,48,1300,55,50,996,yes,50,-14
2025-05-19T16:09:05.436865,KXBTCD-25MAY1920-T105749.99,DELTA,48,1300,55,50,997,no,43,-14
2025-05-19T16:09:05.437166,KXBTCD-25MAY1920-T105749.99,DELTA,48,1300,55,50,998,yes,43,1250
2025-05-19T16:09:05.437304,KXBTCD-25MAY1920-T105749.99,DELTA,48,1314,55,50,999,yes,48,14
2025-05-19T16:09:05.457922,KXBTCD-25MAY1920-T105749.99,DELTA,48,1314,55,50,1000,yes,38,250
2025-05-19T16:09:05.458315,KXBTCD-25MAY1920-T105749.99,DELTA,48,1314,55,50,1001,no,44,14
2025-05-19T16:09:05.458464,KXBTCD-25MAY1920-T105749.99,DELTA,48,1314,55,50,1002,no,44,-1000
2025-05-19T16:09:05.458581,KXBTCD-25MAY1920-T105749.99,DELTA,48,1314,55,50,1003,no,42,1250
2025-05-19T16:09:05.476249,KXBTCD-25MAY1920-T105749.99,DELTA,48,1064,55,50,1004,yes,48,-250
2025-05-19T16:09:05.496620,KXBTCD-25MAY1920-T105749.99,DELTA,48,1064,55,50,1005,yes,38,-250
2025-05-19T16:09:05.536936,KXBTCD-25MAY1920-T105749.99,DELTA,48,1064,55,50,1006,no,10,-200
2025-05-19T16:09:05.537191,KXBTCD-25MAY1920-T105749.99,DELTA,48,1064,55,50,1007,no,20,200
2025-05-19T16:09:05.537331,KXBTCD-25MAY1920-T105749.99,DELTA,48,1064,54,1000,1008,no,46,1000
2025-05-19T16:09:05.767842,KXBTCD-25MAY1920-T105749.99,DELTA,48,1064,54,1000,1009,no,45,-50
2025-05-19T16:09:05.768406,KXBTCD-25MAY1920-T105749.99,DELTA,48,1064,54,1050,1010,no,46,50
2025-05-19T16:09:05.940973,KXBTCD-25MAY1920-T105749.99,DELTA,48,64,54,1050,1011,yes,48,-1000
2025-05-19T16:09:05.956399,KXBTCD-25MAY1920-T105749.99,DELTA,48,64,54,50,1012,no,46,-1000
2025-05-19T16:09:05.998000,KXBTCD-25MAY1920-T105749.99,DELTA,48,64,54,150,1013,no,46,100
2025-05-19T16:09:05.998905,KXBTCD-25MAY1920-T105749.99,DELTA,48,64,54,150,1014,yes,47,1000
2025-05-19T16:09:05.999452,KXBTCD-25MAY1920-T105749.99,DELTA,48,64,53,1000,1015,no,47,1000
2025-05-19T16:09:06.139018,KXBTCD-25MAY1920-T105749.99,DELTA,48,64,53,1000,1016,no,30,-250
2025-05-19T16:09:06.139698,KXBTCD-25MAY1920-T105749.99,DELTA,48,64,53,1000,1017,yes,38,250
2025-05-19T16:09:06.139836,KXBTCD-25MAY1920-T105749.99,DELTA,48,64,53,1000,1018,no,40,250
2025-05-19T16:09:06.396487,KXBTCD-25MAY1920-T105749.99,DELTA,48,64,53,1000,1019,no,42,-1612
2025-05-19T16:09:06.436988,KXBTCD-25MAY1920-T105749.99,DELTA,48,64,53,1000,1020,no,44,1612
2025-05-19T16:09:06.457280,KXBTCD-25MAY1920-T105749.99,DELTA,48,64,53,1000,1021,no,43,-2000
2025-05-19T16:09:06.477151,KXBTCD-25MAY1920-T105749.99,DELTA,48,64,53,1000,1022,no,42,-1250
2025-05-19T16:09:06.515845,KXBTCD-25MAY1920-T105749.99,DELTA,48,64,53,1000,1023,no,44,2000
2025-05-19T16:09:06.516052,KXBTCD-25MAY1920-T105749.99,DELTA,48,64,53,1000,1024,no,41,1250
2025-05-19T16:09:06.957474,KXBTCD-25MAY1920-T105749.99,DELTA,48,64,53,1000,1025,no,46,-100
2025-05-19T16:09:07.157217,KXBTCD-25MAY1920-T105749.99,DELTA,48,64,53,1000,1026,no,42,250
2025-05-19T16:09:07.157729,KXBTCD-25MAY1920-T105749.99,DELTA,48,64,53,1000,1027,no,32,-250
2025-05-19T16:09:07.216875,KXBTCD-25MAY1920-T105749.99,DELTA,48,64,53,1000,1028,no,41,-1250
2025-05-19T16:09:07.257640,KXBTCD-25MAY1920-T105749.99,DELTA,48,64,53,1000,1029,no,42,1250
2025-05-19T16:09:07.903465,KXBTCD-25MAY1920-T105749.99,DELTA,48,64,53,1100,1030,no,47,100
2025-05-19T16:09:08.137929,KXBTCD-25MAY1920-T105749.99,DELTA,48,64,53,1100,1031,no,32,250
2025-05-19T16:09:08.138483,KXBTCD-25MAY1920-T105749.99,DELTA,48,64,53,1100,1032,no,42,-250
2025-05-19T16:09:08.196325,KXBTCD-25MAY1920-T105749.99,DELTA,48,64,53,1100,1033,no,42,-1250
2025-05-19T16:09:08.236198,KXBTCD-25MAY1920-T105749.99,DELTA,48,64,53,1100,1034,no,41,1250
2025-05-19T16:09:08.930342,KXBTCD-25MAY1920-T105749.99,DELTA,48,64,53,1100,1035,yes,45,-2000
2025-05-19T16:09:08.930916,KXBTCD-25MAY1920-T105749.99,DELTA,48,64,53,1100,1036,yes,47,-1000
2025-05-19T16:09:08.931304,KXBTCD-25MAY1920-T105749.99,DELTA,48,64,53,1100,1037,yes,43,-1250
2025-05-19T16:09:08.931598,KXBTCD-25MAY1920-T105749.99,DELTA,48,64,53,1100,1038,no,44,-2000
2025-05-19T16:09:08.931874,KXBTCD-25MAY1920-T105749.99,DELTA,48,64,53,100,1039,no,47,-1000
2025-05-19T16:09:08.932118,KXBTCD-25MAY1920-T105749.99,DELTA,48,64,53,100,1040,no,18,-3000
2025-05-19T16:09:08.936295,KXBTCD-25MAY1920-T105749.99,DELTA,48,64,54,50,1041,no,47,-100
2025-05-19T16:09:08.979922,KXBTCD-25MAY1920-T105749.99,DELTA,48,64,54,50,1042,yes,42,1250
2025-05-19T16:09:08.980247,KXBTCD-25MAY1920-T105749.99,DELTA,48,64,54,50,1043,no,25,3000
2025-05-19T16:09:08.980399,KXBTCD-25MAY1920-T105749.99,DELTA,48,64,52,1000,1044,no,48,1000
2025-05-19T16:09:08.980522,KXBTCD-25MAY1920-T105749.99,DELTA,48,64,52,1000,1045,no,45,2000
2025-05-19T16:09:08.980650,KXBTCD-25MAY1920-T105749.99,DELTA,48,64,52,1000,1046,yes,44,2000
2025-05-19T16:09:08.980755,KXBTCD-25MAY1920-T105749.99,DELTA,48,64,52,1000,1047,yes,46,1000
2025-05-19T16:09:08.998527,KXBTCD-25MAY1920-T105749.99,DELTA,48,64,52,1000,1048,yes,46,-250
2025-05-19T16:09:09.015227,KXBTCD-25MAY1920-T105749.99,DELTA,48,64,52,1000,1049,yes,36,250
2025-05-19T16:09:09.015410,KXBTCD-25MAY1920-T105749.99,DELTA,48,64,54,50,1050,no,48,-1000
2025-05-19T16:09:09.035903,KXBTCD-25MAY1920-T105749.99,DELTA,48,64,54,50,1051,yes,46,250
2025-05-19T16:09:09.036109,KXBTCD-25MAY1920-T105749.99,DELTA,48,64,54,50,1052,yes,36,-250
2025-05-19T16:09:09.056094,KXBTCD-25MAY1920-T105749.99,DELTA,48,64,54,50,1053,yes,46,-1000
2025-05-19T16:09:09.056357,KXBTCD-25MAY1920-T105749.99,DELTA,48,64,53,1000,1054,no,47,1000
2025-05-19T16:09:09.095830,KXBTCD-25MAY1920-T105749.99,DELTA,48,64,53,1000,1055,yes,46,1000
2025-05-19T16:09:09.497284,KXBTCD-25MAY1920-T105749.99,DELTA,48,64,53,1000,1056,yes,46,-1000
2025-05-19T16:09:09.516593,KXBTCD-25MAY1920-T105749.99,DELTA,48,64,53,999,1057,no,47,-1
2025-05-19T16:09:09.595980,KXBTCD-25MAY1920-T105749.99,DELTA,48,64,53,999,1058,yes,47,1000
2025-05-19T16:09:09.776683,KXBTCD-25MAY1920-T105749.99,DELTA,48,64,53,999,1059,yes,8,-4050
2025-05-19T16:09:09.777325,KXBTCD-25MAY1920-T105749.99,DELTA,48,64,53,999,1060,yes,10,3240
2025-05-19T16:09:09.837765,KXBTCD-25MAY1920-T105749.99,DELTA,48,64,53,999,1061,no,11,-2945
2025-05-19T16:09:09.838259,KXBTCD-25MAY1920-T105749.99,DELTA,48,64,53,999,1062,no,4,8100
2025-05-19T16:09:09.838558,KXBTCD-25MAY1920-T105749.99,DELTA,48,64,53,999,1063,yes,9,-20000
2025-05-19T16:09:09.876311,KXBTCD-25MAY1920-T105749.99,DELTA,48,64,53,999,1064,yes,11,20000
2025-05-19T16:09:09.900193,KXBTCD-25MAY1920-T105749.99,DELTA,48,64,53,999,1065,no,5,20000
2025-05-19T16:09:10.456652,KXBTCD-25MAY1920-T105749.99,DELTA,48,64,53,999,1066,no,46,-50
2025-05-19T16:09:10.457061,KXBTCD-25MAY1920-T105749.99,DELTA,48,64,53,999,1067,no,45,50
2025-05-19T16:09:10.516877,KXBTCD-25MAY1920-T105749.99,DELTA,48,64,55,2050,1068,no,47,-999
2025-05-19T16:09:10.557012,KXBTCD-25MAY1920-T105749.99,DELTA,48,64,54,1000,1069,no,46,1000
2025-05-19T16:09:11.796700,KXBTCD-25MAY1920-T105749.99,DELTA,48,64,53,100,1070,no,47,100
2025-05-19T16:09:11.797703,KXBTCD-25MAY1920-T105749.99,DELTA,48,64,53,100,1071,no,46,-1000
2025-05-19T16:09:11.798257,KXBTCD-25MAY1920-T105749.99,DELTA,48,64,53,1100,1072,no,47,1000
2025-05-19T16:09:12.917272,KXBTCD-25MAY1920-T105749.99,DELTA,48,64,53,1100,1073,yes,10,-3240
2025-05-19T16:09:12.917689,KXBTCD-25MAY1920-T105749.99,DELTA,48,64,53,1100,1074,yes,12,2700
2025-05-19T16:09:12.955938,KXBTCD-25MAY1920-T105749.99,DELTA,48,64,53,1100,1075,no,4,-8100
2025-05-19T16:09:12.956312,KXBTCD-25MAY1920-T105749.99,DELTA,48,64,53,1100,1076,no,6,5400
2025-05-19T16:09:12.995895,KXBTCD-25MAY1920-T105749.99,DELTA,48,64,53,1100,1077,yes,11,-20000
2025-05-19T16:09:13.018129,KXBTCD-25MAY1920-T105749.99,DELTA,48,64,53,1100,1078,no,5,-20000
2025-05-19T16:09:13.037237,KXBTCD-25MAY1920-T105749.99,DELTA,48,64,53,1100,1079,no,45,-50
2025-05-19T16:09:13.037504,KXBTCD-25MAY1920-T105749.99,DELTA,48,64,53,1100,1080,no,46,50
2025-05-19T16:09:13.057269,KXBTCD-25MAY1920-T105749.99,DELTA,48,64,53,1100,1081,no,7,20000
2025-05-19T16:09:13.276445,KXBTCD-25MAY1920-T105749.99,DELTA,48,64,53,1000,1082,no,47,-100
2025-05-19T16:09:13.977170,KXBTCD-25MAY1920-T105749.99,DELTA,48,64,53,1000,1083,yes,47,-1000
2025-05-19T16:09:13.977751,KXBTCD-25MAY1920-T105749.99,DELTA,48,64,53,1000,1084,yes,31,-3000
2025-05-19T16:09:14.023671,KXBTCD-25MAY1920-T105749.99,DELTA,48,64,53,1000,1085,yes,12,-2700
2025-05-19T16:09:14.024261,KXBTCD-25MAY1920-T105749.99,DELTA,48,64,53,1000,1086,yes,4,8100
2025-05-19T16:09:14.036809,KXBTCD-25MAY1920-T105749.99,DELTA,48,64,53,1000,1087,yes,46,1000
2025-05-19T16:09:14.037360,KXBTCD-25MAY1920-T105749.99,DELTA,48,64,53,1000,1088,yes,23,3000
