timestamp,market_ticker,type,yes_bid_price_cents,yes_bid_qty,yes_ask_price_cents,yes_ask_qty_on_no_side,sequence_num,delta_side,delta_price_cents,delta_quantity
2025-05-22T18:03:45.798828,KXBTCD-25MAY2222-T111749.99,SNAPSHOT,46,14,55,1014,1,,,
2025-05-22T18:03:46.341033,KXBTCD-25MAY2222-T111749.99,DELTA,46,14,52,100,2,no,48,100
2025-05-22T18:03:46.341710,KXBTCD-25MAY2222-T111749.99,DELTA,46,14,52,100,3,yes,6,-5400
2025-05-22T18:03:46.341871,KXBTCD-25MAY2222-T111749.99,DELTA,46,14,52,100,4,yes,8,4050
2025-05-22T18:03:46.401511,KXBTCD-25MAY2222-T111749.99,DELTA,46,14,52,100,5,no,6,-5400
2025-05-22T18:03:46.401665,KXBTCD-25MAY2222-T111749.99,DELTA,46,14,52,100,6,no,8,4050
2025-05-22T18:03:46.401734,KXBTCD-25MAY2222-T111749.99,DELTA,46,14,52,100,7,yes,7,-20000
2025-05-22T18:03:46.421304,KXBTCD-25MAY2222-T111749.99,DELTA,46,14,52,100,8,no,45,-1000
2025-05-22T18:03:46.461891,KXBTCD-25MAY2222-T111749.99,DELTA,46,14,51,1000,9,no,49,1000
2025-05-22T18:03:46.462056,KXBTCD-25MAY2222-T111749.99,DELTA,46,14,51,1000,10,yes,9,20000
2025-05-22T18:03:46.505397,KXBTCD-25MAY2222-T111749.99,DELTA,46,14,51,1000,11,no,7,-20000
2025-05-22T18:03:46.541851,KXBTCD-25MAY2222-T111749.99,DELTA,46,14,51,1000,12,no,9,20000
2025-05-22T18:03:47.603200,KXBTCD-25MAY2222-T111749.99,DELTA,46,14,51,1000,13,yes,8,-4050
2025-05-22T18:03:47.603359,KXBTCD-25MAY2222-T111749.99,DELTA,46,14,51,1000,14,yes,10,3240
2025-05-22T18:03:47.662086,KXBTCD-25MAY2222-T111749.99,DELTA,46,14,51,1000,15,no,8,-4050
2025-05-22T18:03:47.662214,KXBTCD-25MAY2222-T111749.99,DELTA,46,14,51,1000,16,no,10,3240
2025-05-22T18:03:47.662282,KXBTCD-25MAY2222-T111749.99,DELTA,46,14,51,1000,17,yes,9,-20000
2025-05-22T18:03:47.701414,KXBTCD-25MAY2222-T111749.99,DELTA,46,14,51,1000,18,yes,11,20000
2025-05-22T18:03:47.721638,KXBTCD-25MAY2222-T111749.99,DELTA,46,14,51,1000,19,no,9,-20000
2025-05-22T18:03:47.781989,KXBTCD-25MAY2222-T111749.99,DELTA,46,14,51,1000,20,no,11,20000
2025-05-22T18:03:48.104054,KXBTCD-25MAY2222-T111749.99,DELTA,46,14,51,1000,21,yes,44,14
2025-05-22T18:03:48.104165,KXBTCD-25MAY2222-T111749.99,DELTA,46,14,51,1000,22,yes,45,-30
2025-05-22T18:03:48.104227,KXBTCD-25MAY2222-T111749.99,DELTA,46,14,51,1000,23,yes,43,30
2025-05-22T18:03:48.104287,KXBTCD-25MAY2222-T111749.99,DELTA,45,100,51,1000,24,yes,46,-14
2025-05-22T18:03:48.104343,KXBTCD-25MAY2222-T111749.99,DELTA,45,100,51,1000,25,no,47,14
2025-05-22T18:03:48.104394,KXBTCD-25MAY2222-T111749.99,DELTA,45,100,51,1000,26,no,44,-30
2025-05-22T18:03:48.104441,KXBTCD-25MAY2222-T111749.99,DELTA,45,100,51,1000,27,no,46,30
2025-05-22T18:03:48.121621,KXBTCD-25MAY2222-T111749.99,DELTA,45,100,51,1000,28,no,45,-14
2025-05-22T18:03:48.381728,KXBTCD-25MAY2222-T111749.99,DELTA,45,100,51,1000,29,no,48,-100
2025-05-22T18:03:48.381870,KXBTCD-25MAY2222-T111749.99,DELTA,44,14,51,1000,30,yes,45,-100
2025-05-22T18:03:48.442910,KXBTCD-25MAY2222-T111749.99,DELTA,44,14,53,14,31,no,49,-1000
2025-05-22T18:03:48.481242,KXBTCD-25MAY2222-T111749.99,DELTA,44,14,53,1014,32,no,47,1000
2025-05-22T18:03:48.843893,KXBTCD-25MAY2222-T111749.99,DELTA,44,14,53,1014,33,yes,10,-3240
2025-05-22T18:03:48.844031,KXBTCD-25MAY2222-T111749.99,DELTA,44,14,53,1014,34,yes,12,2700
2025-05-22T18:03:48.881542,KXBTCD-25MAY2222-T111749.99,DELTA,44,14,53,1014,35,no,10,-3240
2025-05-22T18:03:48.881648,KXBTCD-25MAY2222-T111749.99,DELTA,44,14,53,1014,36,no,12,2700
2025-05-22T18:03:48.922922,KXBTCD-25MAY2222-T111749.99,DELTA,44,14,53,1014,37,yes,11,-20000
2025-05-22T18:03:48.941870,KXBTCD-25MAY2222-T111749.99,DELTA,44,14,53,1014,38,no,11,-20000
2025-05-22T18:03:50.102283,KXBTCD-25MAY2222-T111749.99,DELTA,44,14,53,1014,39,yes,12,-2700
2025-05-22T18:03:50.102417,KXBTCD-25MAY2222-T111749.99,DELTA,44,14,53,1014,40,yes,4,8100
2025-05-22T18:03:50.161599,KXBTCD-25MAY2222-T111749.99,DELTA,44,14,53,1014,41,no,12,-2700
2025-05-22T18:03:50.161711,KXBTCD-25MAY2222-T111749.99,DELTA,44,14,53,1014,42,no,4,8100
2025-05-22T18:03:50.161766,KXBTCD-25MAY2222-T111749.99,DELTA,44,14,53,1014,43,yes,5,20000
2025-05-22T18:03:50.221919,KXBTCD-25MAY2222-T111749.99,DELTA,44,14,53,1014,44,no,5,20000
2025-05-22T18:03:51.301651,KXBTCD-25MAY2222-T111749.99,DELTA,44,14,53,1014,45,yes,4,-8100
2025-05-22T18:03:51.301779,KXBTCD-25MAY2222-T111749.99,DELTA,44,14,53,1014,46,yes,6,5400
2025-05-22T18:03:51.323354,KXBTCD-25MAY2222-T111749.99,DELTA,44,14,53,1014,47,yes,43,100
2025-05-22T18:03:51.341819,KXBTCD-25MAY2222-T111749.99,DELTA,44,14,51,100,48,no,49,100
2025-05-22T18:03:51.361957,KXBTCD-25MAY2222-T111749.99,DELTA,44,14,51,100,49,no,4,-8100
2025-05-22T18:03:51.362072,KXBTCD-25MAY2222-T111749.99,DELTA,44,14,51,100,50,no,6,5400
2025-05-22T18:03:51.362134,KXBTCD-25MAY2222-T111749.99,DELTA,44,14,51,100,51,yes,5,-20000
2025-05-22T18:03:51.403838,KXBTCD-25MAY2222-T111749.99,DELTA,44,14,51,100,52,yes,7,20000
2025-05-22T18:03:51.403935,KXBTCD-25MAY2222-T111749.99,DELTA,44,14,51,100,53,no,47,-1000
2025-05-22T18:03:51.441409,KXBTCD-25MAY2222-T111749.99,DELTA,44,14,50,1000,54,no,50,1000
2025-05-22T18:03:51.441559,KXBTCD-25MAY2222-T111749.99,DELTA,44,14,50,1000,55,no,5,-20000
2025-05-22T18:03:51.482073,KXBTCD-25MAY2222-T111749.99,DELTA,44,14,50,1000,56,no,7,20000
2025-05-22T18:03:52.309533,KXBTCD-25MAY2222-T111749.99,DELTA,44,14,50,1000,57,no,49,-100
2025-05-22T18:03:52.309677,KXBTCD-25MAY2222-T111749.99,DELTA,44,14,50,910,58,no,50,-90
2025-05-22T18:03:52.361833,KXBTCD-25MAY2222-T111749.99,DELTA,44,14,53,14,59,no,50,-910
2025-05-22T18:03:52.408125,KXBTCD-25MAY2222-T111749.99,DELTA,44,14,53,1014,60,no,47,1000
2025-05-22T18:03:54.002692,KXBTCD-25MAY2222-T111749.99,DELTA,44,14,50,100,61,no,50,100
2025-05-22T18:03:54.062502,KXBTCD-25MAY2222-T111749.99,DELTA,44,14,50,100,62,no,47,-1000
2025-05-22T18:03:54.106665,KXBTCD-25MAY2222-T111749.99,DELTA,44,14,49,1000,63,no,51,1000
2025-05-22T18:03:55.921275,KXBTCD-25MAY2222-T111749.99,DELTA,44,14,49,1000,64,yes,6,-5400
2025-05-22T18:03:55.921465,KXBTCD-25MAY2222-T111749.99,DELTA,44,14,49,1000,65,yes,8,4050
2025-05-22T18:03:55.983352,KXBTCD-25MAY2222-T111749.99,DELTA,44,14,49,1000,66,yes,7,-20000
2025-05-22T18:03:56.003904,KXBTCD-25MAY2222-T111749.99,DELTA,44,14,49,1000,67,no,6,-5400
2025-05-22T18:03:56.004021,KXBTCD-25MAY2222-T111749.99,DELTA,44,14,49,1000,68,no,8,4050
2025-05-22T18:03:56.021357,KXBTCD-25MAY2222-T111749.99,DELTA,44,14,49,1000,69,yes,9,20000
2025-05-22T18:03:56.063037,KXBTCD-25MAY2222-T111749.99,DELTA,44,14,49,1000,70,no,7,-20000
2025-05-22T18:03:56.165956,KXBTCD-25MAY2222-T111749.99,DELTA,44,14,49,1000,71,no,9,20000
2025-05-22T18:03:56.261618,KXBTCD-25MAY2222-T111749.99,DELTA,44,14,49,1000,72,yes,43,14
2025-05-22T18:03:56.261770,KXBTCD-25MAY2222-T111749.99,DELTA,44,14,49,1000,73,yes,43,-30
2025-05-22T18:03:56.262057,KXBTCD-25MAY2222-T111749.99,DELTA,44,14,49,1000,74,yes,42,30
2025-05-22T18:03:56.262142,KXBTCD-25MAY2222-T111749.99,DELTA,43,114,49,1000,75,yes,44,-14
2025-05-22T18:03:56.262212,KXBTCD-25MAY2222-T111749.99,DELTA,43,114,49,1000,76,no,47,-14
2025-05-22T18:03:56.262272,KXBTCD-25MAY2222-T111749.99,DELTA,43,114,49,1000,77,no,47,30
2025-05-22T18:03:56.262325,KXBTCD-25MAY2222-T111749.99,DELTA,43,114,49,1000,78,no,46,-30
2025-05-22T18:03:56.262376,KXBTCD-25MAY2222-T111749.99,DELTA,43,114,49,1000,79,no,48,14
2025-05-22T18:03:57.650944,KXBTCD-25MAY2222-T111749.99,DELTA,43,114,49,1000,80,no,50,-100
2025-05-22T18:03:57.651100,KXBTCD-25MAY2222-T111749.99,DELTA,43,14,49,1000,81,yes,43,-100
2025-05-22T18:03:57.680907,KXBTCD-25MAY2222-T111749.99,DELTA,43,14,52,14,82,no,51,-1000
2025-05-22T18:03:57.723319,KXBTCD-25MAY2222-T111749.99,DELTA,43,14,52,1014,83,no,48,1000
2025-05-22T18:03:58.564027,KXBTCD-25MAY2222-T111749.99,DELTA,43,14,52,1014,84,yes,8,-4050
2025-05-22T18:03:58.564406,KXBTCD-25MAY2222-T111749.99,DELTA,43,14,52,1014,85,yes,10,3240
2025-05-22T18:03:58.621598,KXBTCD-25MAY2222-T111749.99,DELTA,43,14,52,1014,86,no,8,-4050
2025-05-22T18:03:58.621850,KXBTCD-25MAY2222-T111749.99,DELTA,43,14,52,1014,87,no,10,3240
2025-05-22T18:03:58.641642,KXBTCD-25MAY2222-T111749.99,DELTA,43,14,52,1014,88,yes,9,-20000
2025-05-22T18:03:58.682162,KXBTCD-25MAY2222-T111749.99,DELTA,43,14,52,1014,89,yes,11,20000
2025-05-22T18:03:58.682320,KXBTCD-25MAY2222-T111749.99,DELTA,43,14,52,1014,90,no,9,-20000
2025-05-22T18:03:58.723805,KXBTCD-25MAY2222-T111749.99,DELTA,43,14,52,1014,91,no,11,20000
2025-05-22T18:03:58.822499,KXBTCD-25MAY2222-T111749.99,DELTA,43,14,52,1014,92,yes,41,100
2025-05-22T18:03:58.822703,KXBTCD-25MAY2222-T111749.99,DELTA,43,14,49,100,93,no,51,100
2025-05-22T18:03:58.884661,KXBTCD-25MAY2222-T111749.99,DELTA,43,14,49,100,94,no,48,-1000
2025-05-22T18:03:58.923127,KXBTCD-25MAY2222-T111749.99,DELTA,43,14,48,1000,95,no,52,1000
2025-05-22T18:03:59.423011,KXBTCD-25MAY2222-T111749.99,DELTA,43,14,48,1000,96,no,1,-8000
2025-05-22T18:03:59.462170,KXBTCD-25MAY2222-T111749.99,DELTA,43,14,48,1000,97,no,2,8000
2025-05-22T18:03:59.821544,KXBTCD-25MAY2222-T111749.99,DELTA,43,14,48,1000,98,yes,10,-3240
2025-05-22T18:03:59.821769,KXBTCD-25MAY2222-T111749.99,DELTA,43,14,48,1000,99,yes,12,2700
2025-05-22T18:03:59.862068,KXBTCD-25MAY2222-T111749.99,DELTA,43,14,48,1000,100,no,10,-3240
2025-05-22T18:03:59.862358,KXBTCD-25MAY2222-T111749.99,DELTA,43,14,48,1000,101,no,12,2700
2025-05-22T18:03:59.880533,KXBTCD-25MAY2222-T111749.99,DELTA,43,14,48,1000,102,yes,11,-20000
2025-05-22T18:03:59.921656,KXBTCD-25MAY2222-T111749.99,DELTA,43,14,48,1000,103,no,11,-20000
2025-05-22T18:04:00.984466,KXBTCD-25MAY2222-T111749.99,DELTA,43,14,48,1000,104,yes,12,-2700
2025-05-22T18:04:00.984747,KXBTCD-25MAY2222-T111749.99,DELTA,43,14,48,1000,105,yes,4,8100
2025-05-22T18:04:01.023394,KXBTCD-25MAY2222-T111749.99,DELTA,43,14,48,1000,106,no,12,-2700
2025-05-22T18:04:01.024053,KXBTCD-25MAY2222-T111749.99,DELTA,43,14,48,1000,107,no,4,8100
2025-05-22T18:04:01.042943,KXBTCD-25MAY2222-T111749.99,DELTA,43,14,48,1000,108,yes,5,20000
2025-05-22T18:04:01.144257,KXBTCD-25MAY2222-T111749.99,DELTA,43,14,48,1000,109,no,5,20000
2025-05-22T18:04:01.481781,KXBTCD-25MAY2222-T111749.99,DELTA,43,14,48,1000,110,yes,41,-100
2025-05-22T18:04:01.743063,KXBTCD-25MAY2222-T111749.99,DELTA,43,14,48,995,111,no,52,-5
2025-05-22T18:04:02.103417,KXBTCD-25MAY2222-T111749.99,DELTA,43,14,48,995,112,yes,4,-8100
2025-05-22T18:04:02.103698,KXBTCD-25MAY2222-T111749.99,DELTA,43,14,48,995,113,yes,6,5400
2025-05-22T18:04:02.143288,KXBTCD-25MAY2222-T111749.99,DELTA,43,14,48,995,114,no,4,-8100
2025-05-22T18:04:02.143435,KXBTCD-25MAY2222-T111749.99,DELTA,43,14,48,995,115,no,6,5400
2025-05-22T18:04:02.162120,KXBTCD-25MAY2222-T111749.99,DELTA,43,14,48,995,116,yes,5,-20000
2025-05-22T18:04:02.202694,KXBTCD-25MAY2222-T111749.99,DELTA,43,14,48,995,117,yes,7,20000
2025-05-22T18:04:02.202806,KXBTCD-25MAY2222-T111749.99,DELTA,43,14,48,995,118,no,5,-20000
2025-05-22T18:04:02.241595,KXBTCD-25MAY2222-T111749.99,DELTA,43,14,48,995,119,no,7,20000
2025-05-22T18:04:03.078370,KXBTCD-25MAY2222-T111749.99,DELTA,43,14,48,995,120,yes,41,100
2025-05-22T18:04:03.497483,KXBTCD-25MAY2222-T111749.99,DELTA,43,14,48,995,121,yes,6,-5400
2025-05-22T18:04:03.497858,KXBTCD-25MAY2222-T111749.99,DELTA,43,14,48,995,122,yes,8,4050
2025-05-22T18:04:03.498521,KXBTCD-25MAY2222-T111749.99,DELTA,43,14,48,995,123,no,6,-5400
2025-05-22T18:04:03.498644,KXBTCD-25MAY2222-T111749.99,DELTA,43,14,48,995,124,no,8,4050
2025-05-22T18:04:03.498727,KXBTCD-25MAY2222-T111749.99,DELTA,43,14,48,995,125,yes,41,-100
2025-05-22T18:04:03.561954,KXBTCD-25MAY2222-T111749.99,DELTA,43,14,48,995,126,yes,7,-20000
2025-05-22T18:04:03.582543,KXBTCD-25MAY2222-T111749.99,DELTA,43,14,48,995,127,no,7,-20000
2025-05-22T18:04:03.623060,KXBTCD-25MAY2222-T111749.99,DELTA,43,14,48,995,128,no,9,20000
2025-05-22T18:04:03.623458,KXBTCD-25MAY2222-T111749.99,DELTA,43,14,48,995,129,yes,9,20000
2025-05-22T18:04:04.623375,KXBTCD-25MAY2222-T111749.99,DELTA,43,14,48,995,130,yes,42,100
2025-05-22T18:04:05.102203,KXBTCD-25MAY2222-T111749.99,DELTA,43,14,48,995,131,yes,40,30
2025-05-22T18:04:05.102932,KXBTCD-25MAY2222-T111749.99,DELTA,42,130,48,995,132,yes,43,-14
2025-05-22T18:04:05.103400,KXBTCD-25MAY2222-T111749.99,DELTA,42,130,48,995,133,no,48,-14
2025-05-22T18:04:05.103722,KXBTCD-25MAY2222-T111749.99,DELTA,42,130,48,995,134,no,49,30
2025-05-22T18:04:05.103942,KXBTCD-25MAY2222-T111749.99,DELTA,42,130,48,995,135,yes,41,14
2025-05-22T18:04:05.104298,KXBTCD-25MAY2222-T111749.99,DELTA,42,100,48,995,136,yes,42,-30
2025-05-22T18:04:05.124354,KXBTCD-25MAY2222-T111749.99,DELTA,42,100,48,995,137,no,47,-30
2025-05-22T18:04:05.125087,KXBTCD-25MAY2222-T111749.99,DELTA,42,100,48,995,138,no,50,14
2025-05-22T18:04:05.401212,KXBTCD-25MAY2222-T111749.99,DELTA,42,100,48,995,139,yes,40,14
2025-05-22T18:04:05.422452,KXBTCD-25MAY2222-T111749.99,DELTA,42,100,48,995,140,no,51,14
2025-05-22T18:04:05.422552,KXBTCD-25MAY2222-T111749.99,DELTA,42,100,48,995,141,yes,41,-14
2025-05-22T18:04:05.422619,KXBTCD-25MAY2222-T111749.99,DELTA,42,100,48,995,142,no,2,-8000
2025-05-22T18:04:05.422683,KXBTCD-25MAY2222-T111749.99,DELTA,42,100,48,995,143,no,50,-14
2025-05-22T18:04:05.442141,KXBTCD-25MAY2222-T111749.99,DELTA,42,100,48,995,144,yes,40,-30
2025-05-22T18:04:05.442241,KXBTCD-25MAY2222-T111749.99,DELTA,42,100,48,995,145,yes,39,30
2025-05-22T18:04:05.442318,KXBTCD-25MAY2222-T111749.99,DELTA,42,100,48,995,146,no,49,-30
2025-05-22T18:04:05.442389,KXBTCD-25MAY2222-T111749.99,DELTA,42,100,48,995,147,no,50,30
2025-05-22T18:04:05.481504,KXBTCD-25MAY2222-T111749.99,DELTA,42,100,48,995,148,no,3,8000
2025-05-22T18:04:05.501529,KXBTCD-25MAY2222-T111749.99,DELTA,42,100,48,995,149,yes,20,-200
2025-05-22T18:04:05.501659,KXBTCD-25MAY2222-T111749.99,DELTA,42,100,48,995,150,yes,10,200
2025-05-22T18:04:05.522784,KXBTCD-25MAY2222-T111749.99,DELTA,42,100,48,995,151,no,3,-8000
2025-05-22T18:04:05.584259,KXBTCD-25MAY2222-T111749.99,DELTA,42,100,48,995,152,yes,21,-2000
2025-05-22T18:04:05.584444,KXBTCD-25MAY2222-T111749.99,DELTA,42,100,48,995,153,no,5,8000
2025-05-22T18:04:05.584588,KXBTCD-25MAY2222-T111749.99,DELTA,42,100,48,995,154,yes,21,-1000
2025-05-22T18:04:05.641407,KXBTCD-25MAY2222-T111749.99,DELTA,42,100,48,995,155,yes,11,2000
2025-05-22T18:04:05.642169,KXBTCD-25MAY2222-T111749.99,DELTA,42,100,48,995,156,yes,11,1000
2025-05-22T18:04:05.785504,KXBTCD-25MAY2222-T111749.99,DELTA,42,100,48,995,157,yes,38,14
2025-05-22T18:04:05.802496,KXBTCD-25MAY2222-T111749.99,DELTA,42,100,47,14,158,no,53,14
2025-05-22T18:04:05.803382,KXBTCD-25MAY2222-T111749.99,DELTA,42,100,47,14,159,yes,40,-14
2025-05-22T18:04:05.804288,KXBTCD-25MAY2222-T111749.99,DELTA,42,100,47,14,160,no,51,-14
2025-05-22T18:04:06.022447,KXBTCD-25MAY2222-T111749.99,DELTA,42,100,47,14,161,yes,37,30
2025-05-22T18:04:06.024506,KXBTCD-25MAY2222-T111749.99,DELTA,42,100,47,14,162,yes,39,-30
2025-05-22T18:04:06.025475,KXBTCD-25MAY2222-T111749.99,DELTA,42,100,47,14,163,no,52,30
2025-05-22T18:04:06.026044,KXBTCD-25MAY2222-T111749.99,DELTA,42,100,47,14,164,no,50,-30
2025-05-22T18:04:06.043140,KXBTCD-25MAY2222-T111749.99,DELTA,42,100,47,14,165,no,51,-100
2025-05-22T18:04:06.065052,KXBTCD-25MAY2222-T111749.99,DELTA,38,14,47,14,166,yes,42,-100
2025-05-22T18:04:06.083166,KXBTCD-25MAY2222-T111749.99,DELTA,38,14,47,14,167,no,52,-995
2025-05-22T18:04:06.143189,KXBTCD-25MAY2222-T111749.99,DELTA,38,14,47,1014,168,no,53,1000
2025-05-22T18:04:07.823942,KXBTCD-25MAY2222-T111749.99,DELTA,38,14,47,1114,169,no,53,100
2025-05-22T18:04:07.844759,KXBTCD-25MAY2222-T111749.99,DELTA,39,100,47,1114,170,yes,39,100
2025-05-22T18:04:07.882033,KXBTCD-25MAY2222-T111749.99,DELTA,39,100,47,114,171,no,53,-1000
2025-05-22T18:04:07.922779,KXBTCD-25MAY2222-T111749.99,DELTA,39,100,46,1000,172,no,54,1000
2025-05-22T18:04:07.942776,KXBTCD-25MAY2222-T111749.99,DELTA,39,100,46,1000,173,yes,22,-9
2025-05-22T18:04:07.942977,KXBTCD-25MAY2222-T111749.99,DELTA,39,100,46,1000,174,yes,17,9
2025-05-22T18:04:08.002743,KXBTCD-25MAY2222-T111749.99,DELTA,39,100,46,1000,175,yes,8,-4050
2025-05-22T18:04:08.002887,KXBTCD-25MAY2222-T111749.99,DELTA,39,100,46,1000,176,yes,12,2700
2025-05-22T18:04:08.062714,KXBTCD-25MAY2222-T111749.99,DELTA,39,100,46,1000,177,no,8,-4050
2025-05-22T18:04:08.062963,KXBTCD-25MAY2222-T111749.99,DELTA,39,100,46,1000,178,no,10,3240
2025-05-22T18:04:08.063055,KXBTCD-25MAY2222-T111749.99,DELTA,39,100,46,1000,179,yes,9,-20000
2025-05-22T18:04:08.063146,KXBTCD-25MAY2222-T111749.99,DELTA,39,100,46,1000,180,yes,11,-2000
2025-05-22T18:04:08.082990,KXBTCD-25MAY2222-T111749.99,DELTA,39,100,46,1000,181,yes,11,-1000
2025-05-22T18:04:08.123530,KXBTCD-25MAY2222-T111749.99,DELTA,39,100,46,1000,182,yes,13,1000
2025-05-22T18:04:08.123716,KXBTCD-25MAY2222-T111749.99,DELTA,39,100,46,1000,183,yes,13,2000
2025-05-22T18:04:08.123826,KXBTCD-25MAY2222-T111749.99,DELTA,39,100,46,1000,184,no,9,-20000
2025-05-22T18:04:08.123921,KXBTCD-25MAY2222-T111749.99,DELTA,39,100,46,1000,185,no,53,-100
2025-05-22T18:04:08.161008,KXBTCD-25MAY2222-T111749.99,DELTA,39,100,46,1000,186,no,11,20000
2025-05-22T18:04:08.181050,KXBTCD-25MAY2222-T111749.99,DELTA,39,100,47,14,187,no,54,-1000
2025-05-22T18:04:08.223069,KXBTCD-25MAY2222-T111749.99,DELTA,39,100,47,1014,188,no,53,1000
2025-05-22T18:04:09.541581,KXBTCD-25MAY2222-T111749.99,DELTA,39,100,45,100,189,no,55,100
2025-05-22T18:04:09.600822,KXBTCD-25MAY2222-T111749.99,DELTA,39,100,45,100,190,no,53,-1000
2025-05-22T18:04:09.641740,KXBTCD-25MAY2222-T111749.99,DELTA,39,100,44,1000,191,no,56,1000
2025-05-22T18:04:10.562038,KXBTCD-25MAY2222-T111749.99,DELTA,38,14,44,1000,192,yes,39,-100
2025-05-22T18:04:10.642438,KXBTCD-25MAY2222-T111749.99,DELTA,38,14,44,1000,193,yes,12,-2700
2025-05-22T18:04:10.642778,KXBTCD-25MAY2222-T111749.99,DELTA,38,14,44,1000,194,yes,11,2945
2025-05-22T18:04:10.682091,KXBTCD-25MAY2222-T111749.99,DELTA,38,14,44,1000,195,no,10,-3240
2025-05-22T18:04:10.682435,KXBTCD-25MAY2222-T111749.99,DELTA,38,14,44,1000,196,no,12,2700
2025-05-22T18:04:10.705462,KXBTCD-25MAY2222-T111749.99,DELTA,38,14,44,1000,197,yes,13,-2000
2025-05-22T18:04:10.721701,KXBTCD-25MAY2222-T111749.99,DELTA,38,14,44,1000,198,yes,13,-1000
2025-05-22T18:04:10.742969,KXBTCD-25MAY2222-T111749.99,DELTA,38,14,44,1000,199,no,11,-20000
2025-05-22T18:04:10.762676,KXBTCD-25MAY2222-T111749.99,DELTA,38,14,44,1000,200,yes,12,1000
2025-05-22T18:04:10.763280,KXBTCD-25MAY2222-T111749.99,DELTA,38,14,44,1000,201,yes,12,2000
2025-05-22T18:04:11.242443,KXBTCD-25MAY2222-T111749.99,DELTA,38,14,44,1000,202,yes,37,-30
2025-05-22T18:04:11.242971,KXBTCD-25MAY2222-T111749.99,DELTA,38,14,44,1000,203,yes,35,30
2025-05-22T18:04:11.262576,KXBTCD-25MAY2222-T111749.99,DELTA,38,14,44,1000,204,no,54,30
2025-05-22T18:04:11.262899,KXBTCD-25MAY2222-T111749.99,DELTA,38,14,44,1000,205,no,52,-30
2025-05-22T18:04:11.263078,KXBTCD-25MAY2222-T111749.99,DELTA,38,14,44,1000,206,yes,36,14
2025-05-22T18:04:11.263220,KXBTCD-25MAY2222-T111749.99,DELTA,36,14,44,1000,207,yes,38,-14
2025-05-22T18:04:11.263343,KXBTCD-25MAY2222-T111749.99,DELTA,36,14,44,1000,208,no,53,-14
2025-05-22T18:04:11.263484,KXBTCD-25MAY2222-T111749.99,DELTA,36,14,44,1000,209,no,55,14
2025-05-22T18:04:11.323482,KXBTCD-25MAY2222-T111749.99,DELTA,36,14,44,1000,210,no,5,-8000
2025-05-22T18:04:11.362963,KXBTCD-25MAY2222-T111749.99,DELTA,36,14,44,1000,211,no,6,8000
2025-05-22T18:04:11.955827,KXBTCD-25MAY2222-T111749.99,DELTA,36,14,44,1000,212,no,12,-2700
2025-05-22T18:04:11.956253,KXBTCD-25MAY2222-T111749.99,DELTA,36,14,44,1000,213,no,7,4628
2025-05-22T18:04:12.005923,KXBTCD-25MAY2222-T111749.99,DELTA,36,14,44,1000,214,no,8,20000
2025-05-22T18:04:12.190608,KXBTCD-25MAY2222-T111749.99,DELTA,36,14,44,1000,215,no,55,-100
2025-05-22T18:04:12.242811,KXBTCD-25MAY2222-T111749.99,DELTA,36,14,45,14,216,no,56,-1000
2025-05-22T18:04:12.288746,KXBTCD-25MAY2222-T111749.99,DELTA,36,14,45,1014,217,no,55,1000
2025-05-22T18:04:12.322862,KXBTCD-25MAY2222-T111749.99,DELTA,36,114,45,1014,218,yes,36,100
2025-05-22T18:04:13.162841,KXBTCD-25MAY2222-T111749.99,DELTA,36,114,45,1014,219,yes,11,-2945
2025-05-22T18:04:13.163273,KXBTCD-25MAY2222-T111749.99,DELTA,36,114,45,1014,220,yes,10,3240
2025-05-22T18:04:13.222209,KXBTCD-25MAY2222-T111749.99,DELTA,36,114,45,1014,221,no,7,-4628
2025-05-22T18:04:13.222553,KXBTCD-25MAY2222-T111749.99,DELTA,36,114,45,1014,222,no,9,3600
2025-05-22T18:04:13.222732,KXBTCD-25MAY2222-T111749.99,DELTA,36,114,45,1014,223,yes,12,-2000
2025-05-22T18:04:13.242496,KXBTCD-25MAY2222-T111749.99,DELTA,36,114,45,1014,224,yes,12,-1000
2025-05-22T18:04:13.242783,KXBTCD-25MAY2222-T111749.99,DELTA,36,114,45,1014,225,yes,11,20000
2025-05-22T18:04:13.283712,KXBTCD-25MAY2222-T111749.99,DELTA,36,114,45,1014,226,yes,11,1000
2025-05-22T18:04:13.284364,KXBTCD-25MAY2222-T111749.99,DELTA,36,114,45,1014,227,yes,11,2000
2025-05-22T18:04:13.284535,KXBTCD-25MAY2222-T111749.99,DELTA,36,114,45,1014,228,no,8,-20000
2025-05-22T18:04:13.322660,KXBTCD-25MAY2222-T111749.99,DELTA,36,114,45,1014,229,no,10,20000
2025-05-22T18:04:14.022345,KXBTCD-25MAY2222-T111749.99,DELTA,36,14,45,1014,230,yes,36,-100
2025-05-22T18:04:14.482071,KXBTCD-25MAY2222-T111749.99,DELTA,36,14,45,1014,231,no,9,-3600
2025-05-22T18:04:14.483135,KXBTCD-25MAY2222-T111749.99,DELTA,36,14,45,1014,232,no,11,2945
2025-05-22T18:04:14.522409,KXBTCD-25MAY2222-T111749.99,DELTA,36,14,45,1114,233,no,55,100
2025-05-22T18:04:14.602872,KXBTCD-25MAY2222-T111749.99,DELTA,36,14,45,1114,234,no,10,-20000
2025-05-22T18:04:14.623341,KXBTCD-25MAY2222-T111749.99,DELTA,36,14,45,114,235,no,55,-1000
2025-05-22T18:04:14.682961,KXBTCD-25MAY2222-T111749.99,DELTA,36,14,44,1000,236,no,56,1000
2025-05-22T18:04:15.462380,KXBTCD-25MAY2222-T111749.99,DELTA,36,14,44,1000,237,no,55,-100
2025-05-22T18:04:15.522199,KXBTCD-25MAY2222-T111749.99,DELTA,36,114,44,1000,238,yes,36,100
2025-05-22T18:04:15.623088,KXBTCD-25MAY2222-T111749.99,DELTA,36,114,45,14,239,no,56,-1000
2025-05-22T18:04:15.641976,KXBTCD-25MAY2222-T111749.99,DELTA,36,114,45,14,240,no,11,-2945
2025-05-22T18:04:15.642783,KXBTCD-25MAY2222-T111749.99,DELTA,36,114,45,14,241,no,7,4628
2025-05-22T18:04:15.663499,KXBTCD-25MAY2222-T111749.99,DELTA,36,114,45,1014,242,no,55,1000
2025-05-22T18:04:15.703825,KXBTCD-25MAY2222-T111749.99,DELTA,36,114,45,1014,243,no,8,20000
2025-05-22T18:04:15.843501,KXBTCD-25MAY2222-T111749.99,DELTA,36,14,45,1014,244,yes,36,-100
2025-05-22T18:04:16.283339,KXBTCD-25MAY2222-T111749.99,DELTA,36,14,44,100,245,no,56,100
2025-05-22T18:04:16.362438,KXBTCD-25MAY2222-T111749.99,DELTA,36,14,44,100,246,no,55,-1000
2025-05-22T18:04:16.402731,KXBTCD-25MAY2222-T111749.99,DELTA,36,14,43,1000,247,no,57,1000
2025-05-22T18:04:16.902708,KXBTCD-25MAY2222-T111749.99,DELTA,36,14,43,1000,248,no,34,-3000
2025-05-22T18:04:16.924341,KXBTCD-25MAY2222-T111749.99,DELTA,36,14,43,1000,249,no,6,-8000
2025-05-22T18:04:16.962777,KXBTCD-25MAY2222-T111749.99,DELTA,36,14,43,1000,250,no,7,8000
2025-05-22T18:04:16.963076,KXBTCD-25MAY2222-T111749.99,DELTA,36,14,43,1000,251,no,42,3000
2025-05-22T18:04:17.722259,KXBTCD-25MAY2222-T111749.99,DELTA,37,100,43,1000,252,yes,37,100
2025-05-22T18:04:21.602207,KXBTCD-25MAY2222-T111749.99,DELTA,37,100,43,1000,253,no,7,-4628
2025-05-22T18:04:21.603318,KXBTCD-25MAY2222-T111749.99,DELTA,37,100,43,1000,254,no,9,3600
2025-05-22T18:04:21.662203,KXBTCD-25MAY2222-T111749.99,DELTA,37,100,43,1000,255,no,8,-20000
2025-05-22T18:04:21.702473,KXBTCD-25MAY2222-T111749.99,DELTA,37,100,43,1000,256,no,10,20000
2025-05-22T18:04:24.082185,KXBTCD-25MAY2222-T111749.99,DELTA,37,100,43,1000,257,yes,10,-3240
2025-05-22T18:04:24.082369,KXBTCD-25MAY2222-T111749.99,DELTA,37,100,43,1000,258,yes,4,8100
2025-05-22T18:04:24.123815,KXBTCD-25MAY2222-T111749.99,DELTA,37,100,43,1000,259,no,9,-3600
2025-05-22T18:04:24.124020,KXBTCD-25MAY2222-T111749.99,DELTA,37,100,43,1000,260,no,11,2945
2025-05-22T18:04:24.142274,KXBTCD-25MAY2222-T111749.99,DELTA,37,100,43,1000,261,yes,11,-20000
2025-05-22T18:04:24.184238,KXBTCD-25MAY2222-T111749.99,DELTA,37,100,43,1000,262,no,10,-20000
2025-05-22T18:04:24.185137,KXBTCD-25MAY2222-T111749.99,DELTA,37,100,43,1000,263,yes,5,20000
2025-05-22T18:04:24.623850,KXBTCD-25MAY2222-T111749.99,DELTA,37,100,43,1000,264,yes,34,30
2025-05-22T18:04:24.643570,KXBTCD-25MAY2222-T111749.99,DELTA,37,100,43,1000,265,yes,36,-14
2025-05-22T18:04:24.643975,KXBTCD-25MAY2222-T111749.99,DELTA,37,100,43,1000,266,yes,35,-30
2025-05-22T18:04:24.644151,KXBTCD-25MAY2222-T111749.99,DELTA,37,100,43,1000,267,yes,35,14
2025-05-22T18:04:24.644291,KXBTCD-25MAY2222-T111749.99,DELTA,37,100,43,1000,268,no,55,30
2025-05-22T18:04:24.644420,KXBTCD-25MAY2222-T111749.99,DELTA,37,100,43,1000,269,no,55,-14
2025-05-22T18:04:24.644631,KXBTCD-25MAY2222-T111749.99,DELTA,37,100,43,1000,270,no,56,14
2025-05-22T18:04:24.644771,KXBTCD-25MAY2222-T111749.99,DELTA,37,100,43,1000,271,no,54,-30
2025-05-22T18:04:25.123326,KXBTCD-25MAY2222-T111749.99,DELTA,35,14,43,1000,272,yes,37,-100
2025-05-22T18:04:25.202259,KXBTCD-25MAY2222-T111749.99,DELTA,35,14,43,1000,273,no,56,-100
2025-05-22T18:04:25.203712,KXBTCD-25MAY2222-T111749.99,DELTA,35,14,43,1000,274,no,7,-8000
2025-05-22T18:04:25.203821,KXBTCD-25MAY2222-T111749.99,DELTA,35,14,43,1000,275,yes,16,-3000
2025-05-22T18:04:25.222400,KXBTCD-25MAY2222-T111749.99,DELTA,35,14,44,14,276,no,57,-1000
2025-05-22T18:04:25.242732,KXBTCD-25MAY2222-T111749.99,DELTA,35,14,44,14,277,yes,10,-200
2025-05-22T18:04:25.243059,KXBTCD-25MAY2222-T111749.99,DELTA,35,14,44,14,278,no,8,8000
2025-05-22T18:04:25.263085,KXBTCD-25MAY2222-T111749.99,DELTA,35,14,44,1014,279,no,56,1000
2025-05-22T18:04:25.263743,KXBTCD-25MAY2222-T111749.99,DELTA,35,14,44,1014,280,yes,9,3000
2025-05-22T18:04:25.302020,KXBTCD-25MAY2222-T111749.99,DELTA,35,14,44,1014,281,yes,34,-30
2025-05-22T18:04:25.302887,KXBTCD-25MAY2222-T111749.99,DELTA,35,14,44,1014,282,yes,32,30
2025-05-22T18:04:25.303336,KXBTCD-25MAY2222-T111749.99,DELTA,35,14,44,1014,283,yes,11,-2000
2025-05-22T18:04:25.303760,KXBTCD-25MAY2222-T111749.99,DELTA,35,14,43,30,284,no,57,30
2025-05-22T18:04:25.304186,KXBTCD-25MAY2222-T111749.99,DELTA,35,14,43,30,285,no,55,-30
2025-05-22T18:04:25.306848,KXBTCD-25MAY2222-T111749.99,DELTA,35,14,43,30,286,yes,33,14
2025-05-22T18:04:25.307005,KXBTCD-25MAY2222-T111749.99,DELTA,33,14,43,30,287,yes,35,-14
2025-05-22T18:04:25.323979,KXBTCD-25MAY2222-T111749.99,DELTA,33,14,43,30,288,yes,11,-1000
2025-05-22T18:04:25.324495,KXBTCD-25MAY2222-T111749.99,DELTA,33,14,42,14,289,no,58,14
2025-05-22T18:04:25.324948,KXBTCD-25MAY2222-T111749.99,DELTA,33,14,42,14,290,no,56,-14
2025-05-22T18:04:25.362311,KXBTCD-25MAY2222-T111749.99,DELTA,33,14,42,14,291,yes,5,2000
2025-05-22T18:04:25.362923,KXBTCD-25MAY2222-T111749.99,DELTA,33,14,42,14,292,yes,5,1000
2025-05-22T18:04:25.363358,KXBTCD-25MAY2222-T111749.99,DELTA,33,14,42,14,293,no,56,-1000
2025-05-22T18:04:25.404212,KXBTCD-25MAY2222-T111749.99,DELTA,33,14,42,1014,294,no,58,1000
2025-05-22T18:04:25.461336,KXBTCD-25MAY2222-T111749.99,DELTA,33,14,42,1014,295,yes,4,-8100
2025-05-22T18:04:25.461510,KXBTCD-25MAY2222-T111749.99,DELTA,33,14,42,1014,296,yes,9,3600
2025-05-22T18:04:25.521437,KXBTCD-25MAY2222-T111749.99,DELTA,33,14,42,1014,297,no,11,-2945
2025-05-22T18:04:25.521780,KXBTCD-25MAY2222-T111749.99,DELTA,33,14,42,1014,298,no,9,3600
2025-05-22T18:04:25.542448,KXBTCD-25MAY2222-T111749.99,DELTA,33,14,42,1014,299,yes,5,-20000
2025-05-22T18:04:25.542720,KXBTCD-25MAY2222-T111749.99,DELTA,33,14,42,1014,300,yes,5,-2000
2025-05-22T18:04:25.562968,KXBTCD-25MAY2222-T111749.99,DELTA,33,14,42,1014,301,yes,5,-1000
2025-05-22T18:04:25.621968,KXBTCD-25MAY2222-T111749.99,DELTA,33,14,42,1014,302,yes,10,20000
2025-05-22T18:04:25.622349,KXBTCD-25MAY2222-T111749.99,DELTA,33,14,42,1014,303,yes,10,2000
2025-05-22T18:04:25.622455,KXBTCD-25MAY2222-T111749.99,DELTA,33,14,42,1014,304,yes,10,1000
2025-05-22T18:04:25.622523,KXBTCD-25MAY2222-T111749.99,DELTA,33,14,42,1014,305,no,10,20000
2025-05-22T18:04:26.345664,KXBTCD-25MAY2222-T111749.99,DELTA,34,100,42,1014,306,yes,34,100
2025-05-22T18:04:26.361844,KXBTCD-25MAY2222-T111749.99,DELTA,34,100,42,1114,307,no,58,100
2025-05-22T18:04:26.421831,KXBTCD-25MAY2222-T111749.99,DELTA,34,100,42,114,308,no,58,-1000
2025-05-22T18:04:26.463256,KXBTCD-25MAY2222-T111749.99,DELTA,34,100,41,1000,309,no,59,1000
2025-05-22T18:04:26.463810,KXBTCD-25MAY2222-T111749.99,DELTA,34,100,41,1000,310,yes,17,-9
2025-05-22T18:04:26.464203,KXBTCD-25MAY2222-T111749.99,DELTA,34,100,41,1000,311,yes,11,9
2025-05-22T18:04:26.741875,KXBTCD-25MAY2222-T111749.99,DELTA,34,100,41,1000,312,yes,9,-3600
2025-05-22T18:04:26.742326,KXBTCD-25MAY2222-T111749.99,DELTA,34,100,41,1000,313,yes,4,8100
2025-05-22T18:04:26.783843,KXBTCD-25MAY2222-T111749.99,DELTA,34,100,41,1000,314,no,9,-3600
2025-05-22T18:04:26.784409,KXBTCD-25MAY2222-T111749.99,DELTA,34,100,41,1000,315,no,11,2945
2025-05-22T18:04:26.803470,KXBTCD-25MAY2222-T111749.99,DELTA,34,100,41,1000,316,yes,10,-20000
2025-05-22T18:04:26.823260,KXBTCD-25MAY2222-T111749.99,DELTA,34,100,41,1000,317,yes,10,-2000
2025-05-22T18:04:26.823658,KXBTCD-25MAY2222-T111749.99,DELTA,34,100,41,1000,318,yes,10,-1000
2025-05-22T18:04:26.842279,KXBTCD-25MAY2222-T111749.99,DELTA,34,100,41,1000,319,no,10,-20000
2025-05-22T18:04:26.863994,KXBTCD-25MAY2222-T111749.99,DELTA,34,100,41,1000,320,yes,5,1000
2025-05-22T18:04:26.864545,KXBTCD-25MAY2222-T111749.99,DELTA,34,100,41,1000,321,yes,5,20000
2025-05-22T18:04:26.864735,KXBTCD-25MAY2222-T111749.99,DELTA,34,100,41,1000,322,yes,5,2000
2025-05-22T18:04:27.843752,KXBTCD-25MAY2222-T111749.99,DELTA,34,100,41,1000,323,yes,4,-8100
2025-05-22T18:04:27.844693,KXBTCD-25MAY2222-T111749.99,DELTA,34,100,41,1000,324,yes,6,5400
2025-05-22T18:04:27.923051,KXBTCD-25MAY2222-T111749.99,DELTA,34,100,41,1000,325,no,11,-2945
2025-05-22T18:04:27.924216,KXBTCD-25MAY2222-T111749.99,DELTA,34,100,41,1000,326,no,9,3600
2025-05-22T18:04:27.925057,KXBTCD-25MAY2222-T111749.99,DELTA,34,100,41,1000,327,yes,5,-20000
2025-05-22T18:04:27.925737,KXBTCD-25MAY2222-T111749.99,DELTA,34,100,41,1000,328,yes,5,-2000
2025-05-22T18:04:27.942774,KXBTCD-25MAY2222-T111749.99,DELTA,34,100,41,1000,329,yes,5,-1000
2025-05-22T18:04:27.962949,KXBTCD-25MAY2222-T111749.99,DELTA,34,100,41,1000,330,yes,10,9
2025-05-22T18:04:27.963761,KXBTCD-25MAY2222-T111749.99,DELTA,34,100,41,1000,331,yes,11,-9
2025-05-22T18:04:27.983652,KXBTCD-25MAY2222-T111749.99,DELTA,34,100,41,1000,332,no,10,20000
2025-05-22T18:04:27.984678,KXBTCD-25MAY2222-T111749.99,DELTA,34,100,41,1000,333,yes,7,2000
2025-05-22T18:04:27.985447,KXBTCD-25MAY2222-T111749.99,DELTA,34,100,41,1000,334,yes,7,20000
2025-05-22T18:04:27.986133,KXBTCD-25MAY2222-T111749.99,DELTA,34,100,41,1000,335,yes,7,1000
2025-05-22T18:04:28.575996,KXBTCD-25MAY2222-T111749.99,DELTA,34,100,41,1000,336,no,8,-8000
2025-05-22T18:04:28.601351,KXBTCD-25MAY2222-T111749.99,DELTA,34,100,41,1000,337,no,58,-100
2025-05-22T18:04:28.621315,KXBTCD-25MAY2222-T111749.99,DELTA,34,100,41,1000,338,no,9,8000
2025-05-22T18:04:28.661454,KXBTCD-25MAY2222-T111749.99,DELTA,34,100,42,14,339,no,59,-1000
2025-05-22T18:04:28.702556,KXBTCD-25MAY2222-T111749.99,DELTA,34,100,42,1014,340,no,58,1000
2025-05-22T18:04:29.044241,KXBTCD-25MAY2222-T111749.99,DELTA,34,100,42,1014,341,yes,6,-5400
2025-05-22T18:04:29.044595,KXBTCD-25MAY2222-T111749.99,DELTA,34,100,42,1014,342,yes,7,4628
2025-05-22T18:04:29.101397,KXBTCD-25MAY2222-T111749.99,DELTA,34,100,42,1014,343,no,9,-3600
2025-05-22T18:04:29.101745,KXBTCD-25MAY2222-T111749.99,DELTA,34,100,42,1014,344,no,11,2945
2025-05-22T18:04:29.101881,KXBTCD-25MAY2222-T111749.99,DELTA,34,100,42,1014,345,yes,7,-20000
2025-05-22T18:04:29.101989,KXBTCD-25MAY2222-T111749.99,DELTA,34,100,42,1014,346,yes,7,-2000
2025-05-22T18:04:29.121042,KXBTCD-25MAY2222-T111749.99,DELTA,34,100,42,1014,347,yes,7,-1000
2025-05-22T18:04:29.162546,KXBTCD-25MAY2222-T111749.99,DELTA,34,100,42,1014,348,yes,8,1000
2025-05-22T18:04:29.163050,KXBTCD-25MAY2222-T111749.99,DELTA,34,100,42,1014,349,yes,8,2000
2025-05-22T18:04:29.163311,KXBTCD-25MAY2222-T111749.99,DELTA,34,100,42,1014,350,yes,8,20000
2025-05-22T18:04:29.181615,KXBTCD-25MAY2222-T111749.99,DELTA,34,100,42,1014,351,no,10,-20000
2025-05-22T18:04:29.261952,KXBTCD-25MAY2222-T111749.99,DELTA,34,100,42,1014,352,yes,31,14
2025-05-22T18:04:29.263128,KXBTCD-25MAY2222-T111749.99,DELTA,34,100,42,1014,353,yes,33,-14
2025-05-22T18:04:29.263961,KXBTCD-25MAY2222-T111749.99,DELTA,34,100,42,1014,354,yes,30,30
2025-05-22T18:04:29.264717,KXBTCD-25MAY2222-T111749.99,DELTA,34,100,42,1014,355,no,9,-8000
2025-05-22T18:04:29.284155,KXBTCD-25MAY2222-T111749.99,DELTA,34,100,42,1014,356,yes,32,-30
2025-05-22T18:04:29.284806,KXBTCD-25MAY2222-T111749.99,DELTA,34,100,41,30,357,no,59,30
2025-05-22T18:04:29.285295,KXBTCD-25MAY2222-T111749.99,DELTA,34,100,41,30,358,no,58,-14
2025-05-22T18:04:29.285723,KXBTCD-25MAY2222-T111749.99,DELTA,34,100,40,14,359,no,60,14
2025-05-22T18:04:29.286245,KXBTCD-25MAY2222-T111749.99,DELTA,34,100,40,14,360,no,57,-30
2025-05-22T18:04:29.323448,KXBTCD-25MAY2222-T111749.99,DELTA,34,100,40,14,361,no,30,-200
2025-05-22T18:04:29.323905,KXBTCD-25MAY2222-T111749.99,DELTA,34,100,40,14,362,no,40,200
2025-05-22T18:04:29.324239,KXBTCD-25MAY2222-T111749.99,DELTA,34,100,40,14,363,no,11,8000
2025-05-22T18:04:29.343946,KXBTCD-25MAY2222-T111749.99,DELTA,34,100,40,14,364,yes,31,-14
2025-05-22T18:04:29.344185,KXBTCD-25MAY2222-T111749.99,DELTA,34,100,40,14,365,yes,29,14
2025-05-22T18:04:29.344336,KXBTCD-25MAY2222-T111749.99,DELTA,34,100,41,30,366,no,60,-14
2025-05-22T18:04:29.344472,KXBTCD-25MAY2222-T111749.99,DELTA,34,100,38,14,367,no,62,14
2025-05-22T18:04:29.381670,KXBTCD-25MAY2222-T111749.99,DELTA,34,100,38,14,368,no,58,-1000
2025-05-22T18:04:29.423326,KXBTCD-25MAY2222-T111749.99,DELTA,34,100,38,14,369,no,31,-2000
2025-05-22T18:04:29.423947,KXBTCD-25MAY2222-T111749.99,DELTA,34,100,38,14,370,no,60,1000
2025-05-22T18:04:29.461511,KXBTCD-25MAY2222-T111749.99,DELTA,34,100,38,14,371,yes,30,-30
2025-05-22T18:04:29.461811,KXBTCD-25MAY2222-T111749.99,DELTA,34,100,38,14,372,no,59,-30
2025-05-22T18:04:29.461957,KXBTCD-25MAY2222-T111749.99,DELTA,34,100,38,14,373,no,41,2000
2025-05-22T18:04:29.462080,KXBTCD-25MAY2222-T111749.99,DELTA,34,100,38,14,374,yes,28,30
2025-05-22T18:04:29.481653,KXBTCD-25MAY2222-T111749.99,DELTA,34,100,38,14,375,no,61,30
2025-05-22T18:04:29.542128,KXBTCD-25MAY2222-T111749.99,DELTA,34,100,38,14,376,no,60,-1000
2025-05-22T18:04:29.601774,KXBTCD-25MAY2222-T111749.99,DELTA,34,100,38,1014,377,no,62,1000
2025-05-22T18:04:30.123870,KXBTCD-25MAY2222-T111749.99,DELTA,34,100,38,1014,378,no,11,-8000
2025-05-22T18:04:30.184166,KXBTCD-25MAY2222-T111749.99,DELTA,34,100,38,1014,379,no,12,8000
2025-05-22T18:04:30.243696,KXBTCD-25MAY2222-T111749.99,DELTA,34,100,38,1014,380,yes,30,9
2025-05-22T18:04:30.244538,KXBTCD-25MAY2222-T111749.99,DELTA,34,100,38,1014,381,yes,10,-9
2025-05-22T18:04:30.302940,KXBTCD-25MAY2222-T111749.99,DELTA,34,100,38,1014,382,yes,8,1250
2025-05-22T18:04:30.462062,KXBTCD-25MAY2222-T111749.99,DELTA,30,9,38,1014,383,yes,34,-100
2025-05-22T18:04:30.462830,KXBTCD-25MAY2222-T111749.99,DELTA,30,9,38,1014,384,no,60,100
2025-05-22T18:04:30.763141,KXBTCD-25MAY2222-T111749.99,DELTA,30,9,38,1014,385,no,12,-8000
2025-05-22T18:04:30.784216,KXBTCD-25MAY2222-T111749.99,DELTA,30,9,38,1014,386,yes,28,14
2025-05-22T18:04:30.784504,KXBTCD-25MAY2222-T111749.99,DELTA,30,9,37,14,387,no,63,14
2025-05-22T18:04:30.802199,KXBTCD-25MAY2222-T111749.99,DELTA,30,9,37,14,388,yes,29,-14
2025-05-22T18:04:30.802414,KXBTCD-25MAY2222-T111749.99,DELTA,30,9,37,14,389,no,13,8000
2025-05-22T18:04:30.821938,KXBTCD-25MAY2222-T111749.99,DELTA,30,9,37,14,390,no,62,-14
2025-05-22T18:04:30.822543,KXBTCD-25MAY2222-T111749.99,DELTA,30,9,37,14,391,yes,27,30
2025-05-22T18:04:30.843057,KXBTCD-25MAY2222-T111749.99,DELTA,30,9,37,14,392,no,62,30
2025-05-22T18:04:30.843634,KXBTCD-25MAY2222-T111749.99,DELTA,30,9,37,14,393,yes,28,-30
2025-05-22T18:04:30.844196,KXBTCD-25MAY2222-T111749.99,DELTA,30,9,37,14,394,no,61,-30
2025-05-22T18:04:30.902975,KXBTCD-25MAY2222-T111749.99,DELTA,30,9,37,14,395,no,62,-1000
2025-05-22T18:04:30.943563,KXBTCD-25MAY2222-T111749.99,DELTA,30,9,37,1014,396,no,63,1000
2025-05-22T18:04:31.024114,KXBTCD-25MAY2222-T111749.99,DELTA,28,14,37,1014,397,yes,30,-9
2025-05-22T18:04:31.025113,KXBTCD-25MAY2222-T111749.99,DELTA,28,14,37,1014,398,no,43,9
2025-05-22T18:04:31.025630,KXBTCD-25MAY2222-T111749.99,DELTA,28,14,37,1014,399,yes,10,9
2025-05-22T18:04:31.047428,KXBTCD-25MAY2222-T111749.99,DELTA,28,14,37,1014,400,no,60,-100
2025-05-22T18:04:32.384728,KXBTCD-25MAY2222-T111749.99,DELTA,28,14,37,1014,401,yes,8,-1250
2025-05-22T18:04:32.503962,KXBTCD-25MAY2222-T111749.99,DELTA,28,14,37,1014,402,no,43,-9
2025-05-22T18:04:32.884685,KXBTCD-25MAY2222-T111749.99,DELTA,30,100,37,1014,403,yes,30,100
2025-05-22T18:04:32.901994,KXBTCD-25MAY2222-T111749.99,DELTA,30,100,37,1014,404,no,62,100
2025-05-22T18:04:33.482250,KXBTCD-25MAY2222-T111749.99,DELTA,30,100,37,1014,405,yes,7,-4628
2025-05-22T18:04:33.482532,KXBTCD-25MAY2222-T111749.99,DELTA,30,100,37,1014,406,yes,4,8100
2025-05-22T18:04:33.543133,KXBTCD-25MAY2222-T111749.99,DELTA,30,100,37,1014,407,no,11,-2945
2025-05-22T18:04:33.543317,KXBTCD-25MAY2222-T111749.99,DELTA,30,100,37,1014,408,no,14,2314
2025-05-22T18:04:33.543387,KXBTCD-25MAY2222-T111749.99,DELTA,30,100,37,1014,409,yes,8,-20000
2025-05-22T18:04:33.563262,KXBTCD-25MAY2222-T111749.99,DELTA,30,100,37,1014,410,yes,8,-2000
2025-05-22T18:04:33.563347,KXBTCD-25MAY2222-T111749.99,DELTA,30,100,37,1014,411,yes,8,-1000
2025-05-22T18:04:33.602610,KXBTCD-25MAY2222-T111749.99,DELTA,30,100,37,1014,412,yes,5,1000
2025-05-22T18:04:33.602709,KXBTCD-25MAY2222-T111749.99,DELTA,30,100,37,1014,413,yes,5,20000
2025-05-22T18:04:33.602783,KXBTCD-25MAY2222-T111749.99,DELTA,30,100,37,1014,414,yes,5,2000
2025-05-22T18:04:33.904332,KXBTCD-25MAY2222-T111749.99,DELTA,28,14,37,1014,415,yes,30,-100
2025-05-22T18:04:35.142076,KXBTCD-25MAY2222-T111749.99,DELTA,28,14,37,1014,416,no,62,-100
2025-05-22T18:04:36.082799,KXBTCD-25MAY2222-T111749.99,DELTA,28,14,37,1014,417,yes,4,-8100
2025-05-22T18:04:36.083907,KXBTCD-25MAY2222-T111749.99,DELTA,28,14,37,1014,418,yes,3,10800
2025-05-22T18:04:36.143147,KXBTCD-25MAY2222-T111749.99,DELTA,28,14,37,1014,419,yes,5,-20000
2025-05-22T18:04:36.143369,KXBTCD-25MAY2222-T111749.99,DELTA,28,14,37,1014,420,yes,5,-2000
2025-05-22T18:04:36.162142,KXBTCD-25MAY2222-T111749.99,DELTA,28,14,37,1014,421,yes,5,-1000
2025-05-22T18:04:36.200816,KXBTCD-25MAY2222-T111749.99,DELTA,28,14,37,1014,422,yes,4,2000
2025-05-22T18:04:36.201006,KXBTCD-25MAY2222-T111749.99,DELTA,28,14,37,1014,423,yes,4,1000
2025-05-22T18:04:36.221441,KXBTCD-25MAY2222-T111749.99,DELTA,28,14,37,1014,424,yes,4,20000
2025-05-22T18:04:36.542478,KXBTCD-25MAY2222-T111749.99,DELTA,31,100,37,1014,425,yes,31,100
2025-05-22T18:04:37.664235,KXBTCD-25MAY2222-T111749.99,DELTA,31,100,37,1014,426,no,41,-2000
2025-05-22T18:04:37.665102,KXBTCD-25MAY2222-T111749.99,DELTA,31,100,37,1014,427,yes,4,-2000
2025-05-22T18:04:37.665590,KXBTCD-25MAY2222-T111749.99,DELTA,31,100,37,1014,428,yes,4,-20000
2025-05-22T18:04:37.666372,KXBTCD-25MAY2222-T111749.99,DELTA,31,100,37,1014,429,yes,4,-1000
2025-05-22T18:04:37.666857,KXBTCD-25MAY2222-T111749.99,DELTA,31,100,37,14,430,no,63,-1000
2025-05-22T18:04:37.667275,KXBTCD-25MAY2222-T111749.99,DELTA,31,100,37,14,431,no,13,-8000
2025-05-22T18:04:37.723869,KXBTCD-25MAY2222-T111749.99,DELTA,31,100,37,14,432,no,14,8000
2025-05-22T18:04:37.743461,KXBTCD-25MAY2222-T111749.99,DELTA,31,100,37,14,433,no,60,100
2025-05-22T18:04:37.804134,KXBTCD-25MAY2222-T111749.99,DELTA,31,100,37,14,434,no,43,9
2025-05-22T18:04:37.883618,KXBTCD-25MAY2222-T111749.99,DELTA,31,100,37,14,435,yes,25,30
2025-05-22T18:04:37.884569,KXBTCD-25MAY2222-T111749.99,DELTA,31,100,37,14,436,yes,27,-30
2025-05-22T18:04:37.904063,KXBTCD-25MAY2222-T111749.99,DELTA,31,100,37,14,437,no,62,-30
2025-05-22T18:04:37.904696,KXBTCD-25MAY2222-T111749.99,DELTA,31,100,36,30,438,no,64,30
2025-05-22T18:04:37.905227,KXBTCD-25MAY2222-T111749.99,DELTA,31,100,36,30,439,yes,26,14
2025-05-22T18:04:37.905828,KXBTCD-25MAY2222-T111749.99,DELTA,31,100,35,14,440,no,65,14
2025-05-22T18:04:37.922848,KXBTCD-25MAY2222-T111749.99,DELTA,31,100,35,14,441,yes,28,-14
2025-05-22T18:04:37.923362,KXBTCD-25MAY2222-T111749.99,DELTA,31,100,35,14,442,no,63,-14
2025-05-22T18:04:38.143418,KXBTCD-25MAY2222-T111749.99,DELTA,31,100,35,14,443,no,60,-100
2025-05-22T18:04:38.462870,KXBTCD-25MAY2222-T111749.99,DELTA,31,100,35,1014,444,no,65,1000
2025-05-22T18:04:38.582560,KXBTCD-25MAY2222-T111749.99,DELTA,31,100,35,1014,445,no,43,-9
2025-05-22T18:04:38.583618,KXBTCD-25MAY2222-T111749.99,DELTA,31,100,35,1014,446,yes,10,-9
2025-05-22T18:04:38.584069,KXBTCD-25MAY2222-T111749.99,DELTA,31,100,35,1014,447,yes,27,9
2025-05-22T18:04:39.382803,KXBTCD-25MAY2222-T111749.99,DELTA,31,100,35,1014,448,yes,3,-10800
2025-05-22T18:04:39.383499,KXBTCD-25MAY2222-T111749.99,DELTA,31,100,35,1014,449,yes,1,32400
2025-05-22T18:04:39.722479,KXBTCD-25MAY2222-T111749.99,DELTA,31,100,35,1014,450,yes,2,1000
2025-05-22T18:04:39.723549,KXBTCD-25MAY2222-T111749.99,DELTA,31,100,35,1014,451,yes,2,20000
2025-05-22T18:04:39.724204,KXBTCD-25MAY2222-T111749.99,DELTA,31,100,35,1014,452,yes,2,2000
2025-05-22T18:04:40.604079,KXBTCD-25MAY2222-T111749.99,DELTA,27,9,35,1014,453,yes,31,-100
2025-05-22T18:04:40.624671,KXBTCD-25MAY2222-T111749.99,DELTA,27,9,35,1014,454,yes,1,-32400
2025-05-22T18:04:40.625395,KXBTCD-25MAY2222-T111749.99,DELTA,27,9,35,1014,455,yes,3,10800
2025-05-22T18:04:40.681952,KXBTCD-25MAY2222-T111749.99,DELTA,27,9,35,1014,456,no,14,-2314
2025-05-22T18:04:40.682529,KXBTCD-25MAY2222-T111749.99,DELTA,27,9,35,1014,457,no,15,2160
2025-05-22T18:04:40.682815,KXBTCD-25MAY2222-T111749.99,DELTA,27,9,35,1014,458,yes,2,-20000
2025-05-22T18:04:40.682999,KXBTCD-25MAY2222-T111749.99,DELTA,27,9,35,1014,459,yes,2,-2000
2025-05-22T18:04:40.701785,KXBTCD-25MAY2222-T111749.99,DELTA,27,9,35,1014,460,yes,2,-1000
2025-05-22T18:04:40.721349,KXBTCD-25MAY2222-T111749.99,DELTA,27,9,35,1014,461,yes,10,9
2025-05-22T18:04:40.722048,KXBTCD-25MAY2222-T111749.99,DELTA,26,14,35,1014,462,yes,27,-9
2025-05-22T18:04:40.742681,KXBTCD-25MAY2222-T111749.99,DELTA,26,14,35,1014,463,yes,4,20000
2025-05-22T18:04:40.743379,KXBTCD-25MAY2222-T111749.99,DELTA,26,14,35,1014,464,yes,4,1000
2025-05-22T18:04:40.743896,KXBTCD-25MAY2222-T111749.99,DELTA,26,14,35,1014,465,yes,4,2000
2025-05-22T18:04:40.823627,KXBTCD-25MAY2222-T111749.99,DELTA,26,14,35,1014,466,no,62,100
2025-05-22T18:04:41.302419,KXBTCD-25MAY2222-T111749.99,DELTA,26,14,35,1014,467,no,62,-100
2025-05-22T18:04:41.684817,KXBTCD-25MAY2222-T111749.99,DELTA,29,100,35,1014,468,yes,29,100
2025-05-22T18:04:42.322756,KXBTCD-25MAY2222-T111749.99,DELTA,29,100,35,1014,469,no,42,-3000
2025-05-22T18:04:42.342914,KXBTCD-25MAY2222-T111749.99,DELTA,29,100,35,1014,470,no,14,-8000
2025-05-22T18:04:42.384665,KXBTCD-25MAY2222-T111749.99,DELTA,29,100,35,1014,471,no,53,3000
2025-05-22T18:04:42.385208,KXBTCD-25MAY2222-T111749.99,DELTA,29,100,35,1014,472,no,15,8000
2025-05-22T18:04:42.903153,KXBTCD-25MAY2222-T111749.99,DELTA,29,100,35,1014,473,no,63,100
2025-05-22T18:04:45.082937,KXBTCD-25MAY2222-T111749.99,DELTA,29,100,35,1014,474,yes,3,-10800
2025-05-22T18:04:45.083481,KXBTCD-25MAY2222-T111749.99,DELTA,29,100,35,1014,475,yes,1,32400
2025-05-22T18:04:45.143037,KXBTCD-25MAY2222-T111749.99,DELTA,29,100,35,1014,476,yes,4,-20000
2025-05-22T18:04:45.163166,KXBTCD-25MAY2222-T111749.99,DELTA,29,100,35,1014,477,yes,4,-2000
2025-05-22T18:04:45.163602,KXBTCD-25MAY2222-T111749.99,DELTA,29,100,35,1014,478,yes,4,-1000
2025-05-22T18:04:45.223188,KXBTCD-25MAY2222-T111749.99,DELTA,29,100,35,1014,479,yes,2,1000
2025-05-22T18:04:45.223652,KXBTCD-25MAY2222-T111749.99,DELTA,29,100,35,1014,480,yes,2,20000
2025-05-22T18:04:45.223804,KXBTCD-25MAY2222-T111749.99,DELTA,29,100,35,1014,481,yes,2,2000
2025-05-22T18:04:45.583599,KXBTCD-25MAY2222-T111749.99,DELTA,29,100,35,1014,482,no,63,-100
2025-05-22T18:04:47.285517,KXBTCD-25MAY2222-T111749.99,DELTA,29,100,35,1014,483,no,63,100
2025-05-22T18:04:47.623253,KXBTCD-25MAY2222-T111749.99,DELTA,29,100,35,1014,484,no,63,-100
2025-05-22T18:04:47.702928,KXBTCD-25MAY2222-T111749.99,DELTA,29,100,35,1014,485,no,15,-2160
2025-05-22T18:04:47.703789,KXBTCD-25MAY2222-T111749.99,DELTA,29,100,35,1014,486,no,4,8100
2025-05-22T18:04:47.964322,KXBTCD-25MAY2222-T111749.99,DELTA,29,100,35,1014,487,no,5,20000
2025-05-22T18:04:47.985194,KXBTCD-25MAY2222-T111749.99,DELTA,29,100,35,1014,488,no,15,-8000
2025-05-22T18:04:48.022052,KXBTCD-25MAY2222-T111749.99,DELTA,29,100,35,1014,489,no,16,8000
2025-05-22T18:04:48.044027,KXBTCD-25MAY2222-T111749.99,DELTA,29,100,35,1014,490,yes,24,14
2025-05-22T18:04:48.045012,KXBTCD-25MAY2222-T111749.99,DELTA,29,100,35,1014,491,yes,26,-14
2025-05-22T18:04:48.063958,KXBTCD-25MAY2222-T111749.99,DELTA,29,100,35,1014,492,yes,23,30
2025-05-22T18:04:48.064638,KXBTCD-25MAY2222-T111749.99,DELTA,29,100,35,1000,493,no,65,-14
2025-05-22T18:04:48.065202,KXBTCD-25MAY2222-T111749.99,DELTA,29,100,33,14,494,no,67,14
2025-05-22T18:04:48.065894,KXBTCD-25MAY2222-T111749.99,DELTA,29,100,33,14,495,yes,25,-30
2025-05-22T18:04:48.066430,KXBTCD-25MAY2222-T111749.99,DELTA,29,100,33,14,496,no,66,30
2025-05-22T18:04:48.084563,KXBTCD-25MAY2222-T111749.99,DELTA,29,100,33,14,497,no,64,-30
2025-05-22T18:04:48.143658,KXBTCD-25MAY2222-T111749.99,DELTA,29,100,33,14,498,no,65,-1000
2025-05-22T18:04:48.183106,KXBTCD-25MAY2222-T111749.99,DELTA,29,100,33,1014,499,no,67,1000
2025-05-22T18:04:48.848083,KXBTCD-25MAY2222-T111749.99,DELTA,29,100,33,1014,500,yes,2,-1000
2025-05-22T18:04:48.882110,KXBTCD-25MAY2222-T111749.99,DELTA,29,100,33,1014,501,yes,23,1000
2025-05-22T18:04:48.941989,KXBTCD-25MAY2222-T111749.99,DELTA,29,100,33,1014,502,yes,1,-32400
2025-05-22T18:04:48.961335,KXBTCD-25MAY2222-T111749.99,DELTA,29,100,33,1014,503,yes,25,9
2025-05-22T18:04:48.961580,KXBTCD-25MAY2222-T111749.99,DELTA,29,100,33,1014,504,yes,10,-9
2025-05-22T18:04:49.001826,KXBTCD-25MAY2222-T111749.99,DELTA,29,100,33,1014,505,yes,2,-20000
2025-05-22T18:04:49.002053,KXBTCD-25MAY2222-T111749.99,DELTA,29,100,33,1014,506,yes,2,-2000
2025-05-22T18:04:49.022562,KXBTCD-25MAY2222-T111749.99,DELTA,29,100,33,1014,507,no,4,-8100
2025-05-22T18:04:49.022755,KXBTCD-25MAY2222-T111749.99,DELTA,29,100,33,1014,508,no,6,5400
2025-05-22T18:04:49.082066,KXBTCD-25MAY2222-T111749.99,DELTA,29,100,33,1014,509,no,5,-20000
2025-05-22T18:04:49.122371,KXBTCD-25MAY2222-T111749.99,DELTA,29,100,33,1014,510,no,7,20000
2025-05-22T18:04:49.221578,KXBTCD-25MAY2222-T111749.99,DELTA,29,100,33,1014,511,yes,23,-1000
2025-05-22T18:04:49.728363,KXBTCD-25MAY2222-T111749.99,DELTA,29,100,33,1014,512,no,64,100
2025-05-22T18:04:50.262095,KXBTCD-25MAY2222-T111749.99,DELTA,29,100,33,1014,513,no,6,-5400
2025-05-22T18:04:50.262902,KXBTCD-25MAY2222-T111749.99,DELTA,29,100,33,1014,514,no,8,4050
2025-05-22T18:04:50.322562,KXBTCD-25MAY2222-T111749.99,DELTA,29,100,33,1014,515,no,7,-20000
2025-05-22T18:04:50.382571,KXBTCD-25MAY2222-T111749.99,DELTA,29,100,33,1014,516,no,9,20000
2025-05-22T18:04:51.298822,KXBTCD-25MAY2222-T111749.99,DELTA,29,100,33,1014,517,no,64,-100
2025-05-22T18:04:51.299215,KXBTCD-25MAY2222-T111749.99,DELTA,25,9,33,1014,518,yes,29,-100
2025-05-22T18:04:51.321436,KXBTCD-25MAY2222-T111749.99,DELTA,24,14,33,1014,519,yes,25,-9
2025-05-22T18:04:51.321780,KXBTCD-25MAY2222-T111749.99,DELTA,24,14,33,1014,520,yes,10,9
2025-05-22T18:04:51.363104,KXBTCD-25MAY2222-T111749.99,DELTA,24,14,33,1014,521,no,8,-4050
2025-05-22T18:04:51.363424,KXBTCD-25MAY2222-T111749.99,DELTA,24,14,33,1014,522,no,10,3240
2025-05-22T18:04:51.423107,KXBTCD-25MAY2222-T111749.99,DELTA,24,14,33,1014,523,no,9,-20000
2025-05-22T18:04:51.462252,KXBTCD-25MAY2222-T111749.99,DELTA,24,14,33,1014,524,no,11,20000
2025-05-22T18:04:52.481243,KXBTCD-25MAY2222-T111749.99,DELTA,24,14,33,1014,525,no,10,-3240
2025-05-22T18:04:52.481499,KXBTCD-25MAY2222-T111749.99,DELTA,24,14,33,1014,526,no,12,2700
2025-05-22T18:04:52.541663,KXBTCD-25MAY2222-T111749.99,DELTA,24,14,33,1014,527,no,11,-20000
2025-05-22T18:04:53.052483,KXBTCD-25MAY2222-T111749.99,DELTA,27,100,33,1014,528,yes,27,100
2025-05-22T18:04:53.053223,KXBTCD-25MAY2222-T111749.99,DELTA,27,100,33,1014,529,no,65,100
2025-05-22T18:04:56.882981,KXBTCD-25MAY2222-T111749.99,DELTA,27,100,33,1014,530,yes,1,32400
2025-05-22T18:04:56.942499,KXBTCD-25MAY2222-T111749.99,DELTA,27,100,33,1014,531,no,12,-2700
2025-05-22T18:04:56.942712,KXBTCD-25MAY2222-T111749.99,DELTA,27,100,33,1014,532,no,17,1905
2025-05-22T18:04:56.942864,KXBTCD-25MAY2222-T111749.99,DELTA,27,100,33,1014,533,yes,2,20000
2025-05-22T18:04:56.942990,KXBTCD-25MAY2222-T111749.99,DELTA,27,100,33,1014,534,yes,2,2000
2025-05-22T18:04:56.943075,KXBTCD-25MAY2222-T111749.99,DELTA,27,100,33,1014,535,yes,2,1000
2025-05-22T18:04:59.562201,KXBTCD-25MAY2222-T111749.99,DELTA,27,100,33,1014,536,yes,1,-32400
2025-05-22T18:04:59.562368,KXBTCD-25MAY2222-T111749.99,DELTA,27,100,33,1014,537,yes,2,16200
2025-05-22T18:04:59.622386,KXBTCD-25MAY2222-T111749.99,DELTA,27,100,33,1014,538,yes,2,-20000
2025-05-22T18:04:59.622588,KXBTCD-25MAY2222-T111749.99,DELTA,27,100,33,1014,539,yes,2,-2000
2025-05-22T18:04:59.641968,KXBTCD-25MAY2222-T111749.99,DELTA,27,100,33,1014,540,yes,2,-1000
2025-05-22T18:04:59.682628,KXBTCD-25MAY2222-T111749.99,DELTA,27,100,33,1014,541,yes,3,2000
2025-05-22T18:04:59.682733,KXBTCD-25MAY2222-T111749.99,DELTA,27,100,33,1014,542,yes,3,20000
2025-05-22T18:04:59.682793,KXBTCD-25MAY2222-T111749.99,DELTA,27,100,33,1014,543,yes,3,1000
2025-05-22T18:04:59.801601,KXBTCD-25MAY2222-T111749.99,DELTA,27,100,33,1014,544,no,65,-100
2025-05-22T18:05:00.703844,KXBTCD-25MAY2222-T111749.99,DELTA,27,100,33,1014,545,yes,2,-16200
2025-05-22T18:05:00.704015,KXBTCD-25MAY2222-T111749.99,DELTA,27,100,33,1014,546,yes,1,32400
2025-05-22T18:05:00.762490,KXBTCD-25MAY2222-T111749.99,DELTA,27,100,33,1014,547,yes,3,-20000
2025-05-22T18:05:00.781820,KXBTCD-25MAY2222-T111749.99,DELTA,27,100,33,1014,548,yes,3,-2000
2025-05-22T18:05:00.781961,KXBTCD-25MAY2222-T111749.99,DELTA,27,100,33,1014,549,yes,3,-1000
2025-05-22T18:05:00.842487,KXBTCD-25MAY2222-T111749.99,DELTA,27,100,33,1014,550,yes,2,2000
2025-05-22T18:05:00.842614,KXBTCD-25MAY2222-T111749.99,DELTA,27,100,33,1014,551,yes,2,1000
2025-05-22T18:05:00.842684,KXBTCD-25MAY2222-T111749.99,DELTA,27,100,33,1014,552,yes,2,20000
2025-05-22T18:05:01.182882,KXBTCD-25MAY2222-T111749.99,DELTA,27,100,33,1014,553,no,54,250
2025-05-22T18:05:01.202568,KXBTCD-25MAY2222-T111749.99,DELTA,27,100,33,1014,554,yes,10,250
2025-05-22T18:05:01.202743,KXBTCD-25MAY2222-T111749.99,DELTA,27,100,33,1014,555,no,56,250
2025-05-22T18:05:01.203380,KXBTCD-25MAY2222-T111749.99,DELTA,27,100,33,1014,556,no,58,250
2025-05-22T18:05:01.222871,KXBTCD-25MAY2222-T111749.99,DELTA,27,100,33,1014,557,no,60,250
2025-05-22T18:05:01.223078,KXBTCD-25MAY2222-T111749.99,DELTA,27,100,33,1014,558,no,62,250
2025-05-22T18:05:01.243900,KXBTCD-25MAY2222-T111749.99,DELTA,27,100,33,1014,559,yes,18,250
2025-05-22T18:05:01.244070,KXBTCD-25MAY2222-T111749.99,DELTA,27,100,33,1014,560,yes,16,250
2025-05-22T18:05:01.262362,KXBTCD-25MAY2222-T111749.99,DELTA,27,100,33,1014,561,yes,14,250
2025-05-22T18:05:01.281657,KXBTCD-25MAY2222-T111749.99,DELTA,27,100,33,1014,562,yes,12,250
2025-05-22T18:05:01.282371,KXBTCD-25MAY2222-T111749.99,DELTA,27,100,33,1014,563,yes,2,-2000
2025-05-22T18:05:01.302579,KXBTCD-25MAY2222-T111749.99,DELTA,27,100,33,1014,564,yes,2,-1000
2025-05-22T18:05:01.320812,KXBTCD-25MAY2222-T111749.99,DELTA,27,100,33,1014,565,no,66,100
2025-05-22T18:05:01.341439,KXBTCD-25MAY2222-T111749.99,DELTA,27,100,33,1014,566,no,63,1250
2025-05-22T18:05:01.363060,KXBTCD-25MAY2222-T111749.99,DELTA,27,100,33,1014,567,yes,19,1000
2025-05-22T18:05:01.363244,KXBTCD-25MAY2222-T111749.99,DELTA,27,100,33,1014,568,yes,18,1250
2025-05-22T18:05:01.382023,KXBTCD-25MAY2222-T111749.99,DELTA,27,100,33,1014,569,yes,19,2000
2025-05-22T18:05:01.462451,KXBTCD-25MAY2222-T111749.99,DELTA,27,100,33,1014,570,yes,10,-250
2025-05-22T18:05:01.483156,KXBTCD-25MAY2222-T111749.99,DELTA,27,100,33,1014,571,yes,20,250
2025-05-22T18:05:01.542685,KXBTCD-25MAY2222-T111749.99,DELTA,24,14,33,1014,572,yes,27,-100
2025-05-22T18:05:01.563132,KXBTCD-25MAY2222-T111749.99,DELTA,24,14,33,1014,573,yes,19,-1000
2025-05-22T18:05:01.583708,KXBTCD-25MAY2222-T111749.99,DELTA,24,14,33,1014,574,yes,10,-9
2025-05-22T18:05:01.605194,KXBTCD-25MAY2222-T111749.99,DELTA,24,14,33,1014,575,yes,19,-2000
2025-05-22T18:05:01.627045,KXBTCD-25MAY2222-T111749.99,DELTA,24,14,33,1014,576,yes,9,-3000
2025-05-22T18:05:01.627213,KXBTCD-25MAY2222-T111749.99,DELTA,24,14,33,1014,577,no,63,2000
2025-05-22T18:05:01.627285,KXBTCD-25MAY2222-T111749.99,DELTA,24,14,33,1014,578,no,16,-8000
2025-05-22T18:05:01.642944,KXBTCD-25MAY2222-T111749.99,DELTA,24,14,33,1014,579,yes,21,1000
2025-05-22T18:05:01.683075,KXBTCD-25MAY2222-T111749.99,DELTA,24,14,33,1014,580,yes,18,2000
2025-05-22T18:05:01.683184,KXBTCD-25MAY2222-T111749.99,DELTA,24,14,33,1014,581,yes,4,3000
2025-05-22T18:05:01.683247,KXBTCD-25MAY2222-T111749.99,DELTA,24,14,33,1014,582,no,18,8000
2025-05-22T18:05:01.704250,KXBTCD-25MAY2222-T111749.99,DELTA,24,14,33,1014,583,yes,21,30
2025-05-22T18:05:01.704430,KXBTCD-25MAY2222-T111749.99,DELTA,24,14,33,1014,584,yes,23,-30
2025-05-22T18:05:01.704501,KXBTCD-25MAY2222-T111749.99,DELTA,24,14,33,1014,585,yes,22,14
2025-05-22T18:05:01.704566,KXBTCD-25MAY2222-T111749.99,DELTA,24,14,33,1014,586,no,66,-30
2025-05-22T18:05:01.704622,KXBTCD-25MAY2222-T111749.99,DELTA,24,14,31,14,587,no,69,14
2025-05-22T18:05:01.704670,KXBTCD-25MAY2222-T111749.99,DELTA,24,14,31,14,588,no,68,30
2025-05-22T18:05:01.724471,KXBTCD-25MAY2222-T111749.99,DELTA,22,14,31,14,589,yes,24,-14
2025-05-22T18:05:01.772933,KXBTCD-25MAY2222-T111749.99,DELTA,22,14,31,14,590,no,67,-14
2025-05-22T18:05:01.773099,KXBTCD-25MAY2222-T111749.99,DELTA,22,14,31,14,591,yes,18,-2000
2025-05-22T18:05:01.815982,KXBTCD-25MAY2222-T111749.99,DELTA,22,14,31,14,592,yes,21,-1000
2025-05-22T18:05:01.816113,KXBTCD-25MAY2222-T111749.99,DELTA,22,14,31,14,593,no,67,-1000
2025-05-22T18:05:01.816172,KXBTCD-25MAY2222-T111749.99,DELTA,22,14,31,14,594,yes,18,-1250
2025-05-22T18:05:01.922574,KXBTCD-25MAY2222-T111749.99,DELTA,22,14,31,14,595,yes,17,1250
2025-05-22T18:05:01.922668,KXBTCD-25MAY2222-T111749.99,DELTA,22,14,31,14,596,yes,20,1000
2025-05-22T18:05:01.922736,KXBTCD-25MAY2222-T111749.99,DELTA,22,14,31,14,597,yes,17,2000
2025-05-22T18:05:01.923809,KXBTCD-25MAY2222-T111749.99,DELTA,22,14,31,14,598,yes,1,-32400
2025-05-22T18:05:02.118487,KXBTCD-25MAY2222-T111749.99,DELTA,22,14,31,14,599,yes,2,-20000
2025-05-22T18:05:02.222374,KXBTCD-25MAY2222-T111749.99,DELTA,22,14,31,1014,600,no,69,1000
2025-05-22T18:05:02.322601,KXBTCD-25MAY2222-T111749.99,DELTA,22,14,31,1014,601,no,17,-1905
2025-05-22T18:05:02.322734,KXBTCD-25MAY2222-T111749.99,DELTA,22,14,31,1014,602,no,19,1705
2025-05-22T18:05:02.401241,KXBTCD-25MAY2222-T111749.99,DELTA,22,14,31,1014,603,yes,20,9
2025-05-22T18:05:02.422710,KXBTCD-25MAY2222-T111749.99,DELTA,22,14,31,1014,604,no,54,-250
2025-05-22T18:05:02.422878,KXBTCD-25MAY2222-T111749.99,DELTA,22,14,31,1014,605,no,64,250
2025-05-22T18:05:02.601410,KXBTCD-25MAY2222-T111749.99,DELTA,22,14,31,1014,606,no,66,-100
2025-05-22T18:05:02.601630,KXBTCD-25MAY2222-T111749.99,DELTA,22,14,31,1014,607,no,63,-2000
2025-05-22T18:05:02.705502,KXBTCD-25MAY2222-T111749.99,DELTA,22,14,31,1014,608,no,63,-1250
2025-05-22T18:05:02.902866,KXBTCD-25MAY2222-T111749.99,DELTA,22,14,31,1014,609,yes,20,-9
2025-05-22T18:05:03.001172,KXBTCD-25MAY2222-T111749.99,DELTA,22,14,31,1014,610,no,65,2000
2025-05-22T18:05:03.701557,KXBTCD-25MAY2222-T111749.99,DELTA,22,14,31,1014,611,no,65,1250
2025-05-22T18:05:04.300807,KXBTCD-25MAY2222-T111749.99,DELTA,25,100,31,1014,612,yes,25,100
2025-05-22T18:05:04.402855,KXBTCD-25MAY2222-T111749.99,DELTA,25,100,31,1014,613,no,67,100
2025-05-22T18:05:04.723242,KXBTCD-25MAY2222-T111749.99,DELTA,25,100,31,1014,614,no,19,-1705
2025-05-22T18:05:04.723458,KXBTCD-25MAY2222-T111749.99,DELTA,25,100,31,1014,615,no,18,1800
2025-05-22T18:05:06.623017,KXBTCD-25MAY2222-T111749.99,DELTA,25,100,31,1014,616,yes,19,30
2025-05-22T18:05:06.623330,KXBTCD-25MAY2222-T111749.99,DELTA,25,100,31,1014,617,yes,21,-30
2025-05-22T18:05:06.623411,KXBTCD-25MAY2222-T111749.99,DELTA,25,100,31,1014,618,no,67,-100
2025-05-22T18:05:06.722387,KXBTCD-25MAY2222-T111749.99,DELTA,25,100,30,30,619,no,70,30
2025-05-22T18:05:06.722534,KXBTCD-25MAY2222-T111749.99,DELTA,25,100,30,30,620,no,68,-30
2025-05-22T18:05:06.901785,KXBTCD-25MAY2222-T111749.99,DELTA,25,100,30,30,621,no,69,-1000
2025-05-22T18:05:06.901899,KXBTCD-25MAY2222-T111749.99,DELTA,25,100,30,30,622,yes,22,-14
2025-05-22T18:05:06.901965,KXBTCD-25MAY2222-T111749.99,DELTA,25,100,30,30,623,yes,20,14
2025-05-22T18:05:06.923320,KXBTCD-25MAY2222-T111749.99,DELTA,25,100,30,30,624,no,69,-14
2025-05-22T18:05:07.002898,KXBTCD-25MAY2222-T111749.99,DELTA,25,100,29,14,625,no,71,14
2025-05-22T18:05:07.201732,KXBTCD-25MAY2222-T111749.99,DELTA,25,100,29,1014,626,no,71,1000
2025-05-22T18:05:07.302278,KXBTCD-25MAY2222-T111749.99,DELTA,25,100,29,1014,627,yes,20,-250
2025-05-22T18:05:07.302471,KXBTCD-25MAY2222-T111749.99,DELTA,25,100,29,1014,628,yes,10,250
2025-05-22T18:05:07.961747,KXBTCD-25MAY2222-T111749.99,DELTA,25,100,29,1014,629,yes,21,9
2025-05-22T18:05:09.703555,KXBTCD-25MAY2222-T111749.99,DELTA,25,100,29,1014,630,no,67,100
2025-05-22T18:05:09.805206,KXBTCD-25MAY2222-T111749.99,DELTA,25,100,29,1014,631,yes,17,-2000
2025-05-22T18:05:09.805416,KXBTCD-25MAY2222-T111749.99,DELTA,25,100,29,1014,632,yes,17,-1250
2025-05-22T18:05:09.860545,KXBTCD-25MAY2222-T111749.99,DELTA,25,100,29,1014,633,yes,18,1250
2025-05-22T18:05:09.883293,KXBTCD-25MAY2222-T111749.99,DELTA,25,100,29,1014,634,yes,19,2000
2025-05-22T18:05:10.183602,KXBTCD-25MAY2222-T111749.99,DELTA,25,100,29,1014,635,yes,10,-250
2025-05-22T18:05:10.183783,KXBTCD-25MAY2222-T111749.99,DELTA,25,100,29,1014,636,yes,20,250
2025-05-22T18:05:10.263468,KXBTCD-25MAY2222-T111749.99,DELTA,25,100,29,1014,637,yes,20,-1000
2025-05-22T18:05:10.326547,KXBTCD-25MAY2222-T111749.99,DELTA,25,100,29,1014,638,yes,21,1000
2025-05-22T18:05:10.601784,KXBTCD-25MAY2222-T111749.99,DELTA,25,100,29,1014,639,yes,18,-1250
2025-05-22T18:05:10.723211,KXBTCD-25MAY2222-T111749.99,DELTA,25,100,29,1014,640,yes,19,1250
2025-05-22T18:05:11.002184,KXBTCD-25MAY2222-T111749.99,DELTA,25,100,29,1014,641,yes,21,-9
2025-05-22T18:05:11.183522,KXBTCD-25MAY2222-T111749.99,DELTA,25,100,29,1014,642,no,54,250
2025-05-22T18:05:11.183720,KXBTCD-25MAY2222-T111749.99,DELTA,25,100,29,1014,643,no,64,-250
2025-05-22T18:05:11.243712,KXBTCD-25MAY2222-T111749.99,DELTA,25,100,29,1014,644,no,65,-2000
2025-05-22T18:05:11.263085,KXBTCD-25MAY2222-T111749.99,DELTA,25,100,29,1014,645,no,65,-1250
2025-05-22T18:05:11.322078,KXBTCD-25MAY2222-T111749.99,DELTA,25,100,29,1014,646,no,63,2000
2025-05-22T18:05:11.322887,KXBTCD-25MAY2222-T111749.99,DELTA,25,100,29,1014,647,no,63,1250
2025-05-22T18:05:11.462359,KXBTCD-25MAY2222-T111749.99,DELTA,25,100,29,1014,648,no,18,-1800
2025-05-22T18:05:11.462530,KXBTCD-25MAY2222-T111749.99,DELTA,25,100,29,1014,649,no,19,1705
2025-05-22T18:05:11.563557,KXBTCD-25MAY2222-T111749.99,DELTA,25,100,29,1014,650,yes,19,-1250
2025-05-22T18:05:11.622486,KXBTCD-25MAY2222-T111749.99,DELTA,25,100,29,1014,651,yes,18,1250
2025-05-22T18:05:11.942498,KXBTCD-25MAY2222-T111749.99,DELTA,25,100,29,1014,652,yes,19,-2000
2025-05-22T18:05:12.082814,KXBTCD-25MAY2222-T111749.99,DELTA,25,100,29,1014,653,yes,18,2000
2025-05-22T18:05:12.243118,KXBTCD-25MAY2222-T111749.99,DELTA,25,100,29,1014,654,yes,18,-2000
2025-05-22T18:05:12.293268,KXBTCD-25MAY2222-T111749.99,DELTA,25,100,29,1014,655,yes,19,2000
2025-05-22T18:05:13.068154,KXBTCD-25MAY2222-T111749.99,DELTA,25,100,29,1014,656,yes,19,-2000
2025-05-22T18:05:13.102169,KXBTCD-25MAY2222-T111749.99,DELTA,25,100,29,1014,657,yes,18,2000
2025-05-22T18:05:13.185411,KXBTCD-25MAY2222-T111749.99,DELTA,25,100,29,1014,658,no,54,-250
2025-05-22T18:05:13.185541,KXBTCD-25MAY2222-T111749.99,DELTA,25,100,29,1014,659,no,64,250
2025-05-22T18:05:13.242582,KXBTCD-25MAY2222-T111749.99,DELTA,25,100,29,1014,660,no,63,-2000
2025-05-22T18:05:13.262370,KXBTCD-25MAY2222-T111749.99,DELTA,25,100,29,1014,661,no,63,-1250
2025-05-22T18:05:13.303933,KXBTCD-25MAY2222-T111749.99,DELTA,25,100,29,1014,662,no,65,2000
2025-05-22T18:05:13.304063,KXBTCD-25MAY2222-T111749.99,DELTA,25,100,29,1014,663,no,65,1250
2025-05-22T18:05:13.561757,KXBTCD-25MAY2222-T111749.99,DELTA,25,100,29,1014,664,no,67,-100
2025-05-22T18:05:13.741424,KXBTCD-25MAY2222-T111749.99,DELTA,25,100,29,1014,665,yes,18,-2000
2025-05-22T18:05:14.401448,KXBTCD-25MAY2222-T111749.99,DELTA,25,100,29,1014,666,yes,19,2000
2025-05-22T18:05:14.601583,KXBTCD-25MAY2222-T111749.99,DELTA,25,100,29,1014,667,yes,18,-1250
2025-05-22T18:05:14.641461,KXBTCD-25MAY2222-T111749.99,DELTA,25,100,29,1014,668,yes,19,1250
2025-05-22T18:05:14.661433,KXBTCD-25MAY2222-T111749.99,DELTA,25,100,29,1014,669,no,68,100
2025-05-22T18:05:14.921624,KXBTCD-25MAY2222-T111749.99,DELTA,25,100,29,1014,670,yes,19,-1250
2025-05-22T18:05:15.004291,KXBTCD-25MAY2222-T111749.99,DELTA,25,100,29,1014,671,yes,19,-2000
2025-05-22T18:05:15.041930,KXBTCD-25MAY2222-T111749.99,DELTA,25,100,29,1014,672,yes,18,1250
2025-05-22T18:05:15.061128,KXBTCD-25MAY2222-T111749.99,DELTA,25,100,29,1014,673,yes,18,2000
2025-05-22T18:05:15.182997,KXBTCD-25MAY2222-T111749.99,DELTA,25,100,29,1014,674,yes,18,-1250
2025-05-22T18:05:15.222164,KXBTCD-25MAY2222-T111749.99,DELTA,25,100,29,1014,675,yes,17,1250
2025-05-22T18:05:15.522142,KXBTCD-25MAY2222-T111749.99,DELTA,25,100,29,1014,676,yes,17,-1250
2025-05-22T18:05:15.561529,KXBTCD-25MAY2222-T111749.99,DELTA,25,100,29,1014,677,yes,18,1250
2025-05-22T18:05:16.182557,KXBTCD-25MAY2222-T111749.99,DELTA,25,100,29,1014,678,yes,18,-2000
2025-05-22T18:05:16.182681,KXBTCD-25MAY2222-T111749.99,DELTA,25,100,29,1014,679,no,54,250
2025-05-22T18:05:16.182751,KXBTCD-25MAY2222-T111749.99,DELTA,25,100,29,1014,680,no,64,-250
2025-05-22T18:05:16.222573,KXBTCD-25MAY2222-T111749.99,DELTA,25,100,29,1014,681,yes,19,2000
2025-05-22T18:05:16.261886,KXBTCD-25MAY2222-T111749.99,DELTA,25,100,29,1014,682,no,65,-2000
2025-05-22T18:05:16.262046,KXBTCD-25MAY2222-T111749.99,DELTA,25,100,29,1014,683,no,65,-1250
2025-05-22T18:05:16.322649,KXBTCD-25MAY2222-T111749.99,DELTA,25,100,29,1014,684,no,63,1250
2025-05-22T18:05:16.322798,KXBTCD-25MAY2222-T111749.99,DELTA,25,100,29,1014,685,no,63,2000
2025-05-22T18:05:17.701995,KXBTCD-25MAY2222-T111749.99,DELTA,25,100,29,1014,686,yes,1,32400
2025-05-22T18:05:17.842288,KXBTCD-25MAY2222-T111749.99,DELTA,25,100,29,1014,687,yes,2,20000
2025-05-22T18:05:18.361435,KXBTCD-25MAY2222-T111749.99,DELTA,25,100,29,1000,688,no,71,-14
2025-05-22T18:05:18.361652,KXBTCD-25MAY2222-T111749.99,DELTA,25,100,29,686,689,no,71,-314
2025-05-22T18:05:18.441694,KXBTCD-25MAY2222-T111749.99,DELTA,25,100,29,686,690,yes,20,-14
2025-05-22T18:05:18.441832,KXBTCD-25MAY2222-T111749.99,DELTA,25,114,29,686,691,yes,25,14
2025-05-22T18:05:18.441905,KXBTCD-25MAY2222-T111749.99,DELTA,25,114,29,686,692,no,66,14
2025-05-22T18:05:18.887013,KXBTCD-25MAY2222-T111749.99,DELTA,25,114,29,686,693,yes,1,-32400
2025-05-22T18:05:18.888421,KXBTCD-25MAY2222-T111749.99,DELTA,25,114,29,686,694,yes,2,16200
2025-05-22T18:05:18.942411,KXBTCD-25MAY2222-T111749.99,DELTA,25,114,29,686,695,yes,2,-20000
2025-05-22T18:05:18.985723,KXBTCD-25MAY2222-T111749.99,DELTA,25,114,29,686,696,yes,3,20000
2025-05-22T18:05:24.803846,KXBTCD-25MAY2222-T111749.99,DELTA,25,114,29,686,697,yes,2,-16200
2025-05-22T18:05:24.804007,KXBTCD-25MAY2222-T111749.99,DELTA,25,114,29,686,698,yes,1,32400
2025-05-22T18:05:24.862516,KXBTCD-25MAY2222-T111749.99,DELTA,25,114,29,686,699,yes,3,-20000
2025-05-22T18:05:24.943213,KXBTCD-25MAY2222-T111749.99,DELTA,25,114,29,686,700,yes,2,20000
2025-05-22T18:05:25.162752,KXBTCD-25MAY2222-T111749.99,DELTA,25,114,29,686,701,no,54,-250
2025-05-22T18:05:25.162968,KXBTCD-25MAY2222-T111749.99,DELTA,25,114,29,686,702,no,64,250
2025-05-22T18:05:25.223596,KXBTCD-25MAY2222-T111749.99,DELTA,25,114,29,686,703,no,63,-2000
2025-05-22T18:05:25.242994,KXBTCD-25MAY2222-T111749.99,DELTA,25,114,29,686,704,no,63,-1250
2025-05-22T18:05:25.283163,KXBTCD-25MAY2222-T111749.99,DELTA,25,114,29,686,705,no,65,1250
2025-05-22T18:05:25.283387,KXBTCD-25MAY2222-T111749.99,DELTA,25,114,29,686,706,no,65,2000
2025-05-22T18:05:25.443492,KXBTCD-25MAY2222-T111749.99,DELTA,25,114,29,686,707,yes,19,-2000
2025-05-22T18:05:25.463047,KXBTCD-25MAY2222-T111749.99,DELTA,25,114,29,686,708,yes,20,-250
2025-05-22T18:05:25.483807,KXBTCD-25MAY2222-T111749.99,DELTA,25,114,29,686,709,yes,10,250
2025-05-22T18:05:25.483974,KXBTCD-25MAY2222-T111749.99,DELTA,25,114,29,686,710,yes,23,14
2025-05-22T18:05:25.484183,KXBTCD-25MAY2222-T111749.99,DELTA,25,114,29,686,711,yes,21,-1000
2025-05-22T18:05:25.484262,KXBTCD-25MAY2222-T111749.99,DELTA,25,100,29,686,712,yes,25,-14
2025-05-22T18:05:25.506054,KXBTCD-25MAY2222-T111749.99,DELTA,25,100,29,686,713,no,66,-14
2025-05-22T18:05:25.506137,KXBTCD-25MAY2222-T111749.99,DELTA,25,100,29,686,714,no,67,14
2025-05-22T18:05:25.506209,KXBTCD-25MAY2222-T111749.99,DELTA,25,100,29,686,715,yes,18,-1250
2025-05-22T18:05:25.506266,KXBTCD-25MAY2222-T111749.99,DELTA,25,100,29,686,716,yes,2,-20000
2025-05-22T18:05:25.506368,KXBTCD-25MAY2222-T111749.99,DELTA,25,100,29,686,717,no,65,-1250
2025-05-22T18:05:25.506494,KXBTCD-25MAY2222-T111749.99,DELTA,25,100,29,686,718,no,65,-2000
2025-05-22T18:05:25.506554,KXBTCD-25MAY2222-T111749.99,DELTA,25,100,30,30,719,no,71,-686
2025-05-22T18:05:25.506605,KXBTCD-25MAY2222-T111749.99,DELTA,25,100,30,30,720,yes,19,-30
2025-05-22T18:05:25.522098,KXBTCD-25MAY2222-T111749.99,DELTA,25,100,32,100,721,no,70,-30
2025-05-22T18:05:25.522213,KXBTCD-25MAY2222-T111749.99,DELTA,25,100,32,100,722,yes,17,30
2025-05-22T18:05:25.522290,KXBTCD-25MAY2222-T111749.99,DELTA,25,100,28,30,723,no,72,30
2025-05-22T18:05:25.542376,KXBTCD-25MAY2222-T111749.99,DELTA,25,100,28,30,724,no,18,-8000
2025-05-22T18:05:25.542495,KXBTCD-25MAY2222-T111749.99,DELTA,25,100,28,30,725,yes,23,-14
2025-05-22T18:05:25.543194,KXBTCD-25MAY2222-T111749.99,DELTA,25,100,28,30,726,yes,21,14
2025-05-22T18:05:25.563391,KXBTCD-25MAY2222-T111749.99,DELTA,25,100,28,30,727,no,69,14
2025-05-22T18:05:25.563518,KXBTCD-25MAY2222-T111749.99,DELTA,25,100,28,30,728,no,67,-14
2025-05-22T18:05:25.583569,KXBTCD-25MAY2222-T111749.99,DELTA,25,100,28,30,729,yes,16,-250
2025-05-22T18:05:25.583684,KXBTCD-25MAY2222-T111749.99,DELTA,25,100,28,30,730,no,54,250
2025-05-22T18:05:25.602531,KXBTCD-25MAY2222-T111749.99,DELTA,25,100,28,30,731,yes,8,250
2025-05-22T18:05:25.602609,KXBTCD-25MAY2222-T111749.99,DELTA,25,100,28,30,732,no,64,-250
2025-05-22T18:05:25.623533,KXBTCD-25MAY2222-T111749.99,DELTA,25,100,28,30,733,yes,6,250
2025-05-22T18:05:25.623638,KXBTCD-25MAY2222-T111749.99,DELTA,25,100,28,30,734,yes,18,-250
2025-05-22T18:05:25.642498,KXBTCD-25MAY2222-T111749.99,DELTA,25,100,28,30,735,yes,17,-30
2025-05-22T18:05:25.642602,KXBTCD-25MAY2222-T111749.99,DELTA,25,100,28,30,736,yes,16,30
2025-05-22T18:05:25.642653,KXBTCD-25MAY2222-T111749.99,DELTA,25,100,31,14,737,no,72,-30
2025-05-22T18:05:25.642701,KXBTCD-25MAY2222-T111749.99,DELTA,25,100,27,30,738,no,73,30
2025-05-22T18:05:25.662183,KXBTCD-25MAY2222-T111749.99,DELTA,25,100,27,30,739,yes,14,-250
2025-05-22T18:05:25.662292,KXBTCD-25MAY2222-T111749.99,DELTA,25,100,27,30,740,yes,4,250
2025-05-22T18:05:25.682289,KXBTCD-25MAY2222-T111749.99,DELTA,25,100,27,30,741,yes,19,9
2025-05-22T18:05:25.705801,KXBTCD-25MAY2222-T111749.99,DELTA,25,100,27,30,742,no,65,9
2025-05-22T18:05:25.722088,KXBTCD-25MAY2222-T111749.99,DELTA,25,100,27,30,743,yes,21,-14
2025-05-22T18:05:25.722157,KXBTCD-25MAY2222-T111749.99,DELTA,19,9,27,30,744,yes,25,-100
2025-05-22T18:05:25.722207,KXBTCD-25MAY2222-T111749.99,DELTA,19,9,27,30,745,no,69,-14
2025-05-22T18:05:25.722250,KXBTCD-25MAY2222-T111749.99,DELTA,20,14,27,30,746,yes,20,14
2025-05-22T18:05:25.741268,KXBTCD-25MAY2222-T111749.99,DELTA,20,14,27,30,747,no,71,14
2025-05-22T18:05:25.742292,KXBTCD-25MAY2222-T111749.99,DELTA,20,14,27,30,748,no,28,8000
2025-05-22T18:05:25.822137,KXBTCD-25MAY2222-T111749.99,DELTA,20,14,27,30,749,yes,4,-3000
2025-05-22T18:05:25.981622,KXBTCD-25MAY2222-T111749.99,DELTA,20,14,27,30,750,yes,14,30
2025-05-22T18:05:25.981721,KXBTCD-25MAY2222-T111749.99,DELTA,20,14,27,30,751,yes,16,-30
2025-05-22T18:05:25.981790,KXBTCD-25MAY2222-T111749.99,DELTA,20,14,25,30,752,no,75,30
2025-05-22T18:05:25.981851,KXBTCD-25MAY2222-T111749.99,DELTA,20,14,25,30,753,no,73,-30
2025-05-22T18:05:26.041540,KXBTCD-25MAY2222-T111749.99,DELTA,20,14,25,30,754,yes,18,14
2025-05-22T18:05:26.041727,KXBTCD-25MAY2222-T111749.99,DELTA,19,9,25,30,755,yes,20,-14
2025-05-22T18:05:26.060877,KXBTCD-25MAY2222-T111749.99,DELTA,19,9,25,30,756,no,71,-14
2025-05-22T18:05:26.061034,KXBTCD-25MAY2222-T111749.99,DELTA,19,9,25,30,757,no,72,14
2025-05-22T18:05:26.203283,KXBTCD-25MAY2222-T111749.99,DELTA,19,9,25,30,758,no,56,-250
2025-05-22T18:05:26.243048,KXBTCD-25MAY2222-T111749.99,DELTA,19,9,25,30,759,no,58,-250
2025-05-22T18:05:26.243197,KXBTCD-25MAY2222-T111749.99,DELTA,19,9,25,30,760,no,54,-250
2025-05-22T18:05:26.302015,KXBTCD-25MAY2222-T111749.99,DELTA,19,9,25,30,761,yes,1,3000
2025-05-22T18:05:26.324093,KXBTCD-25MAY2222-T111749.99,DELTA,19,9,25,30,762,no,64,250
2025-05-22T18:05:26.341317,KXBTCD-25MAY2222-T111749.99,DELTA,19,9,25,30,763,no,66,250
2025-05-22T18:05:26.342251,KXBTCD-25MAY2222-T111749.99,DELTA,19,9,25,30,764,no,40,-200
2025-05-22T18:05:26.342374,KXBTCD-25MAY2222-T111749.99,DELTA,19,9,25,30,765,no,50,200
2025-05-22T18:05:26.360930,KXBTCD-25MAY2222-T111749.99,DELTA,19,9,25,30,766,no,68,250
2025-05-22T18:05:26.462669,KXBTCD-25MAY2222-T111749.99,DELTA,18,14,25,30,767,yes,19,-9
2025-05-22T18:05:26.462798,KXBTCD-25MAY2222-T111749.99,DELTA,18,14,25,30,768,no,70,250
2025-05-22T18:05:26.462914,KXBTCD-25MAY2222-T111749.99,DELTA,18,14,25,30,769,no,60,-250
2025-05-22T18:05:26.500517,KXBTCD-25MAY2222-T111749.99,DELTA,18,14,25,30,770,no,69,9
2025-05-22T18:05:26.521668,KXBTCD-25MAY2222-T111749.99,DELTA,18,14,25,30,771,no,65,-9
2025-05-22T18:05:26.720832,KXBTCD-25MAY2222-T111749.99,DELTA,18,14,25,30,772,yes,12,2000
2025-05-22T18:05:26.781628,KXBTCD-25MAY2222-T111749.99,DELTA,18,14,25,30,773,yes,15,1000
2025-05-22T18:05:26.781747,KXBTCD-25MAY2222-T111749.99,DELTA,18,14,25,30,774,yes,13,1250
2025-05-22T18:05:26.821571,KXBTCD-25MAY2222-T111749.99,DELTA,18,14,25,30,775,yes,4,-250
2025-05-22T18:05:26.821710,KXBTCD-25MAY2222-T111749.99,DELTA,18,14,25,30,776,yes,14,250
2025-05-22T18:05:27.000992,KXBTCD-25MAY2222-T111749.99,DELTA,18,14,25,30,777,no,68,-100
2025-05-22T18:05:27.042466,KXBTCD-25MAY2222-T111749.99,DELTA,18,14,25,30,778,no,71,2000
2025-05-22T18:05:27.064182,KXBTCD-25MAY2222-T111749.99,DELTA,18,14,25,30,779,no,71,1250
2025-05-22T18:05:27.064334,KXBTCD-25MAY2222-T111749.99,DELTA,18,14,24,1000,780,no,76,1000
2025-05-22T18:05:27.223874,KXBTCD-25MAY2222-T111749.99,DELTA,18,14,24,1000,781,yes,4,250
2025-05-22T18:05:27.223992,KXBTCD-25MAY2222-T111749.99,DELTA,18,14,24,1000,782,yes,14,-250
2025-05-22T18:05:27.304955,KXBTCD-25MAY2222-T111749.99,DELTA,18,14,24,1000,783,yes,1,-32400
2025-05-22T18:05:27.342597,KXBTCD-25MAY2222-T111749.99,DELTA,18,14,24,1000,784,no,69,-9
2025-05-22T18:05:27.361549,KXBTCD-25MAY2222-T111749.99,DELTA,18,14,24,1000,785,no,19,-1705
2025-05-22T18:05:27.361710,KXBTCD-25MAY2222-T111749.99,DELTA,18,14,24,1000,786,no,4,8100
2025-05-22T18:05:27.903201,KXBTCD-25MAY2222-T111749.99,DELTA,18,14,24,1000,787,yes,17,100
2025-05-22T18:05:28.083406,KXBTCD-25MAY2222-T111749.99,DELTA,18,14,24,1000,788,no,5,20000
2025-05-22T18:05:28.602354,KXBTCD-25MAY2222-T111749.99,DELTA,18,14,24,1000,789,yes,17,-100
2025-05-22T18:05:28.662635,KXBTCD-25MAY2222-T111749.99,DELTA,18,14,24,1000,790,no,4,-8100
2025-05-22T18:05:28.662801,KXBTCD-25MAY2222-T111749.99,DELTA,18,14,24,1000,791,no,6,5400
2025-05-22T18:05:28.802127,KXBTCD-25MAY2222-T111749.99,DELTA,18,14,24,1000,792,yes,12,-2000
2025-05-22T18:05:28.821574,KXBTCD-25MAY2222-T111749.99,DELTA,18,14,24,1000,793,no,5,-20000
2025-05-22T18:05:28.861744,KXBTCD-25MAY2222-T111749.99,DELTA,18,14,24,1000,794,no,7,20000
2025-05-22T18:05:28.861876,KXBTCD-25MAY2222-T111749.99,DELTA,18,14,24,1000,795,yes,13,2000
2025-05-22T18:05:29.181390,KXBTCD-25MAY2222-T111749.99,DELTA,18,14,24,1000,796,yes,14,250
2025-05-22T18:05:29.181583,KXBTCD-25MAY2222-T111749.99,DELTA,18,14,24,1000,797,yes,4,-250
2025-05-22T18:05:29.544043,KXBTCD-25MAY2222-T111749.99,DELTA,18,14,24,1000,798,yes,4,250
2025-05-22T18:05:29.563446,KXBTCD-25MAY2222-T111749.99,DELTA,18,14,24,1000,799,yes,14,-250
2025-05-22T18:05:29.782561,KXBTCD-25MAY2222-T111749.99,DELTA,18,14,24,1000,800,yes,13,-2000
2025-05-22T18:05:29.811337,KXBTCD-25MAY2222-T111749.99,DELTA,18,14,24,1000,801,no,6,-5400
2025-05-22T18:05:29.811491,KXBTCD-25MAY2222-T111749.99,DELTA,18,14,24,1000,802,no,8,4050
2025-05-22T18:05:29.883182,KXBTCD-25MAY2222-T111749.99,DELTA,18,14,24,1000,803,no,7,-20000
2025-05-22T18:05:29.924523,KXBTCD-25MAY2222-T111749.99,DELTA,18,14,24,1000,804,no,9,20000
2025-05-22T18:05:29.942959,KXBTCD-25MAY2222-T111749.99,DELTA,18,14,24,1000,805,yes,12,2000
2025-05-22T18:05:30.603589,KXBTCD-25MAY2222-T111749.99,DELTA,18,14,24,1000,806,yes,12,-2000
2025-05-22T18:05:30.702116,KXBTCD-25MAY2222-T111749.99,DELTA,18,14,24,1000,807,yes,13,2000
2025-05-22T18:05:30.843047,KXBTCD-25MAY2222-T111749.99,DELTA,18,14,24,1000,808,no,8,-4050
2025-05-22T18:05:30.843184,KXBTCD-25MAY2222-T111749.99,DELTA,18,14,24,1000,809,no,10,3240
2025-05-22T18:05:31.002271,KXBTCD-25MAY2222-T111749.99,DELTA,18,14,24,1000,810,no,9,-20000
2025-05-22T18:05:31.003132,KXBTCD-25MAY2222-T111749.99,DELTA,18,14,24,1000,811,yes,13,-2000
2025-05-22T18:05:31.062329,KXBTCD-25MAY2222-T111749.99,DELTA,18,14,24,1000,812,yes,12,2000
2025-05-22T18:05:31.162593,KXBTCD-25MAY2222-T111749.99,DELTA,18,14,24,1000,813,no,11,20000
2025-05-22T18:05:31.964238,KXBTCD-25MAY2222-T111749.99,DELTA,18,14,24,1000,814,no,10,-3240
2025-05-22T18:05:31.964414,KXBTCD-25MAY2222-T111749.99,DELTA,18,14,24,1000,815,no,12,2700
2025-05-22T18:05:32.022746,KXBTCD-25MAY2222-T111749.99,DELTA,18,14,24,1000,816,no,11,-20000
2025-05-22T18:05:32.422244,KXBTCD-25MAY2222-T111749.99,DELTA,18,14,24,1000,817,yes,12,-2000
2025-05-22T18:05:32.482187,KXBTCD-25MAY2222-T111749.99,DELTA,18,14,24,1000,818,yes,13,2000
2025-05-22T18:05:33.342755,KXBTCD-25MAY2222-T111749.99,DELTA,18,14,24,1000,819,yes,4,-250
2025-05-22T18:05:33.342932,KXBTCD-25MAY2222-T111749.99,DELTA,18,14,24,1000,820,yes,14,250
2025-05-22T18:05:33.401812,KXBTCD-25MAY2222-T111749.99,DELTA,18,14,24,1000,821,yes,13,-1250
2025-05-22T18:05:33.484881,KXBTCD-25MAY2222-T111749.99,DELTA,18,14,24,1000,822,yes,14,1250
2025-05-22T18:05:34.862636,KXBTCD-25MAY2222-T111749.99,DELTA,18,14,24,1000,823,yes,14,-1250
2025-05-22T18:05:34.942090,KXBTCD-25MAY2222-T111749.99,DELTA,18,14,24,1000,824,yes,13,1250
2025-05-22T18:05:35.242373,KXBTCD-25MAY2222-T111749.99,DELTA,18,14,24,1000,825,yes,13,-1250
2025-05-22T18:05:35.261559,KXBTCD-25MAY2222-T111749.99,DELTA,21,100,24,1000,826,yes,21,100
2025-05-22T18:05:35.261749,KXBTCD-25MAY2222-T111749.99,DELTA,21,100,24,1000,827,no,71,100
2025-05-22T18:05:35.302176,KXBTCD-25MAY2222-T111749.99,DELTA,21,100,24,1000,828,yes,14,1250
2025-05-22T18:05:37.901396,KXBTCD-25MAY2222-T111749.99,DELTA,21,100,24,1000,829,no,12,-2700
2025-05-22T18:05:37.901606,KXBTCD-25MAY2222-T111749.99,DELTA,21,100,24,1000,830,no,4,8100
2025-05-22T18:05:37.901883,KXBTCD-25MAY2222-T111749.99,DELTA,21,100,24,1000,831,no,71,-100
2025-05-22T18:05:37.961530,KXBTCD-25MAY2222-T111749.99,DELTA,21,100,24,1000,832,no,5,20000
2025-05-22T18:05:38.022842,KXBTCD-25MAY2222-T111749.99,DELTA,21,100,24,1000,833,yes,18,-14
2025-05-22T18:05:38.023018,KXBTCD-25MAY2222-T111749.99,DELTA,21,100,24,1000,834,yes,20,14
2025-05-22T18:05:38.023092,KXBTCD-25MAY2222-T111749.99,DELTA,21,100,24,1000,835,yes,16,9
2025-05-22T18:05:38.023158,KXBTCD-25MAY2222-T111749.99,DELTA,21,100,24,1000,836,no,72,-14
2025-05-22T18:05:38.023223,KXBTCD-25MAY2222-T111749.99,DELTA,21,100,24,1000,837,no,71,14
2025-05-22T18:05:39.362035,KXBTCD-25MAY2222-T111749.99,DELTA,21,100,24,1000,838,no,72,100
2025-05-22T18:05:40.402694,KXBTCD-25MAY2222-T111749.99,DELTA,21,100,24,1000,839,no,4,-8100
2025-05-22T18:05:40.403178,KXBTCD-25MAY2222-T111749.99,DELTA,21,100,24,1000,840,no,28,1157
2025-05-22T18:05:40.462179,KXBTCD-25MAY2222-T111749.99,DELTA,21,100,24,1000,841,no,5,-20000
2025-05-22T18:05:45.788564,KXBTCD-25MAY2222-T111749.99,DELTA,20,14,24,1000,842,yes,21,-100
2025-05-22T18:05:45.901488,KXBTCD-25MAY2222-T111749.99,DELTA,20,14,24,1000,843,yes,16,-9
2025-05-22T18:05:45.922402,KXBTCD-25MAY2222-T111749.99,DELTA,20,14,24,1000,844,yes,16,6
2025-05-22T18:05:46.041621,KXBTCD-25MAY2222-T111749.99,DELTA,20,14,24,1000,845,yes,14,-1250
2025-05-22T18:05:46.081951,KXBTCD-25MAY2222-T111749.99,DELTA,20,14,24,1000,846,yes,13,1250
2025-05-22T18:05:46.882858,KXBTCD-25MAY2222-T111749.99,DELTA,20,14,24,1000,847,no,72,-100
2025-05-22T18:05:48.040985,KXBTCD-25MAY2222-T111749.99,DELTA,20,114,24,1000,848,yes,20,100
2025-05-22T18:05:48.142808,KXBTCD-25MAY2222-T111749.99,DELTA,20,114,24,1000,849,yes,16,9
2025-05-22T18:05:48.142990,KXBTCD-25MAY2222-T111749.99,DELTA,20,114,24,1000,850,yes,16,-6
2025-05-22T18:05:48.701767,KXBTCD-25MAY2222-T111749.99,DELTA,20,114,24,1000,851,no,73,100
2025-05-22T18:05:48.941651,KXBTCD-25MAY2222-T111749.99,DELTA,20,114,24,1000,852,yes,13,-1250
2025-05-22T18:05:48.981700,KXBTCD-25MAY2222-T111749.99,DELTA,20,114,24,1000,853,yes,14,1250
2025-05-22T18:05:50.662686,KXBTCD-25MAY2222-T111749.99,DELTA,20,114,24,1000,854,no,28,-1157
2025-05-22T18:05:50.662844,KXBTCD-25MAY2222-T111749.99,DELTA,20,114,24,1000,855,no,29,1117
2025-05-22T18:05:53.470294,KXBTCD-25MAY2222-T111749.99,DELTA,20,114,24,1000,856,yes,16,30
2025-05-22T18:05:53.470601,KXBTCD-25MAY2222-T111749.99,DELTA,20,114,24,1000,857,yes,14,-30
2025-05-22T18:05:53.470840,KXBTCD-25MAY2222-T111749.99,DELTA,20,114,24,1000,858,no,75,-30
2025-05-22T18:05:53.470920,KXBTCD-25MAY2222-T111749.99,DELTA,20,114,24,1000,859,no,73,30
2025-05-22T18:05:53.470983,KXBTCD-25MAY2222-T111749.99,DELTA,20,114,24,1000,860,yes,13,-2000
2025-05-22T18:05:53.471044,KXBTCD-25MAY2222-T111749.99,DELTA,20,114,24,1000,861,yes,14,2000
2025-05-22T18:05:53.471103,KXBTCD-25MAY2222-T111749.99,DELTA,20,114,27,130,862,no,76,-1000
2025-05-22T18:05:53.523542,KXBTCD-25MAY2222-T111749.99,DELTA,20,114,26,1000,863,no,74,1000
2025-05-22T18:05:53.523654,KXBTCD-25MAY2222-T111749.99,DELTA,20,114,26,1000,864,yes,15,-1000
2025-05-22T18:05:53.641734,KXBTCD-25MAY2222-T111749.99,DELTA,20,114,26,1000,865,yes,17,1000
2025-05-22T18:05:53.685615,KXBTCD-25MAY2222-T111749.99,DELTA,20,114,26,1000,866,no,60,250
2025-05-22T18:05:53.685743,KXBTCD-25MAY2222-T111749.99,DELTA,20,114,26,1000,867,no,70,-250
2025-05-22T18:05:53.782892,KXBTCD-25MAY2222-T111749.99,DELTA,20,114,26,1000,868,no,71,-2000
2025-05-22T18:05:53.802709,KXBTCD-25MAY2222-T111749.99,DELTA,20,114,26,1000,869,no,71,-1250
2025-05-22T18:05:53.842117,KXBTCD-25MAY2222-T111749.99,DELTA,20,114,26,1000,870,no,69,2000
2025-05-22T18:05:53.942571,KXBTCD-25MAY2222-T111749.99,DELTA,20,114,26,1000,871,no,69,1250
2025-05-22T18:05:54.163187,KXBTCD-25MAY2222-T111749.99,DELTA,20,114,26,1000,872,yes,6,-250
2025-05-22T18:05:54.163309,KXBTCD-25MAY2222-T111749.99,DELTA,20,114,26,1000,873,yes,16,250
2025-05-22T18:05:54.242374,KXBTCD-25MAY2222-T111749.99,DELTA,20,114,26,1000,874,yes,14,-1250
2025-05-22T18:05:54.281243,KXBTCD-25MAY2222-T111749.99,DELTA,20,114,26,1000,875,yes,16,-9
2025-05-22T18:05:54.301459,KXBTCD-25MAY2222-T111749.99,DELTA,20,114,26,1000,876,yes,15,1250
2025-05-22T18:05:54.962286,KXBTCD-25MAY2222-T111749.99,DELTA,20,114,26,1000,877,yes,15,-1250
2025-05-22T18:05:55.002025,KXBTCD-25MAY2222-T111749.99,DELTA,20,114,26,1000,878,yes,14,1250
2025-05-22T18:05:56.322578,KXBTCD-25MAY2222-T111749.99,DELTA,20,114,26,1000,879,no,50,-200
2025-05-22T18:05:56.322765,KXBTCD-25MAY2222-T111749.99,DELTA,20,114,26,1000,880,no,40,200
2025-05-22T18:05:56.361830,KXBTCD-25MAY2222-T111749.99,DELTA,20,114,26,1000,881,yes,14,-1250
2025-05-22T18:05:56.441202,KXBTCD-25MAY2222-T111749.99,DELTA,20,114,26,1000,882,yes,15,1250
2025-05-22T18:05:56.541078,KXBTCD-25MAY2222-T111749.99,DELTA,20,114,26,1000,883,yes,15,-1250
2025-05-22T18:05:56.584237,KXBTCD-25MAY2222-T111749.99,DELTA,20,114,26,1000,884,yes,14,1250
2025-05-22T18:05:59.821706,KXBTCD-25MAY2222-T111749.99,DELTA,20,114,26,1000,885,yes,14,-2000
2025-05-22T18:05:59.841568,KXBTCD-25MAY2222-T111749.99,DELTA,20,114,26,1000,886,yes,14,-1250
2025-05-22T18:05:59.862405,KXBTCD-25MAY2222-T111749.99,DELTA,21,14,26,1000,887,yes,21,14
2025-05-22T18:05:59.862506,KXBTCD-25MAY2222-T111749.99,DELTA,21,14,26,1000,888,yes,20,-14
2025-05-22T18:05:59.882205,KXBTCD-25MAY2222-T111749.99,DELTA,21,14,26,1000,889,no,69,14
2025-05-22T18:05:59.882303,KXBTCD-25MAY2222-T111749.99,DELTA,21,14,26,1000,890,no,71,-14
2025-05-22T18:05:59.901896,KXBTCD-25MAY2222-T111749.99,DELTA,21,14,26,1000,891,yes,15,1250
2025-05-22T18:05:59.902005,KXBTCD-25MAY2222-T111749.99,DELTA,21,14,26,1000,892,yes,15,2000
2025-05-22T18:05:59.902073,KXBTCD-25MAY2222-T111749.99,DELTA,21,14,26,1000,893,yes,18,30
2025-05-22T18:05:59.922073,KXBTCD-25MAY2222-T111749.99,DELTA,21,14,26,1000,894,yes,16,-30
2025-05-22T18:05:59.922264,KXBTCD-25MAY2222-T111749.99,DELTA,21,14,26,1000,895,no,71,30
2025-05-22T18:05:59.922376,KXBTCD-25MAY2222-T111749.99,DELTA,21,14,26,1000,896,no,73,-30
2025-05-22T18:05:59.961648,KXBTCD-25MAY2222-T111749.99,DELTA,21,14,26,1000,897,yes,15,-1250
2025-05-22T18:06:00.002915,KXBTCD-25MAY2222-T111749.99,DELTA,21,14,26,1000,898,yes,16,1250
2025-05-22T18:06:00.003045,KXBTCD-25MAY2222-T111749.99,DELTA,21,14,26,1000,899,yes,17,-1000
2025-05-22T18:06:00.003118,KXBTCD-25MAY2222-T111749.99,DELTA,21,14,26,1000,900,no,58,250
2025-05-22T18:06:00.003180,KXBTCD-25MAY2222-T111749.99,DELTA,23,14,26,1000,901,yes,23,14
2025-05-22T18:06:00.003235,KXBTCD-25MAY2222-T111749.99,DELTA,23,14,26,1000,902,yes,21,-14
2025-05-22T18:06:00.024619,KXBTCD-25MAY2222-T111749.99,DELTA,23,14,26,1000,903,no,69,-14
2025-05-22T18:06:00.024763,KXBTCD-25MAY2222-T111749.99,DELTA,23,14,26,1000,904,no,67,14
2025-05-22T18:06:00.045792,KXBTCD-25MAY2222-T111749.99,DELTA,23,14,26,1000,905,no,68,-250
2025-05-22T18:06:00.102812,KXBTCD-25MAY2222-T111749.99,DELTA,23,14,26,1000,906,yes,19,1000
2025-05-22T18:06:00.102907,KXBTCD-25MAY2222-T111749.99,DELTA,23,14,26,1000,907,yes,15,-2000
2025-05-22T18:06:00.183962,KXBTCD-25MAY2222-T111749.99,DELTA,23,14,26,1000,908,yes,17,2000
2025-05-22T18:06:00.184053,KXBTCD-25MAY2222-T111749.99,DELTA,23,14,26,1000,909,yes,19,-1000
2025-05-22T18:06:00.184113,KXBTCD-25MAY2222-T111749.99,DELTA,23,14,26,1000,910,no,69,-2000
2025-05-22T18:06:00.201698,KXBTCD-25MAY2222-T111749.99,DELTA,23,14,26,1000,911,no,69,-1250
2025-05-22T18:06:00.201793,KXBTCD-25MAY2222-T111749.99,DELTA,23,14,26,1000,912,yes,18,250
2025-05-22T18:06:00.201852,KXBTCD-25MAY2222-T111749.99,DELTA,23,14,26,1000,913,yes,8,-250
2025-05-22T18:06:00.281985,KXBTCD-25MAY2222-T111749.99,DELTA,23,14,26,1000,914,no,67,2000
2025-05-22T18:06:00.282075,KXBTCD-25MAY2222-T111749.99,DELTA,23,14,26,1000,915,no,67,1250
2025-05-22T18:06:00.282134,KXBTCD-25MAY2222-T111749.99,DELTA,23,14,26,1000,916,yes,20,1000
2025-05-22T18:06:00.362701,KXBTCD-25MAY2222-T111749.99,DELTA,23,14,26,1000,917,yes,16,-1250
2025-05-22T18:06:00.442115,KXBTCD-25MAY2222-T111749.99,DELTA,23,14,26,1000,918,yes,17,1250
2025-05-22T18:06:00.722912,KXBTCD-25MAY2222-T111749.99,DELTA,23,14,26,1000,919,no,73,-100
2025-05-22T18:06:00.723048,KXBTCD-25MAY2222-T111749.99,DELTA,23,14,26,1000,920,yes,20,-100
2025-05-22T18:06:00.782530,KXBTCD-25MAY2222-T111749.99,DELTA,23,14,26,1000,921,yes,20,-1000
2025-05-22T18:06:00.802372,KXBTCD-25MAY2222-T111749.99,DELTA,23,14,29,30,922,no,74,-1000
2025-05-22T18:06:00.841622,KXBTCD-25MAY2222-T111749.99,DELTA,23,14,29,30,923,yes,19,1000
2025-05-22T18:06:00.841746,KXBTCD-25MAY2222-T111749.99,DELTA,23,14,28,1000,924,no,72,1000
2025-05-22T18:06:00.863044,KXBTCD-25MAY2222-T111749.99,DELTA,23,14,28,1000,925,no,58,-250
2025-05-22T18:06:00.863170,KXBTCD-25MAY2222-T111749.99,DELTA,23,14,28,1000,926,no,68,250
2025-05-22T18:06:00.902096,KXBTCD-25MAY2222-T111749.99,DELTA,23,14,28,1000,927,yes,10,-250
2025-05-22T18:06:00.902245,KXBTCD-25MAY2222-T111749.99,DELTA,23,14,28,1000,928,yes,20,250
2025-05-22T18:06:00.921973,KXBTCD-25MAY2222-T111749.99,DELTA,23,14,28,1000,929,no,67,-2000
2025-05-22T18:06:00.941324,KXBTCD-25MAY2222-T111749.99,DELTA,23,14,28,1000,930,no,67,-1250
2025-05-22T18:06:00.963896,KXBTCD-25MAY2222-T111749.99,DELTA,23,14,28,1000,931,yes,19,-1000
2025-05-22T18:06:00.983212,KXBTCD-25MAY2222-T111749.99,DELTA,23,14,28,1000,932,no,69,2000
2025-05-22T18:06:00.983354,KXBTCD-25MAY2222-T111749.99,DELTA,23,14,28,1000,933,no,69,1250
2025-05-22T18:06:01.022481,KXBTCD-25MAY2222-T111749.99,DELTA,23,14,28,1000,934,yes,20,1000
2025-05-22T18:06:01.211968,KXBTCD-25MAY2222-T111749.99,DELTA,23,14,28,1000,935,yes,12,-250
2025-05-22T18:06:01.242347,KXBTCD-25MAY2222-T111749.99,DELTA,23,14,28,1000,936,yes,22,250
2025-05-22T18:06:01.301225,KXBTCD-25MAY2222-T111749.99,DELTA,23,14,28,1000,937,yes,19,30
2025-05-22T18:06:01.301378,KXBTCD-25MAY2222-T111749.99,DELTA,23,14,28,1000,938,yes,18,-30
2025-05-22T18:06:01.301455,KXBTCD-25MAY2222-T111749.99,DELTA,23,14,28,1000,939,no,71,-30
2025-05-22T18:06:01.301519,KXBTCD-25MAY2222-T111749.99,DELTA,23,14,28,1000,940,no,70,30
2025-05-22T18:06:01.402907,KXBTCD-25MAY2222-T111749.99,DELTA,23,14,30,30,941,no,72,-1000
2025-05-22T18:06:01.461877,KXBTCD-25MAY2222-T111749.99,DELTA,23,14,29,1000,942,no,71,1000
2025-05-22T18:06:02.042463,KXBTCD-25MAY2222-T111749.99,DELTA,23,14,29,1000,943,yes,17,-2000
2025-05-22T18:06:02.042629,KXBTCD-25MAY2222-T111749.99,DELTA,23,14,29,1000,944,yes,20,-1000
2025-05-22T18:06:02.061645,KXBTCD-25MAY2222-T111749.99,DELTA,23,14,29,1000,945,yes,17,-1250
2025-05-22T18:06:02.122002,KXBTCD-25MAY2222-T111749.99,DELTA,23,14,29,1000,946,yes,21,1000
2025-05-22T18:06:02.142492,KXBTCD-25MAY2222-T111749.99,DELTA,23,14,29,1000,947,yes,18,2000
2025-05-22T18:06:02.161429,KXBTCD-25MAY2222-T111749.99,DELTA,23,14,29,1000,948,yes,12,250
2025-05-22T18:06:02.182096,KXBTCD-25MAY2222-T111749.99,DELTA,23,14,29,1000,949,yes,18,1250
2025-05-22T18:06:02.222906,KXBTCD-25MAY2222-T111749.99,DELTA,23,14,29,1000,950,yes,22,-250
2025-05-22T18:06:02.500575,KXBTCD-25MAY2222-T111749.99,DELTA,23,14,29,1000,951,yes,22,250
2025-05-22T18:06:02.500718,KXBTCD-25MAY2222-T111749.99,DELTA,23,14,29,1000,952,yes,12,-250
2025-05-22T18:06:03.341845,KXBTCD-25MAY2222-T111749.99,DELTA,23,14,29,1000,953,yes,22,-250
2025-05-22T18:06:03.341974,KXBTCD-25MAY2222-T111749.99,DELTA,23,14,29,1000,954,yes,12,250
2025-05-22T18:06:03.484909,KXBTCD-25MAY2222-T111749.99,DELTA,23,14,29,1000,955,yes,18,-2000
2025-05-22T18:06:03.504502,KXBTCD-25MAY2222-T111749.99,DELTA,23,14,29,1000,956,yes,21,-1000
2025-05-22T18:06:03.504589,KXBTCD-25MAY2222-T111749.99,DELTA,23,14,29,1000,957,yes,18,-1250
2025-05-22T18:06:03.562631,KXBTCD-25MAY2222-T111749.99,DELTA,23,14,29,1000,958,yes,16,1250
2025-05-22T18:06:03.562771,KXBTCD-25MAY2222-T111749.99,DELTA,23,14,29,1000,959,yes,20,1000
2025-05-22T18:06:03.581936,KXBTCD-25MAY2222-T111749.99,DELTA,23,14,29,1000,960,yes,17,2000
2025-05-22T18:06:04.881618,KXBTCD-25MAY2222-T111749.99,DELTA,23,14,29,1000,961,no,70,100
2025-05-22T18:06:04.881779,KXBTCD-25MAY2222-T111749.99,DELTA,23,14,29,1000,962,yes,22,100
2025-05-22T18:06:05.622556,KXBTCD-25MAY2222-T111749.99,DELTA,23,14,29,1000,963,yes,17,-2000
2025-05-22T18:06:05.643231,KXBTCD-25MAY2222-T111749.99,DELTA,23,14,29,1000,964,yes,20,-1000
2025-05-22T18:06:05.682701,KXBTCD-25MAY2222-T111749.99,DELTA,23,14,29,1000,965,yes,19,1000
2025-05-22T18:06:05.764097,KXBTCD-25MAY2222-T111749.99,DELTA,23,14,29,1000,966,yes,16,2000
2025-05-22T18:06:07.262508,KXBTCD-25MAY2222-T111749.99,DELTA,23,14,29,1000,967,yes,16,-2000
2025-05-22T18:06:07.281600,KXBTCD-25MAY2222-T111749.99,DELTA,23,14,29,1000,968,yes,19,-1000
2025-05-22T18:06:07.322647,KXBTCD-25MAY2222-T111749.99,DELTA,23,14,29,1000,969,yes,20,1000
2025-05-22T18:06:07.322809,KXBTCD-25MAY2222-T111749.99,DELTA,23,14,29,1000,970,yes,17,2000
2025-05-22T18:06:07.722512,KXBTCD-25MAY2222-T111749.99,DELTA,23,14,29,1000,971,yes,17,-2000
2025-05-22T18:06:07.722672,KXBTCD-25MAY2222-T111749.99,DELTA,23,14,29,1000,972,yes,20,-1000
2025-05-22T18:06:07.781025,KXBTCD-25MAY2222-T111749.99,DELTA,23,14,29,1000,973,yes,16,-1250
2025-05-22T18:06:07.781141,KXBTCD-25MAY2222-T111749.99,DELTA,23,14,29,1000,974,yes,17,2000
2025-05-22T18:06:07.821683,KXBTCD-25MAY2222-T111749.99,DELTA,23,14,29,1000,975,yes,20,1000
2025-05-22T18:06:07.942841,KXBTCD-25MAY2222-T111749.99,DELTA,23,14,29,1000,976,yes,17,1250
2025-05-22T18:06:08.301703,KXBTCD-25MAY2222-T111749.99,DELTA,23,14,29,1000,977,yes,17,-1250
2025-05-22T18:06:08.382210,KXBTCD-25MAY2222-T111749.99,DELTA,23,14,29,1000,978,yes,16,1250
2025-05-22T18:06:08.842584,KXBTCD-25MAY2222-T111749.99,DELTA,23,14,29,1000,979,yes,17,-2000
2025-05-22T18:06:08.842773,KXBTCD-25MAY2222-T111749.99,DELTA,23,14,29,1000,980,yes,20,-1000
2025-05-22T18:06:08.903560,KXBTCD-25MAY2222-T111749.99,DELTA,23,14,29,1000,981,yes,19,1000
2025-05-22T18:06:08.903747,KXBTCD-25MAY2222-T111749.99,DELTA,23,14,29,1000,982,yes,16,2000
2025-05-22T18:06:09.141411,KXBTCD-25MAY2222-T111749.99,DELTA,23,14,29,1000,983,yes,16,-2000
2025-05-22T18:06:09.142765,KXBTCD-25MAY2222-T111749.99,DELTA,23,14,29,1000,984,yes,19,-1000
2025-05-22T18:06:09.203918,KXBTCD-25MAY2222-T111749.99,DELTA,23,14,29,1000,985,yes,20,1000
2025-05-22T18:06:09.221792,KXBTCD-25MAY2222-T111749.99,DELTA,23,14,29,1000,986,yes,17,2000
2025-05-22T18:06:09.381785,KXBTCD-25MAY2222-T111749.99,DELTA,23,14,29,1000,987,yes,22,-100
2025-05-22T18:06:09.403107,KXBTCD-25MAY2222-T111749.99,DELTA,23,14,29,1000,988,yes,17,-2000
2025-05-22T18:06:09.403219,KXBTCD-25MAY2222-T111749.99,DELTA,23,14,29,1000,989,yes,20,-1000
2025-05-22T18:06:09.462968,KXBTCD-25MAY2222-T111749.99,DELTA,23,14,29,1000,990,yes,19,1000
2025-05-22T18:06:09.482087,KXBTCD-25MAY2222-T111749.99,DELTA,23,14,29,1000,991,yes,16,2000
2025-05-22T18:06:10.321875,KXBTCD-25MAY2222-T111749.99,DELTA,23,114,29,1000,992,yes,23,100
2025-05-22T18:06:11.183970,KXBTCD-25MAY2222-T111749.99,DELTA,23,114,29,1000,993,yes,16,-2000
2025-05-22T18:06:11.184180,KXBTCD-25MAY2222-T111749.99,DELTA,23,114,29,1000,994,yes,19,-1000
2025-05-22T18:06:11.184498,KXBTCD-25MAY2222-T111749.99,DELTA,23,114,29,1000,995,yes,16,-1250
2025-05-22T18:06:11.184585,KXBTCD-25MAY2222-T111749.99,DELTA,23,114,29,1000,996,no,70,250
2025-05-22T18:06:11.184651,KXBTCD-25MAY2222-T111749.99,DELTA,23,114,29,1000,997,no,60,-250
2025-05-22T18:06:11.184706,KXBTCD-25MAY2222-T111749.99,DELTA,23,114,29,1000,998,yes,19,-30
2025-05-22T18:06:11.203124,KXBTCD-25MAY2222-T111749.99,DELTA,23,114,29,1000,999,no,70,-30
2025-05-22T18:06:11.221975,KXBTCD-25MAY2222-T111749.99,DELTA,23,114,29,1000,1000,yes,17,30
2025-05-22T18:06:11.222073,KXBTCD-25MAY2222-T111749.99,DELTA,23,114,28,30,1001,no,72,30
2025-05-22T18:06:11.223409,KXBTCD-25MAY2222-T111749.99,DELTA,23,114,28,30,1002,yes,21,14
2025-05-22T18:06:11.223470,KXBTCD-25MAY2222-T111749.99,DELTA,23,100,28,30,1003,yes,23,-14
2025-05-22T18:06:11.243408,KXBTCD-25MAY2222-T111749.99,DELTA,23,100,28,30,1004,no,69,14
2025-05-22T18:06:11.243533,KXBTCD-25MAY2222-T111749.99,DELTA,23,100,28,30,1005,no,67,-14
2025-05-22T18:06:11.262502,KXBTCD-25MAY2222-T111749.99,DELTA,23,100,28,30,1006,yes,15,2000
2025-05-22T18:06:11.283780,KXBTCD-25MAY2222-T111749.99,DELTA,23,100,28,30,1007,yes,10,250
2025-05-22T18:06:11.302605,KXBTCD-25MAY2222-T111749.99,DELTA,23,100,28,30,1008,yes,20,-250
2025-05-22T18:06:11.302765,KXBTCD-25MAY2222-T111749.99,DELTA,23,100,28,30,1009,no,69,-2000
2025-05-22T18:06:11.326239,KXBTCD-25MAY2222-T111749.99,DELTA,23,100,28,30,1010,no,71,-1000
2025-05-22T18:06:11.326394,KXBTCD-25MAY2222-T111749.99,DELTA,23,100,28,30,1011,no,69,-1250
2025-05-22T18:06:11.383510,KXBTCD-25MAY2222-T111749.99,DELTA,23,100,28,30,1012,no,71,2000
2025-05-22T18:06:11.383631,KXBTCD-25MAY2222-T111749.99,DELTA,23,100,28,30,1013,no,71,1250
2025-05-22T18:06:11.402477,KXBTCD-25MAY2222-T111749.99,DELTA,23,100,27,1000,1014,no,73,1000
2025-05-22T18:06:11.502949,KXBTCD-25MAY2222-T111749.99,DELTA,23,100,27,1000,1015,yes,15,1250
2025-05-22T18:06:11.663404,KXBTCD-25MAY2222-T111749.99,DELTA,23,100,27,1000,1016,no,70,-100
2025-05-22T18:06:11.682572,KXBTCD-25MAY2222-T111749.99,DELTA,21,14,27,1000,1017,yes,23,-100
2025-05-22T18:06:12.123420,KXBTCD-25MAY2222-T111749.99,DELTA,21,14,27,1000,1018,yes,18,1000
2025-05-22T18:06:12.502616,KXBTCD-25MAY2222-T111749.99,DELTA,21,14,27,1000,1019,yes,10,-250
2025-05-22T18:06:12.502792,KXBTCD-25MAY2222-T111749.99,DELTA,21,14,27,1000,1020,yes,20,250
2025-05-22T18:06:13.237859,KXBTCD-25MAY2222-T111749.99,DELTA,21,114,27,1000,1021,yes,21,100
2025-05-22T18:06:13.238077,KXBTCD-25MAY2222-T111749.99,DELTA,21,114,27,1000,1022,no,71,100
2025-05-22T18:06:17.182962,KXBTCD-25MAY2222-T111749.99,DELTA,21,114,27,1000,1023,yes,15,-2000
2025-05-22T18:06:17.183121,KXBTCD-25MAY2222-T111749.99,DELTA,21,114,27,1000,1024,yes,18,-1000
2025-05-22T18:06:17.241924,KXBTCD-25MAY2222-T111749.99,DELTA,21,114,27,1000,1025,yes,17,1000
2025-05-22T18:06:17.421487,KXBTCD-25MAY2222-T111749.99,DELTA,21,114,27,1000,1026,yes,14,2000
2025-05-22T18:06:17.501462,KXBTCD-25MAY2222-T111749.99,DELTA,21,114,27,1000,1027,yes,20,-250
2025-05-22T18:06:17.501593,KXBTCD-25MAY2222-T111749.99,DELTA,21,114,27,1000,1028,yes,10,250
2025-05-22T18:06:19.785799,KXBTCD-25MAY2222-T111749.99,DELTA,21,114,27,1000,1029,yes,14,-2000
2025-05-22T18:06:19.802659,KXBTCD-25MAY2222-T111749.99,DELTA,21,114,27,1000,1030,yes,17,-1000
2025-05-22T18:06:19.861866,KXBTCD-25MAY2222-T111749.99,DELTA,21,114,27,1000,1031,yes,15,2000
2025-05-22T18:06:20.122906,KXBTCD-25MAY2222-T111749.99,DELTA,21,114,27,1000,1032,yes,18,1000
2025-05-22T18:06:20.182678,KXBTCD-25MAY2222-T111749.99,DELTA,21,114,27,1000,1033,yes,20,250
2025-05-22T18:06:20.182820,KXBTCD-25MAY2222-T111749.99,DELTA,21,114,27,1000,1034,yes,10,-250
2025-05-22T18:06:22.082355,KXBTCD-25MAY2222-T111749.99,DELTA,21,114,27,1000,1035,no,29,-1117
2025-05-22T18:06:22.222667,KXBTCD-25MAY2222-T111749.99,DELTA,21,114,27,1000,1036,yes,15,-2000
2025-05-22T18:06:22.222884,KXBTCD-25MAY2222-T111749.99,DELTA,21,114,27,1000,1037,yes,18,-1000
2025-05-22T18:06:22.244808,KXBTCD-25MAY2222-T111749.99,DELTA,21,114,27,1000,1038,yes,15,-1250
2025-05-22T18:06:22.282255,KXBTCD-25MAY2222-T111749.99,DELTA,21,114,27,1000,1039,yes,14,2000
2025-05-22T18:06:22.303562,KXBTCD-25MAY2222-T111749.99,DELTA,21,114,27,1000,1040,yes,14,1250
2025-05-22T18:06:22.343880,KXBTCD-25MAY2222-T111749.99,DELTA,21,114,27,1000,1041,yes,17,1000
2025-05-22T18:06:22.403937,KXBTCD-25MAY2222-T111749.99,DELTA,21,114,27,1000,1042,yes,14,-1250
2025-05-22T18:06:22.482023,KXBTCD-25MAY2222-T111749.99,DELTA,21,114,27,1000,1043,yes,15,1250
2025-05-22T18:06:22.503285,KXBTCD-25MAY2222-T111749.99,DELTA,21,114,27,1000,1044,yes,10,250
2025-05-22T18:06:22.523671,KXBTCD-25MAY2222-T111749.99,DELTA,21,114,27,1000,1045,yes,20,-250
2025-05-22T18:06:23.222379,KXBTCD-25MAY2222-T111749.99,DELTA,21,114,27,1000,1046,no,29,1117
2025-05-22T18:06:23.722745,KXBTCD-25MAY2222-T111749.99,DELTA,21,114,27,1000,1047,no,71,-100
2025-05-22T18:06:24.104161,KXBTCD-25MAY2222-T111749.99,DELTA,21,114,27,1000,1048,yes,15,-1250
2025-05-22T18:06:24.144503,KXBTCD-25MAY2222-T111749.99,DELTA,21,114,27,1000,1049,yes,14,1250
2025-05-22T18:06:24.662598,KXBTCD-25MAY2222-T111749.99,DELTA,21,114,27,1000,1050,no,72,100
2025-05-22T18:06:26.723523,KXBTCD-25MAY2222-T111749.99,DELTA,21,114,27,648,1051,no,73,-352
2025-05-22T18:06:27.763090,KXBTCD-25MAY2222-T111749.99,DELTA,21,114,27,648,1052,yes,14,-2000
2025-05-22T18:06:27.763269,KXBTCD-25MAY2222-T111749.99,DELTA,21,114,27,648,1053,yes,17,-1000
2025-05-22T18:06:27.783480,KXBTCD-25MAY2222-T111749.99,DELTA,21,114,27,648,1054,yes,14,-1250
2025-05-22T18:06:27.823173,KXBTCD-25MAY2222-T111749.99,DELTA,21,114,27,648,1055,yes,15,1250
2025-05-22T18:06:28.002262,KXBTCD-25MAY2222-T111749.99,DELTA,21,114,27,648,1056,yes,15,2000
2025-05-22T18:06:28.002462,KXBTCD-25MAY2222-T111749.99,DELTA,21,114,27,648,1057,yes,18,1000
2025-05-22T18:06:28.502257,KXBTCD-25MAY2222-T111749.99,DELTA,21,114,27,648,1058,yes,10,-250
2025-05-22T18:06:28.521387,KXBTCD-25MAY2222-T111749.99,DELTA,21,114,27,648,1059,yes,20,250
2025-05-22T18:06:29.710408,KXBTCD-25MAY2222-T111749.99,DELTA,21,114,27,648,1060,yes,15,-2000
2025-05-22T18:06:29.723908,KXBTCD-25MAY2222-T111749.99,DELTA,21,114,27,648,1061,yes,18,-1000
2025-05-22T18:06:29.783293,KXBTCD-25MAY2222-T111749.99,DELTA,21,114,27,648,1062,yes,17,1000
2025-05-22T18:06:29.783486,KXBTCD-25MAY2222-T111749.99,DELTA,21,114,27,648,1063,yes,14,2000
2025-05-22T18:06:29.882265,KXBTCD-25MAY2222-T111749.99,DELTA,21,114,27,648,1064,yes,15,-1250
2025-05-22T18:06:29.923312,KXBTCD-25MAY2222-T111749.99,DELTA,21,114,27,648,1065,yes,14,1250
2025-05-22T18:06:30.163175,KXBTCD-25MAY2222-T111749.99,DELTA,21,114,27,648,1066,yes,20,-250
2025-05-22T18:06:30.163282,KXBTCD-25MAY2222-T111749.99,DELTA,21,114,27,648,1067,yes,10,250
2025-05-22T18:06:30.242201,KXBTCD-25MAY2222-T111749.99,DELTA,21,114,27,648,1068,yes,16,30
2025-05-22T18:06:30.242381,KXBTCD-25MAY2222-T111749.99,DELTA,21,114,27,648,1069,yes,17,-30
2025-05-22T18:06:30.263407,KXBTCD-25MAY2222-T111749.99,DELTA,21,114,27,648,1070,no,72,-30
2025-05-22T18:06:30.263510,KXBTCD-25MAY2222-T111749.99,DELTA,21,114,27,678,1071,no,73,30
2025-05-22T18:06:30.323272,KXBTCD-25MAY2222-T111749.99,DELTA,21,114,27,30,1072,no,73,-648
2025-05-22T18:06:30.346034,KXBTCD-25MAY2222-T111749.99,DELTA,21,14,27,30,1073,yes,21,-100
2025-05-22T18:06:30.682940,KXBTCD-25MAY2222-T111749.99,DELTA,21,14,26,1000,1074,no,74,1000
2025-05-22T18:06:31.283596,KXBTCD-25MAY2222-T111749.99,DELTA,21,14,26,1000,1075,no,72,-100
2025-05-22T18:06:32.322292,KXBTCD-25MAY2222-T111749.99,DELTA,21,14,26,1000,1076,no,72,100
2025-05-22T18:06:32.342434,KXBTCD-25MAY2222-T111749.99,DELTA,21,14,26,1000,1077,yes,20,100
2025-05-22T18:06:32.462551,KXBTCD-25MAY2222-T111749.99,DELTA,21,13,26,1000,1078,yes,21,-1
2025-05-22T18:06:32.523034,KXBTCD-25MAY2222-T111749.99,DELTA,20,100,26,1000,1079,yes,21,-13
2025-05-22T18:06:32.523182,KXBTCD-25MAY2222-T111749.99,DELTA,20,114,26,1000,1080,yes,20,14
2025-05-22T18:06:32.543110,KXBTCD-25MAY2222-T111749.99,DELTA,20,114,26,1000,1081,no,70,14
2025-05-22T18:06:32.543230,KXBTCD-25MAY2222-T111749.99,DELTA,20,114,26,1000,1082,no,69,-14
2025-05-22T18:06:34.301649,KXBTCD-25MAY2222-T111749.99,DELTA,20,114,26,1000,1083,yes,14,-2000
2025-05-22T18:06:34.322291,KXBTCD-25MAY2222-T111749.99,DELTA,20,114,26,1000,1084,yes,17,-1000
2025-05-22T18:06:34.361896,KXBTCD-25MAY2222-T111749.99,DELTA,20,114,26,1000,1085,yes,13,2000
2025-05-22T18:06:34.421703,KXBTCD-25MAY2222-T111749.99,DELTA,20,114,26,1000,1086,yes,16,1000
2025-05-22T18:06:34.501777,KXBTCD-25MAY2222-T111749.99,DELTA,20,114,26,1000,1087,yes,18,-250
2025-05-22T18:06:34.501974,KXBTCD-25MAY2222-T111749.99,DELTA,20,114,26,1000,1088,yes,8,250
2025-05-22T18:06:35.144194,KXBTCD-25MAY2222-T111749.99,DELTA,20,114,26,1000,1089,yes,18,250
2025-05-22T18:06:35.144420,KXBTCD-25MAY2222-T111749.99,DELTA,20,114,26,1000,1090,yes,8,-250
2025-05-22T18:06:35.455051,KXBTCD-25MAY2222-T111749.99,DELTA,20,114,26,1000,1091,yes,13,-2000
2025-05-22T18:06:35.455358,KXBTCD-25MAY2222-T111749.99,DELTA,20,114,26,1000,1092,yes,16,-1000
2025-05-22T18:06:35.497025,KXBTCD-25MAY2222-T111749.99,DELTA,20,114,26,1000,1093,yes,17,1000
