timestamp,market_ticker,type,yes_bid_price_cents,yes_bid_qty,yes_ask_price_cents,yes_ask_qty_on_no_side,sequence_num,delta_side,delta_price_cents,delta_quantity
2025-05-20T15:23:36.587192,KXBTCD-25MAY2019-T105999.99,SNAPSHOT,52,13941,55,3000,1,,,
2025-05-20T15:23:36.598071,KXBTCD-25MAY2019-T105999.99,DELTA,52,13941,55,3000,2,yes,44,-2000
2025-05-20T15:23:36.598343,KXBTCD-25MAY2019-T105999.99,DELTA,52,13941,55,3000,3,yes,46,772
2025-05-20T15:23:36.598512,KXBTCD-25MAY2019-T105999.99,DELTA,52,13941,55,3000,4,yes,46,-1000
2025-05-20T15:23:36.616742,KXBTCD-25MAY2019-T105999.99,DELTA,52,13941,55,3000,5,yes,42,-1250
2025-05-20T15:23:36.616972,KXBTCD-25MAY2019-T105999.99,DELTA,52,13941,55,1000,6,no,45,-2000
2025-05-20T15:23:36.637430,KXBTCD-25MAY2019-T105999.99,DELTA,52,13941,55,1000,7,no,43,-1250
2025-05-20T15:23:36.698596,KXBTCD-25MAY2019-T105999.99,DELTA,52,13941,55,1000,8,yes,45,2000
2025-05-20T15:23:36.699385,KXBTCD-25MAY2019-T105999.99,DELTA,52,13941,55,1000,9,yes,47,1000
2025-05-20T15:23:36.699892,KXBTCD-25MAY2019-T105999.99,DELTA,52,13941,55,1000,10,no,44,2000
2025-05-20T15:23:36.700342,KXBTCD-25MAY2019-T105999.99,DELTA,52,13941,55,1000,11,no,42,1250
2025-05-20T15:23:36.737802,KXBTCD-25MAY2019-T105999.99,DELTA,52,13941,55,1000,12,yes,46,100
2025-05-20T15:23:36.738353,KXBTCD-25MAY2019-T105999.99,DELTA,52,13941,55,1000,13,yes,43,1250
2025-05-20T15:23:36.977967,KXBTCD-25MAY2019-T105999.99,DELTA,52,13941,55,1000,14,yes,46,-100
2025-05-20T15:23:37.157178,KXBTCD-25MAY2019-T105999.99,DELTA,52,13941,55,1000,15,yes,47,-25
2025-05-20T15:23:37.157483,KXBTCD-25MAY2019-T105999.99,DELTA,52,13941,55,1000,16,yes,48,25
2025-05-20T15:23:37.178897,KXBTCD-25MAY2019-T105999.99,DELTA,52,13941,55,1000,17,yes,45,-2000
2025-05-20T15:23:37.197555,KXBTCD-25MAY2019-T105999.99,DELTA,52,13941,55,1000,18,yes,43,-1250
2025-05-20T15:23:37.197745,KXBTCD-25MAY2019-T105999.99,DELTA,52,13941,55,1000,19,no,44,-2000
2025-05-20T15:23:37.218505,KXBTCD-25MAY2019-T105999.99,DELTA,52,13941,55,1000,20,no,42,-1250
2025-05-20T15:23:37.297847,KXBTCD-25MAY2019-T105999.99,DELTA,52,13941,55,1000,21,no,41,1250
2025-05-20T15:23:37.298338,KXBTCD-25MAY2019-T105999.99,DELTA,52,13941,55,1000,22,yes,44,1250
2025-05-20T15:23:37.298688,KXBTCD-25MAY2019-T105999.99,DELTA,52,13941,55,1000,23,yes,46,2000
2025-05-20T15:23:37.299044,KXBTCD-25MAY2019-T105999.99,DELTA,52,13941,55,1000,24,no,43,2000
2025-05-20T15:23:37.340922,KXBTCD-25MAY2019-T105999.99,DELTA,52,13941,55,1053,25,no,45,53
2025-05-20T15:23:37.397322,KXBTCD-25MAY2019-T105999.99,DELTA,52,13941,55,53,26,no,45,-1000
2025-05-20T15:23:37.482520,KXBTCD-25MAY2019-T105999.99,DELTA,52,13941,54,1000,27,no,46,1000
2025-05-20T15:23:37.565511,KXBTCD-25MAY2019-T105999.99,DELTA,52,13940,54,1000,28,yes,52,-1
2025-05-20T15:23:38.002899,KXBTCD-25MAY2019-T105999.99,DELTA,52,13940,54,1000,29,yes,9,-2880
2025-05-20T15:23:38.003845,KXBTCD-25MAY2019-T105999.99,DELTA,52,13940,54,1000,30,yes,7,3702
2025-05-20T15:23:38.004452,KXBTCD-25MAY2019-T105999.99,DELTA,52,13940,54,1000,31,no,45,-53
2025-05-20T15:23:38.004954,KXBTCD-25MAY2019-T105999.99,DELTA,52,13940,54,1000,32,yes,47,100
2025-05-20T15:23:38.005457,KXBTCD-25MAY2019-T105999.99,DELTA,52,13940,54,1000,33,yes,2,-20000
2025-05-20T15:23:38.005922,KXBTCD-25MAY2019-T105999.99,DELTA,52,13940,54,1000,34,no,4,-6480
2025-05-20T15:23:38.006384,KXBTCD-25MAY2019-T105999.99,DELTA,52,13940,54,1000,35,no,6,4320
2025-05-20T15:23:38.006851,KXBTCD-25MAY2019-T105999.99,DELTA,52,13940,56,250,36,no,46,-1000
2025-05-20T15:23:38.036905,KXBTCD-25MAY2019-T105999.99,DELTA,52,13940,56,250,37,yes,47,-1000
2025-05-20T15:23:38.037332,KXBTCD-25MAY2019-T105999.99,DELTA,52,13940,56,250,38,yes,8,20000
2025-05-20T15:23:38.057009,KXBTCD-25MAY2019-T105999.99,DELTA,52,13940,56,250,39,no,5,-20000
2025-05-20T15:23:38.057270,KXBTCD-25MAY2019-T105999.99,DELTA,52,13940,55,1000,40,no,45,1000
2025-05-20T15:23:38.103317,KXBTCD-25MAY2019-T105999.99,DELTA,52,13940,55,1000,41,yes,48,1000
2025-05-20T15:23:38.103928,KXBTCD-25MAY2019-T105999.99,DELTA,52,13940,55,1000,42,no,7,20000
2025-05-20T15:23:38.509258,KXBTCD-25MAY2019-T105999.99,DELTA,52,13940,55,1000,43,yes,47,-100
2025-05-20T15:23:38.521983,KXBTCD-25MAY2019-T105999.99,DELTA,52,13940,55,1000,44,yes,48,-1000
2025-05-20T15:23:38.558324,KXBTCD-25MAY2019-T105999.99,DELTA,52,13940,55,1000,45,yes,47,1000
2025-05-20T15:23:38.618454,KXBTCD-25MAY2019-T105999.99,DELTA,52,13940,55,1000,46,yes,46,-2000
2025-05-20T15:23:38.619297,KXBTCD-25MAY2019-T105999.99,DELTA,52,13940,55,1000,47,yes,44,-1250
2025-05-20T15:23:38.637849,KXBTCD-25MAY2019-T105999.99,DELTA,52,13940,55,1000,48,no,43,-2000
2025-05-20T15:23:38.638534,KXBTCD-25MAY2019-T105999.99,DELTA,52,13940,55,1000,49,no,41,-1250
2025-05-20T15:23:38.702351,KXBTCD-25MAY2019-T105999.99,DELTA,52,13940,55,1000,50,yes,45,2000
2025-05-20T15:23:38.703182,KXBTCD-25MAY2019-T105999.99,DELTA,52,13940,55,1000,51,no,42,1250
2025-05-20T15:23:38.703772,KXBTCD-25MAY2019-T105999.99,DELTA,52,13940,55,1000,52,no,44,2000
2025-05-20T15:23:38.704293,KXBTCD-25MAY2019-T105999.99,DELTA,52,13940,55,1000,53,yes,43,1250
2025-05-20T15:23:38.719398,KXBTCD-25MAY2019-T105999.99,DELTA,52,13940,54,53,54,no,46,53
2025-05-20T15:23:38.800040,KXBTCD-25MAY2019-T105999.99,DELTA,52,13940,54,53,55,no,45,-1000
2025-05-20T15:23:38.832362,KXBTCD-25MAY2019-T105999.99,DELTA,52,13940,54,1053,56,no,46,1000
2025-05-20T15:23:38.888050,KXBTCD-25MAY2019-T105999.99,DELTA,52,13940,54,1053,57,yes,46,-772
2025-05-20T15:23:38.907515,KXBTCD-25MAY2019-T105999.99,DELTA,52,13940,54,1053,58,yes,45,-2000
2025-05-20T15:23:38.908210,KXBTCD-25MAY2019-T105999.99,DELTA,52,13940,54,1053,59,yes,7,-3702
2025-05-20T15:23:38.908711,KXBTCD-25MAY2019-T105999.99,DELTA,52,13940,54,1053,60,yes,9,2880
2025-05-20T15:23:38.909078,KXBTCD-25MAY2019-T105999.99,DELTA,52,13940,54,1053,61,yes,43,-1250
2025-05-20T15:23:38.909431,KXBTCD-25MAY2019-T105999.99,DELTA,52,13940,54,1053,62,yes,47,772
2025-05-20T15:23:38.918608,KXBTCD-25MAY2019-T105999.99,DELTA,52,13940,54,1053,63,no,44,-2000
2025-05-20T15:23:38.919074,KXBTCD-25MAY2019-T105999.99,DELTA,52,13940,54,53,64,no,46,-1000
2025-05-20T15:23:38.937055,KXBTCD-25MAY2019-T105999.99,DELTA,52,13940,54,53,65,no,42,-1250
2025-05-20T15:23:38.937477,KXBTCD-25MAY2019-T105999.99,DELTA,52,13940,54,53,66,no,6,-4320
2025-05-20T15:23:38.937666,KXBTCD-25MAY2019-T105999.99,DELTA,52,13940,54,53,67,no,7,3702
2025-05-20T15:23:38.937945,KXBTCD-25MAY2019-T105999.99,DELTA,52,13940,54,53,68,yes,47,-1000
2025-05-20T15:23:38.957164,KXBTCD-25MAY2019-T105999.99,DELTA,52,13940,54,53,69,yes,8,-20000
2025-05-20T15:23:39.002585,KXBTCD-25MAY2019-T105999.99,DELTA,52,13940,54,53,70,yes,44,1250
2025-05-20T15:23:39.003255,KXBTCD-25MAY2019-T105999.99,DELTA,52,13940,54,53,71,no,43,2000
2025-05-20T15:23:39.003620,KXBTCD-25MAY2019-T105999.99,DELTA,52,13940,54,53,72,no,41,1250
2025-05-20T15:23:39.003938,KXBTCD-25MAY2019-T105999.99,DELTA,52,13940,54,53,73,yes,45,2000
2025-05-20T15:23:39.017501,KXBTCD-25MAY2019-T105999.99,DELTA,52,13940,54,53,74,yes,2,20000
2025-05-20T15:23:39.018202,KXBTCD-25MAY2019-T105999.99,DELTA,52,13940,54,53,75,yes,48,1000
2025-05-20T15:23:39.166249,KXBTCD-25MAY2019-T105999.99,DELTA,52,13940,54,1053,76,no,46,1000
2025-05-20T15:23:39.166820,KXBTCD-25MAY2019-T105999.99,DELTA,52,13940,54,1053,77,yes,36,-250
2025-05-20T15:23:39.167122,KXBTCD-25MAY2019-T105999.99,DELTA,52,13940,54,1053,78,yes,46,250
2025-05-20T15:23:39.255958,KXBTCD-25MAY2019-T105999.99,DELTA,52,13940,54,1053,79,no,7,-20000
2025-05-20T15:23:39.256985,KXBTCD-25MAY2019-T105999.99,DELTA,52,13940,54,1053,80,yes,45,-2000
2025-05-20T15:23:39.270422,KXBTCD-25MAY2019-T105999.99,DELTA,52,13940,54,1053,81,no,8,20000
2025-05-20T15:23:39.275993,KXBTCD-25MAY2019-T105999.99,DELTA,52,13940,54,1053,82,yes,46,2000
2025-05-20T15:23:39.316501,KXBTCD-25MAY2019-T105999.99,DELTA,52,13940,54,1053,83,yes,47,100
2025-05-20T15:23:39.963634,KXBTCD-25MAY2019-T105999.99,DELTA,52,13940,54,1053,84,yes,9,-2880
2025-05-20T15:23:39.964795,KXBTCD-25MAY2019-T105999.99,DELTA,52,13940,54,1053,85,yes,7,3702
2025-05-20T15:23:40.011765,KXBTCD-25MAY2019-T105999.99,DELTA,52,13940,54,1053,86,no,7,-3702
2025-05-20T15:23:40.012621,KXBTCD-25MAY2019-T105999.99,DELTA,52,13940,54,1053,87,no,4,6480
2025-05-20T15:23:40.013245,KXBTCD-25MAY2019-T105999.99,DELTA,52,13940,54,1053,88,yes,2,-20000
2025-05-20T15:23:40.045736,KXBTCD-25MAY2019-T105999.99,DELTA,52,13940,54,1053,89,yes,8,20000
2025-05-20T15:23:40.057809,KXBTCD-25MAY2019-T105999.99,DELTA,52,13940,54,1053,90,no,8,-20000
2025-05-20T15:23:40.153390,KXBTCD-25MAY2019-T105999.99,DELTA,52,13940,54,1053,91,no,5,20000
2025-05-20T15:23:40.957998,KXBTCD-25MAY2019-T105999.99,DELTA,52,13940,54,1053,92,yes,7,-3702
2025-05-20T15:23:40.959172,KXBTCD-25MAY2019-T105999.99,DELTA,52,13940,54,1053,93,yes,9,2880
2025-05-20T15:23:41.032139,KXBTCD-25MAY2019-T105999.99,DELTA,52,13940,54,1053,94,yes,8,-20000
2025-05-20T15:23:41.033124,KXBTCD-25MAY2019-T105999.99,DELTA,52,13940,54,1053,95,no,4,-6480
2025-05-20T15:23:41.033942,KXBTCD-25MAY2019-T105999.99,DELTA,52,13940,54,1053,96,no,6,4320
2025-05-20T15:23:41.087523,KXBTCD-25MAY2019-T105999.99,DELTA,52,13940,54,1053,97,yes,2,20000
2025-05-20T15:23:41.089564,KXBTCD-25MAY2019-T105999.99,DELTA,52,13940,54,1053,98,no,5,-20000
2025-05-20T15:23:41.153565,KXBTCD-25MAY2019-T105999.99,DELTA,52,13940,54,1053,99,no,7,20000
2025-05-20T15:23:41.639171,KXBTCD-25MAY2019-T105999.99,DELTA,52,13940,54,53,100,no,46,-1000
2025-05-20T15:23:41.700915,KXBTCD-25MAY2019-T105999.99,DELTA,52,13940,54,53,101,yes,1,8000
2025-05-20T15:23:41.701904,KXBTCD-25MAY2019-T105999.99,DELTA,52,13940,54,53,102,no,45,1000
2025-05-20T15:23:41.793720,KXBTCD-25MAY2019-T105999.99,DELTA,52,13940,54,53,103,yes,46,-2000
2025-05-20T15:23:41.794842,KXBTCD-25MAY2019-T105999.99,DELTA,52,13940,54,53,104,yes,44,-1250
2025-05-20T15:23:41.807873,KXBTCD-25MAY2019-T105999.99,DELTA,52,13940,54,53,105,no,43,-2000
2025-05-20T15:23:41.808555,KXBTCD-25MAY2019-T105999.99,DELTA,52,13940,54,53,106,no,41,-1250
2025-05-20T15:23:41.858322,KXBTCD-25MAY2019-T105999.99,DELTA,52,13940,54,53,107,yes,47,2000
2025-05-20T15:23:41.859068,KXBTCD-25MAY2019-T105999.99,DELTA,52,13940,54,53,108,yes,45,1250
2025-05-20T15:23:41.859608,KXBTCD-25MAY2019-T105999.99,DELTA,52,13940,54,53,109,no,40,1250
2025-05-20T15:23:41.948434,KXBTCD-25MAY2019-T105999.99,DELTA,52,13940,54,53,110,no,42,2000
2025-05-20T15:23:41.949513,KXBTCD-25MAY2019-T105999.99,DELTA,52,13940,54,53,111,no,40,-1250
2025-05-20T15:23:41.957619,KXBTCD-25MAY2019-T105999.99,DELTA,52,13940,54,53,112,yes,9,-2880
2025-05-20T15:23:41.958295,KXBTCD-25MAY2019-T105999.99,DELTA,52,13940,54,53,113,yes,7,3702
2025-05-20T15:23:41.959246,KXBTCD-25MAY2019-T105999.99,DELTA,52,13940,54,53,114,no,41,1250
2025-05-20T15:23:41.997886,KXBTCD-25MAY2019-T105999.99,DELTA,52,13940,54,53,115,no,6,-4320
2025-05-20T15:23:41.998853,KXBTCD-25MAY2019-T105999.99,DELTA,52,13940,54,53,116,no,7,3702
2025-05-20T15:23:42.017272,KXBTCD-25MAY2019-T105999.99,DELTA,52,13940,54,53,117,yes,2,-20000
2025-05-20T15:23:42.058612,KXBTCD-25MAY2019-T105999.99,DELTA,52,13940,54,53,118,no,7,-20000
2025-05-20T15:23:42.083914,KXBTCD-25MAY2019-T105999.99,DELTA,52,13940,54,53,119,yes,8,20000
2025-05-20T15:23:42.126133,KXBTCD-25MAY2019-T105999.99,DELTA,52,13940,54,53,120,yes,47,-772
2025-05-20T15:23:42.126332,KXBTCD-25MAY2019-T105999.99,DELTA,52,13940,54,53,121,no,8,20000
2025-05-20T15:23:42.198724,KXBTCD-25MAY2019-T105999.99,DELTA,52,13940,54,53,122,yes,48,772
2025-05-20T15:23:42.259757,KXBTCD-25MAY2019-T105999.99,DELTA,52,13940,54,53,123,yes,48,-1000
2025-05-20T15:23:42.278910,KXBTCD-25MAY2019-T105999.99,DELTA,52,13940,54,53,124,yes,49,1000
2025-05-20T15:23:42.539878,KXBTCD-25MAY2019-T105999.99,DELTA,52,13940,54,53,125,yes,47,-100
2025-05-20T15:23:42.573867,KXBTCD-25MAY2019-T105999.99,DELTA,52,13940,55,1000,126,no,46,-53
2025-05-20T15:23:42.777765,KXBTCD-25MAY2019-T105999.99,DELTA,52,13940,55,1000,127,yes,48,-772
2025-05-20T15:23:42.779022,KXBTCD-25MAY2019-T105999.99,DELTA,52,13940,55,1000,128,no,44,-250
2025-05-20T15:23:42.798798,KXBTCD-25MAY2019-T105999.99,DELTA,52,13940,58,2250,129,no,45,-1000
2025-05-20T15:23:42.799511,KXBTCD-25MAY2019-T105999.99,DELTA,52,13940,58,2250,130,no,34,250
2025-05-20T15:23:42.822733,KXBTCD-25MAY2019-T105999.99,DELTA,52,13940,58,2250,131,no,41,-1250
2025-05-20T15:23:42.826627,KXBTCD-25MAY2019-T105999.99,DELTA,52,13940,58,2250,132,yes,49,772
2025-05-20T15:23:42.860821,KXBTCD-25MAY2019-T105999.99,DELTA,52,13940,58,2250,133,yes,49,-1000
2025-05-20T15:23:42.885895,KXBTCD-25MAY2019-T105999.99,DELTA,52,13940,58,2250,134,no,40,1250
2025-05-20T15:23:42.920793,KXBTCD-25MAY2019-T105999.99,DELTA,52,13940,57,1000,135,no,43,1000
2025-05-20T15:23:42.922108,KXBTCD-25MAY2019-T105999.99,DELTA,52,13940,57,1000,136,yes,50,1000
2025-05-20T15:23:43.397657,KXBTCD-25MAY2019-T105999.99,DELTA,52,13940,57,1000,137,yes,49,-772
2025-05-20T15:23:43.440212,KXBTCD-25MAY2019-T105999.99,DELTA,52,13940,57,1000,138,yes,47,-2000
2025-05-20T15:23:43.440884,KXBTCD-25MAY2019-T105999.99,DELTA,52,13940,57,1000,139,yes,50,-1000
2025-05-20T15:23:43.441324,KXBTCD-25MAY2019-T105999.99,DELTA,52,13940,57,1000,140,yes,48,772
2025-05-20T15:23:43.456733,KXBTCD-25MAY2019-T105999.99,DELTA,52,13940,57,1000,141,no,42,-2000
2025-05-20T15:23:43.457549,KXBTCD-25MAY2019-T105999.99,DELTA,52,13940,57,1000,142,no,40,-1250
2025-05-20T15:23:43.517938,KXBTCD-25MAY2019-T105999.99,DELTA,52,13940,57,1000,143,yes,48,100
2025-05-20T15:23:43.518623,KXBTCD-25MAY2019-T105999.99,DELTA,52,13940,56,53,144,no,44,53
2025-05-20T15:23:43.519090,KXBTCD-25MAY2019-T105999.99,DELTA,52,13940,56,53,145,no,41,1250
2025-05-20T15:23:43.519520,KXBTCD-25MAY2019-T105999.99,DELTA,52,13940,56,53,146,no,43,2000
2025-05-20T15:23:43.536613,KXBTCD-25MAY2019-T105999.99,DELTA,52,13940,56,53,147,yes,49,1000
2025-05-20T15:23:43.537200,KXBTCD-25MAY2019-T105999.99,DELTA,52,13940,56,53,148,yes,46,2000
2025-05-20T15:23:43.603338,KXBTCD-25MAY2019-T105999.99,DELTA,52,13940,56,53,149,no,43,-1000
2025-05-20T15:23:43.670744,KXBTCD-25MAY2019-T105999.99,DELTA,52,13940,55,1000,150,no,45,1000
2025-05-20T15:23:43.757772,KXBTCD-25MAY2019-T105999.99,DELTA,52,13940,55,1000,151,no,44,-53
2025-05-20T15:23:43.818142,KXBTCD-25MAY2019-T105999.99,DELTA,52,13940,57,2000,152,no,45,-1000
2025-05-20T15:23:43.838401,KXBTCD-25MAY2019-T105999.99,DELTA,52,13940,57,2000,153,yes,46,-2000
2025-05-20T15:23:43.839855,KXBTCD-25MAY2019-T105999.99,DELTA,52,13940,58,250,154,no,43,-2000
2025-05-20T15:23:43.858920,KXBTCD-25MAY2019-T105999.99,DELTA,52,13940,57,1000,155,no,43,1000
2025-05-20T15:23:43.860058,KXBTCD-25MAY2019-T105999.99,DELTA,52,13940,57,1000,156,no,41,-1250
2025-05-20T15:23:43.906188,KXBTCD-25MAY2019-T105999.99,DELTA,52,13940,57,1000,157,no,40,1250
2025-05-20T15:23:43.907205,KXBTCD-25MAY2019-T105999.99,DELTA,52,13940,57,1000,158,no,42,2000
2025-05-20T15:23:43.907923,KXBTCD-25MAY2019-T105999.99,DELTA,52,13940,57,1000,159,yes,47,2000
2025-05-20T15:23:44.137315,KXBTCD-25MAY2019-T105999.99,DELTA,52,13940,56,250,160,no,44,250
2025-05-20T15:23:44.138356,KXBTCD-25MAY2019-T105999.99,DELTA,52,13940,56,250,161,no,34,-250
2025-05-20T15:23:44.197707,KXBTCD-25MAY2019-T105999.99,DELTA,52,13940,56,250,162,no,43,-1000
2025-05-20T15:23:44.238321,KXBTCD-25MAY2019-T105999.99,DELTA,52,13940,56,1250,163,no,44,1000
2025-05-20T15:23:44.596949,KXBTCD-25MAY2019-T105999.99,DELTA,52,13940,55,53,164,no,45,53
2025-05-20T15:23:44.994359,KXBTCD-25MAY2019-T105999.99,DELTA,52,13940,55,53,165,yes,7,-3702
2025-05-20T15:23:44.995102,KXBTCD-25MAY2019-T105999.99,DELTA,52,13940,55,53,166,yes,9,2880
2025-05-20T15:23:45.030989,KXBTCD-25MAY2019-T105999.99,DELTA,52,13940,55,53,167,no,7,-3702
2025-05-20T15:23:45.031845,KXBTCD-25MAY2019-T105999.99,DELTA,52,13940,55,53,168,no,4,6480
2025-05-20T15:23:45.067387,KXBTCD-25MAY2019-T105999.99,DELTA,52,13940,55,53,169,yes,48,-772
2025-05-20T15:23:45.068099,KXBTCD-25MAY2019-T105999.99,DELTA,52,13940,55,53,170,yes,8,-20000
2025-05-20T15:23:45.068638,KXBTCD-25MAY2019-T105999.99,DELTA,52,13940,55,53,171,yes,36,250
2025-05-20T15:23:45.070012,KXBTCD-25MAY2019-T105999.99,DELTA,52,13940,55,53,172,yes,46,-250
2025-05-20T15:23:45.070627,KXBTCD-25MAY2019-T105999.99,DELTA,52,13940,55,53,173,yes,47,-2000
2025-05-20T15:23:45.083666,KXBTCD-25MAY2019-T105999.99,DELTA,52,13940,55,53,174,yes,45,-1250
2025-05-20T15:23:45.084676,KXBTCD-25MAY2019-T105999.99,DELTA,52,13940,55,53,175,no,42,-2000
2025-05-20T15:23:45.101461,KXBTCD-25MAY2019-T105999.99,DELTA,52,13940,55,53,176,yes,2,20000
2025-05-20T15:23:45.101833,KXBTCD-25MAY2019-T105999.99,DELTA,52,13940,55,53,177,no,8,-20000
2025-05-20T15:23:45.102015,KXBTCD-25MAY2019-T105999.99,DELTA,52,13940,55,53,178,no,44,-1000
2025-05-20T15:23:45.102160,KXBTCD-25MAY2019-T105999.99,DELTA,52,13940,55,53,179,no,40,-1250
2025-05-20T15:23:45.119634,KXBTCD-25MAY2019-T105999.99,DELTA,52,13940,55,53,180,yes,47,772
2025-05-20T15:23:45.158783,KXBTCD-25MAY2019-T105999.99,DELTA,52,13940,55,53,181,no,41,1250
2025-05-20T15:23:45.159414,KXBTCD-25MAY2019-T105999.99,DELTA,52,13940,55,53,182,no,5,20000
2025-05-20T15:23:45.176944,KXBTCD-25MAY2019-T105999.99,DELTA,52,13940,55,53,183,yes,44,1250
2025-05-20T15:23:45.177613,KXBTCD-25MAY2019-T105999.99,DELTA,52,13940,55,53,184,yes,45,2000
2025-05-20T15:23:45.178011,KXBTCD-25MAY2019-T105999.99,DELTA,52,13940,55,1053,185,no,45,1000
2025-05-20T15:23:45.178365,KXBTCD-25MAY2019-T105999.99,DELTA,52,13940,55,1053,186,no,43,2000
2025-05-20T15:23:45.670952,KXBTCD-25MAY2019-T105999.99,DELTA,52,13940,55,1053,187,yes,47,-772
2025-05-20T15:23:45.696412,KXBTCD-25MAY2019-T105999.99,DELTA,52,13940,55,1053,188,yes,45,-2000
2025-05-20T15:23:45.696553,KXBTCD-25MAY2019-T105999.99,DELTA,52,13940,55,1053,189,yes,48,772
2025-05-20T15:23:45.696642,KXBTCD-25MAY2019-T105999.99,DELTA,52,13940,55,1053,190,yes,44,-1250
2025-05-20T15:23:45.716444,KXBTCD-25MAY2019-T105999.99,DELTA,52,13940,55,1053,191,no,43,-2000
2025-05-20T15:23:45.716575,KXBTCD-25MAY2019-T105999.99,DELTA,52,13940,55,1053,192,no,41,-1250
2025-05-20T15:23:45.796711,KXBTCD-25MAY2019-T105999.99,DELTA,52,13940,55,1053,193,no,40,1250
2025-05-20T15:23:45.797282,KXBTCD-25MAY2019-T105999.99,DELTA,52,13940,55,1053,194,yes,45,2000
2025-05-20T15:23:45.797684,KXBTCD-25MAY2019-T105999.99,DELTA,52,13940,55,1053,195,yes,45,1250
2025-05-20T15:23:45.837260,KXBTCD-25MAY2019-T105999.99,DELTA,52,13940,55,1053,196,no,42,2000
2025-05-20T15:23:46.117388,KXBTCD-25MAY2019-T105999.99,DELTA,52,13940,55,1053,197,yes,36,-250
2025-05-20T15:23:46.118410,KXBTCD-25MAY2019-T105999.99,DELTA,52,13940,55,1053,198,yes,46,250
2025-05-20T15:23:46.156774,KXBTCD-25MAY2019-T105999.99,DELTA,52,13940,55,53,199,no,45,-1000
2025-05-20T15:23:46.177325,KXBTCD-25MAY2019-T105999.99,DELTA,52,13940,55,53,200,yes,45,-2000
2025-05-20T15:23:46.196964,KXBTCD-25MAY2019-T105999.99,DELTA,52,13940,55,53,201,no,44,1000
2025-05-20T15:23:46.217368,KXBTCD-25MAY2019-T105999.99,DELTA,52,13940,55,53,202,yes,47,2000
2025-05-20T15:23:46.757927,KXBTCD-25MAY2019-T105999.99,DELTA,52,13940,55,53,203,no,44,-1000
2025-05-20T15:23:46.798174,KXBTCD-25MAY2019-T105999.99,DELTA,52,13940,55,1053,204,no,45,1000
2025-05-20T15:23:47.814906,KXBTCD-25MAY2019-T105999.99,DELTA,52,13940,55,1053,205,yes,48,-772
2025-05-20T15:23:47.815599,KXBTCD-25MAY2019-T105999.99,DELTA,52,13940,55,1053,206,no,34,250
2025-05-20T15:23:47.816130,KXBTCD-25MAY2019-T105999.99,DELTA,52,13940,55,1053,207,no,44,-250
2025-05-20T15:23:47.816793,KXBTCD-25MAY2019-T105999.99,DELTA,52,13940,55,1053,208,yes,47,-2000
2025-05-20T15:23:47.817229,KXBTCD-25MAY2019-T105999.99,DELTA,52,13940,55,1053,209,yes,45,-1250
2025-05-20T15:23:47.817934,KXBTCD-25MAY2019-T105999.99,DELTA,52,13940,55,1053,210,no,42,-2000
2025-05-20T15:23:47.818336,KXBTCD-25MAY2019-T105999.99,DELTA,52,13940,55,53,211,no,45,-1000
2025-05-20T15:23:47.836484,KXBTCD-25MAY2019-T105999.99,DELTA,52,13940,55,53,212,no,40,-1250
2025-05-20T15:23:47.857158,KXBTCD-25MAY2019-T105999.99,DELTA,52,13791,55,53,213,yes,52,-149
2025-05-20T15:23:47.857974,KXBTCD-25MAY2019-T105999.99,DELTA,52,13739,55,53,214,yes,52,-52
2025-05-20T15:23:47.858372,KXBTCD-25MAY2019-T105999.99,DELTA,52,13739,55,53,215,yes,49,772
2025-05-20T15:23:47.897328,KXBTCD-25MAY2019-T105999.99,DELTA,52,13739,55,53,216,no,43,1000
2025-05-20T15:23:47.898022,KXBTCD-25MAY2019-T105999.99,DELTA,52,13739,55,53,217,no,39,1250
2025-05-20T15:23:47.898533,KXBTCD-25MAY2019-T105999.99,DELTA,52,13739,55,53,218,yes,46,1250
2025-05-20T15:23:47.899167,KXBTCD-25MAY2019-T105999.99,DELTA,52,13739,55,53,219,yes,47,2000
2025-05-20T15:23:47.899631,KXBTCD-25MAY2019-T105999.99,DELTA,52,13739,55,53,220,no,41,2000
2025-05-20T15:23:47.937307,KXBTCD-25MAY2019-T105999.99,DELTA,52,13739,55,53,221,yes,49,-1000
2025-05-20T15:23:47.978424,KXBTCD-25MAY2019-T105999.99,DELTA,52,13739,55,53,222,yes,50,1000
2025-05-20T15:23:48.079224,KXBTCD-25MAY2019-T105999.99,DELTA,52,13739,55,53,223,yes,49,-772
2025-05-20T15:23:48.098550,KXBTCD-25MAY2019-T105999.99,DELTA,52,13739,55,53,224,yes,47,-2000
2025-05-20T15:23:48.099622,KXBTCD-25MAY2019-T105999.99,DELTA,52,13739,55,53,225,yes,46,-1250
2025-05-20T15:23:48.117757,KXBTCD-25MAY2019-T105999.99,DELTA,52,13739,55,53,226,no,41,-2000
2025-05-20T15:23:48.118559,KXBTCD-25MAY2019-T105999.99,DELTA,52,13739,55,53,227,no,39,-1250
2025-05-20T15:23:48.119023,KXBTCD-25MAY2019-T105999.99,DELTA,52,13739,55,53,228,yes,20,-200
2025-05-20T15:23:48.119693,KXBTCD-25MAY2019-T105999.99,DELTA,52,13739,55,53,229,yes,30,200
2025-05-20T15:23:48.136898,KXBTCD-25MAY2019-T105999.99,DELTA,52,13739,55,53,230,yes,38,-250
2025-05-20T15:23:48.138223,KXBTCD-25MAY2019-T105999.99,DELTA,52,13739,55,53,231,no,32,250
2025-05-20T15:23:48.157622,KXBTCD-25MAY2019-T105999.99,DELTA,52,13739,55,53,232,yes,50,772
2025-05-20T15:23:48.157879,KXBTCD-25MAY2019-T105999.99,DELTA,52,13739,55,53,233,no,30,-200
2025-05-20T15:23:48.158353,KXBTCD-25MAY2019-T105999.99,DELTA,52,13739,55,53,234,no,20,200
2025-05-20T15:23:48.158603,KXBTCD-25MAY2019-T105999.99,DELTA,52,13739,55,53,235,yes,50,-1000
2025-05-20T15:23:48.158769,KXBTCD-25MAY2019-T105999.99,DELTA,52,13739,55,53,236,no,42,-250
2025-05-20T15:23:48.158915,KXBTCD-25MAY2019-T105999.99,DELTA,52,13739,55,53,237,yes,48,-100
2025-05-20T15:23:48.176580,KXBTCD-25MAY2019-T105999.99,DELTA,52,13739,55,53,238,yes,48,250
2025-05-20T15:23:48.177528,KXBTCD-25MAY2019-T105999.99,DELTA,52,13739,57,1000,239,no,45,-53
2025-05-20T15:23:48.197571,KXBTCD-25MAY2019-T105999.99,DELTA,52,13739,57,1000,240,yes,47,2000
2025-05-20T15:23:48.197806,KXBTCD-25MAY2019-T105999.99,DELTA,52,13739,57,1000,241,no,40,2000
2025-05-20T15:23:48.197951,KXBTCD-25MAY2019-T105999.99,DELTA,52,13739,57,1000,242,yes,47,1250
2025-05-20T15:23:48.198091,KXBTCD-25MAY2019-T105999.99,DELTA,52,13739,57,1000,243,no,38,1250
2025-05-20T15:23:48.237259,KXBTCD-25MAY2019-T105999.99,DELTA,52,13739,57,1000,244,yes,49,1000
2025-05-20T15:23:48.258299,KXBTCD-25MAY2019-T105999.99,DELTA,52,13739,60,2250,245,no,43,-1000
2025-05-20T15:23:48.258854,KXBTCD-25MAY2019-T105999.99,DELTA,52,13739,60,2250,246,yes,48,-25
2025-05-20T15:23:48.259249,KXBTCD-25MAY2019-T105999.99,DELTA,52,13739,60,2250,247,yes,51,25
2025-05-20T15:23:48.277518,KXBTCD-25MAY2019-T105999.99,DELTA,52,13739,60,2250,248,yes,9,-2880
2025-05-20T15:23:48.277727,KXBTCD-25MAY2019-T105999.99,DELTA,52,13739,60,2250,249,yes,7,3702
2025-05-20T15:23:48.296991,KXBTCD-25MAY2019-T105999.99,DELTA,52,13739,60,2250,250,yes,47,-2000
2025-05-20T15:23:48.297180,KXBTCD-25MAY2019-T105999.99,DELTA,52,13739,60,2250,251,yes,49,-1000
2025-05-20T15:23:48.317490,KXBTCD-25MAY2019-T105999.99,DELTA,52,13739,59,1000,252,no,41,1000
2025-05-20T15:23:48.337606,KXBTCD-25MAY2019-T105999.99,DELTA,52,13739,59,1000,253,no,4,-6480
2025-05-20T15:23:48.338290,KXBTCD-25MAY2019-T105999.99,DELTA,52,13739,59,1000,254,no,6,4320
2025-05-20T15:23:48.398590,KXBTCD-25MAY2019-T105999.99,DELTA,52,13739,59,1000,255,yes,49,2000
2025-05-20T15:23:48.424292,KXBTCD-25MAY2019-T105999.99,DELTA,52,13739,59,1000,256,yes,51,1000
2025-05-20T15:23:48.424826,KXBTCD-25MAY2019-T105999.99,DELTA,52,13739,59,1000,257,yes,2,-20000
2025-05-20T15:23:48.425154,KXBTCD-25MAY2019-T105999.99,DELTA,52,13739,59,1000,258,no,5,-20000
2025-05-20T15:23:48.456561,KXBTCD-25MAY2019-T105999.99,DELTA,52,13739,59,1000,259,yes,8,20000
2025-05-20T15:23:48.456732,KXBTCD-25MAY2019-T105999.99,DELTA,52,13739,59,1000,260,no,7,20000
2025-05-20T15:23:49.277918,KXBTCD-25MAY2019-T105999.99,DELTA,52,13739,59,1000,261,yes,49,-2000
2025-05-20T15:23:49.278673,KXBTCD-25MAY2019-T105999.99,DELTA,52,13739,59,1000,262,yes,51,-1000
2025-05-20T15:23:49.279508,KXBTCD-25MAY2019-T105999.99,DELTA,52,13739,59,1000,263,yes,7,-3702
2025-05-20T15:23:49.280001,KXBTCD-25MAY2019-T105999.99,DELTA,52,13739,59,1000,264,yes,9,2880
2025-05-20T15:23:49.297701,KXBTCD-25MAY2019-T105999.99,DELTA,52,13739,59,1000,265,yes,47,-1250
2025-05-20T15:23:49.298680,KXBTCD-25MAY2019-T105999.99,DELTA,52,13739,59,1000,266,no,40,-2000
2025-05-20T15:23:49.316972,KXBTCD-25MAY2019-T105999.99,DELTA,52,13739,59,1000,267,no,38,-1250
2025-05-20T15:23:49.336810,KXBTCD-25MAY2019-T105999.99,DELTA,52,13739,59,1000,268,no,6,-4320
2025-05-20T15:23:49.337071,KXBTCD-25MAY2019-T105999.99,DELTA,52,13739,59,1000,269,no,7,3702
2025-05-20T15:23:49.356977,KXBTCD-25MAY2019-T105999.99,DELTA,52,13739,59,1000,270,yes,8,-20000
2025-05-20T15:23:49.397228,KXBTCD-25MAY2019-T105999.99,DELTA,52,13739,59,1000,271,yes,48,1250
2025-05-20T15:23:49.397496,KXBTCD-25MAY2019-T105999.99,DELTA,52,14739,59,1000,272,yes,52,1000
2025-05-20T15:23:49.397644,KXBTCD-25MAY2019-T105999.99,DELTA,52,14739,59,1000,273,no,37,1250
2025-05-20T15:23:49.397728,KXBTCD-25MAY2019-T105999.99,DELTA,52,14739,59,1000,274,no,39,2000
2025-05-20T15:23:49.397802,KXBTCD-25MAY2019-T105999.99,DELTA,52,14739,59,1000,275,yes,50,2000
2025-05-20T15:23:49.417419,KXBTCD-25MAY2019-T105999.99,DELTA,52,14739,59,1000,276,yes,2,20000
2025-05-20T15:23:49.437044,KXBTCD-25MAY2019-T105999.99,DELTA,52,14739,59,1000,277,no,7,-20000
2025-05-20T15:23:49.457208,KXBTCD-25MAY2019-T105999.99,DELTA,52,14739,59,1000,278,yes,50,-2000
2025-05-20T15:23:49.477699,KXBTCD-25MAY2019-T105999.99,DELTA,52,14739,59,1000,279,yes,48,-1250
2025-05-20T15:23:49.477913,KXBTCD-25MAY2019-T105999.99,DELTA,52,14739,59,1000,280,no,8,20000
2025-05-20T15:23:49.496970,KXBTCD-25MAY2019-T105999.99,DELTA,52,14739,59,1000,281,no,39,-2000
2025-05-20T15:23:49.497212,KXBTCD-25MAY2019-T105999.99,DELTA,52,14739,59,1000,282,no,37,-1250
2025-05-20T15:23:49.517025,KXBTCD-25MAY2019-T105999.99,DELTA,52,14739,59,1000,283,yes,49,2000
2025-05-20T15:23:49.537521,KXBTCD-25MAY2019-T105999.99,DELTA,52,14739,59,1000,284,yes,47,1250
2025-05-20T15:23:49.557071,KXBTCD-25MAY2019-T105999.99,DELTA,52,14739,59,1000,285,no,40,2000
2025-05-20T15:23:49.557642,KXBTCD-25MAY2019-T105999.99,DELTA,52,14739,59,1000,286,no,38,1250
2025-05-20T15:23:49.637570,KXBTCD-25MAY2019-T105999.99,DELTA,52,14739,59,1053,287,no,41,53
2025-05-20T15:23:49.658603,KXBTCD-25MAY2019-T105999.99,DELTA,52,14739,59,1053,288,yes,51,100
2025-05-20T15:23:49.659244,KXBTCD-25MAY2019-T105999.99,DELTA,52,14739,59,1053,289,yes,49,-2000
2025-05-20T15:23:49.677878,KXBTCD-25MAY2019-T105999.99,DELTA,52,14739,59,1053,290,yes,47,-1250
2025-05-20T15:23:49.678843,KXBTCD-25MAY2019-T105999.99,DELTA,52,14739,59,1053,291,no,40,-2000
2025-05-20T15:23:49.717729,KXBTCD-25MAY2019-T105999.99,DELTA,52,14739,59,1053,292,no,39,2000
2025-05-20T15:23:49.718514,KXBTCD-25MAY2019-T105999.99,DELTA,52,14739,59,1053,293,yes,48,1250
2025-05-20T15:23:49.719062,KXBTCD-25MAY2019-T105999.99,DELTA,52,14739,59,53,294,no,41,-1000
2025-05-20T15:23:49.719548,KXBTCD-25MAY2019-T105999.99,DELTA,52,14739,59,53,295,yes,50,2000
2025-05-20T15:23:49.777976,KXBTCD-25MAY2019-T105999.99,DELTA,52,14739,58,1000,296,no,42,1000
2025-05-20T15:23:49.837360,KXBTCD-25MAY2019-T105999.99,DELTA,52,14739,58,1000,297,yes,51,-25
2025-05-20T15:23:49.838513,KXBTCD-25MAY2019-T105999.99,DELTA,52,14739,58,1000,298,yes,50,25
2025-05-20T15:23:50.218793,KXBTCD-25MAY2019-T105999.99,DELTA,52,14739,58,1000,299,yes,9,-2880
2025-05-20T15:23:50.219926,KXBTCD-25MAY2019-T105999.99,DELTA,52,14739,58,1000,300,yes,7,3702
2025-05-20T15:23:50.279081,KXBTCD-25MAY2019-T105999.99,DELTA,52,14739,58,1000,301,no,7,-3702
2025-05-20T15:23:50.279882,KXBTCD-25MAY2019-T105999.99,DELTA,52,14739,58,1000,302,no,4,6480
2025-05-20T15:23:50.280472,KXBTCD-25MAY2019-T105999.99,DELTA,52,14739,58,1000,303,yes,2,-20000
2025-05-20T15:23:50.317183,KXBTCD-25MAY2019-T105999.99,DELTA,52,14739,58,1000,304,yes,8,20000
2025-05-20T15:23:50.337587,KXBTCD-25MAY2019-T105999.99,DELTA,52,14739,58,1000,305,no,8,-20000
2025-05-20T15:23:50.397842,KXBTCD-25MAY2019-T105999.99,DELTA,52,14739,58,1000,306,no,5,20000
2025-05-20T15:23:50.437630,KXBTCD-25MAY2019-T105999.99,DELTA,52,14739,58,1000,307,no,38,-1250
2025-05-20T15:23:50.476404,KXBTCD-25MAY2019-T105999.99,DELTA,52,14739,58,1000,308,no,37,1250
2025-05-20T15:23:50.982906,KXBTCD-25MAY2019-T105999.99,DELTA,52,14739,58,1000,309,no,37,-1250
2025-05-20T15:23:51.016898,KXBTCD-25MAY2019-T105999.99,DELTA,52,14739,58,1000,310,no,38,1250
2025-05-20T15:23:51.217889,KXBTCD-25MAY2019-T105999.99,DELTA,52,14739,58,1000,311,yes,7,-3702
2025-05-20T15:23:51.219114,KXBTCD-25MAY2019-T105999.99,DELTA,52,14739,58,1000,312,yes,9,2880
2025-05-20T15:23:51.257302,KXBTCD-25MAY2019-T105999.99,DELTA,52,14739,58,1000,313,no,4,-6480
2025-05-20T15:23:51.258173,KXBTCD-25MAY2019-T105999.99,DELTA,52,14739,58,1000,314,no,6,4320
2025-05-20T15:23:51.277781,KXBTCD-25MAY2019-T105999.99,DELTA,52,14739,58,1000,315,yes,8,-20000
2025-05-20T15:23:51.337087,KXBTCD-25MAY2019-T105999.99,DELTA,52,14739,58,1000,316,no,5,-20000
2025-05-20T15:23:51.338792,KXBTCD-25MAY2019-T105999.99,DELTA,52,14739,58,1000,317,yes,2,20000
2025-05-20T15:23:51.376430,KXBTCD-25MAY2019-T105999.99,DELTA,52,14739,58,1000,318,no,7,20000
2025-05-20T15:23:51.697067,KXBTCD-25MAY2019-T105999.99,DELTA,52,14739,58,1000,319,no,38,-1250
2025-05-20T15:23:51.737503,KXBTCD-25MAY2019-T105999.99,DELTA,52,14739,58,1000,320,no,37,1250
2025-05-20T15:23:51.817915,KXBTCD-25MAY2019-T105999.99,DELTA,52,14739,58,1000,321,no,37,-1250
2025-05-20T15:23:51.857639,KXBTCD-25MAY2019-T105999.99,DELTA,52,14739,58,1000,322,no,38,1250
2025-05-20T15:23:51.876991,KXBTCD-25MAY2019-T105999.99,DELTA,52,14739,58,1000,323,yes,50,-25
2025-05-20T15:23:51.877752,KXBTCD-25MAY2019-T105999.99,DELTA,52,14739,58,1000,324,yes,48,25
2025-05-20T15:23:52.136843,KXBTCD-25MAY2019-T105999.99,DELTA,52,14739,58,1000,325,no,32,-250
2025-05-20T15:23:52.137110,KXBTCD-25MAY2019-T105999.99,DELTA,52,14739,58,1250,326,no,42,250
2025-05-20T15:23:52.219456,KXBTCD-25MAY2019-T105999.99,DELTA,52,14739,58,1250,327,yes,50,-2000
2025-05-20T15:23:52.221030,KXBTCD-25MAY2019-T105999.99,DELTA,52,14739,58,1250,328,yes,9,-2880
2025-05-20T15:23:52.221408,KXBTCD-25MAY2019-T105999.99,DELTA,52,14739,58,1250,329,yes,7,3702
2025-05-20T15:23:52.221707,KXBTCD-25MAY2019-T105999.99,DELTA,52,13739,58,1250,330,yes,52,-1000
2025-05-20T15:23:52.238458,KXBTCD-25MAY2019-T105999.99,DELTA,52,13739,58,1250,331,yes,48,-1250
2025-05-20T15:23:52.239225,KXBTCD-25MAY2019-T105999.99,DELTA,52,13739,58,1250,332,no,39,-2000
2025-05-20T15:23:52.258610,KXBTCD-25MAY2019-T105999.99,DELTA,52,13739,58,1250,333,no,38,-1250
2025-05-20T15:23:52.260908,KXBTCD-25MAY2019-T105999.99,DELTA,52,13739,58,1250,334,yes,50,-772
2025-05-20T15:23:52.277572,KXBTCD-25MAY2019-T105999.99,DELTA,52,13739,58,1250,335,no,6,-4320
2025-05-20T15:23:52.277897,KXBTCD-25MAY2019-T105999.99,DELTA,52,13739,58,1250,336,no,7,3702
2025-05-20T15:23:52.296979,KXBTCD-25MAY2019-T105999.99,DELTA,52,13739,58,1250,337,yes,49,772
2025-05-20T15:23:52.316416,KXBTCD-25MAY2019-T105999.99,DELTA,52,13739,58,1250,338,no,41,-53
2025-05-20T15:23:52.357373,KXBTCD-25MAY2019-T105999.99,DELTA,52,13739,58,1250,339,yes,48,2000
2025-05-20T15:23:52.358026,KXBTCD-25MAY2019-T105999.99,DELTA,52,13739,58,1250,340,no,39,1250
2025-05-20T15:23:52.358457,KXBTCD-25MAY2019-T105999.99,DELTA,52,13739,58,1250,341,yes,46,1250
2025-05-20T15:23:52.358890,KXBTCD-25MAY2019-T105999.99,DELTA,52,13739,58,1250,342,yes,2,-20000
2025-05-20T15:23:52.376921,KXBTCD-25MAY2019-T105999.99,DELTA,52,13739,58,1250,343,no,41,2000
2025-05-20T15:23:52.378318,KXBTCD-25MAY2019-T105999.99,DELTA,52,13739,58,250,344,no,42,-1000
2025-05-20T15:23:52.396141,KXBTCD-25MAY2019-T105999.99,DELTA,52,13739,58,250,345,yes,51,1000
2025-05-20T15:23:52.418840,KXBTCD-25MAY2019-T105999.99,DELTA,52,13739,57,1000,346,no,43,1000
2025-05-20T15:23:52.419229,KXBTCD-25MAY2019-T105999.99,DELTA,52,13739,57,1000,347,no,7,-20000
2025-05-20T15:23:52.419407,KXBTCD-25MAY2019-T105999.99,DELTA,52,13739,57,1000,348,yes,8,20000
2025-05-20T15:23:52.456879,KXBTCD-25MAY2019-T105999.99,DELTA,52,13739,57,1000,349,no,8,20000
2025-05-20T15:23:52.617059,KXBTCD-25MAY2019-T105999.99,DELTA,52,13739,57,1000,350,yes,51,-1000
2025-05-20T15:23:52.657704,KXBTCD-25MAY2019-T105999.99,DELTA,52,13739,57,1000,351,yes,50,1000
2025-05-20T15:23:52.857723,KXBTCD-25MAY2019-T105999.99,DELTA,52,13739,57,1000,352,yes,51,-100
2025-05-20T15:23:53.117242,KXBTCD-25MAY2019-T105999.99,DELTA,52,13739,57,1000,353,yes,48,-250
2025-05-20T15:23:53.157891,KXBTCD-25MAY2019-T105999.99,DELTA,52,13739,57,1000,354,yes,38,250
2025-05-20T15:23:53.178217,KXBTCD-25MAY2019-T105999.99,DELTA,52,13739,57,1000,355,yes,48,-2000
2025-05-20T15:23:53.216960,KXBTCD-25MAY2019-T105999.99,DELTA,52,13739,57,1000,356,yes,47,2000
2025-05-20T15:23:53.377209,KXBTCD-25MAY2019-T105999.99,DELTA,52,13739,57,1053,357,no,43,53
2025-05-20T15:23:53.437155,KXBTCD-25MAY2019-T105999.99,DELTA,52,13739,57,53,358,no,43,-1000
2025-05-20T15:23:53.477328,KXBTCD-25MAY2019-T105999.99,DELTA,52,13739,56,1000,359,no,44,1000
2025-05-20T15:23:53.958633,KXBTCD-25MAY2019-T105999.99,DELTA,52,13739,56,1000,360,yes,50,100
2025-05-20T15:23:55.157981,KXBTCD-25MAY2019-T105999.99,DELTA,52,13739,56,1000,361,yes,7,-3702
2025-05-20T15:23:55.158991,KXBTCD-25MAY2019-T105999.99,DELTA,52,13739,56,1000,362,yes,9,2880
2025-05-20T15:23:55.218647,KXBTCD-25MAY2019-T105999.99,DELTA,52,13739,56,1000,363,no,7,-3702
2025-05-20T15:23:55.219364,KXBTCD-25MAY2019-T105999.99,DELTA,52,13739,56,1000,364,no,4,6480
2025-05-20T15:23:55.219823,KXBTCD-25MAY2019-T105999.99,DELTA,52,13739,56,1000,365,yes,8,-20000
2025-05-20T15:23:55.365398,KXBTCD-25MAY2019-T105999.99,DELTA,52,13739,56,1000,366,yes,2,20000
2025-05-20T15:23:55.504206,KXBTCD-25MAY2019-T105999.99,DELTA,52,13739,56,1000,367,no,8,-20000
2025-05-20T15:23:55.505855,KXBTCD-25MAY2019-T105999.99,DELTA,52,13739,56,1000,368,no,5,20000
2025-05-20T15:23:55.517130,KXBTCD-25MAY2019-T105999.99,DELTA,52,13739,56,1000,369,yes,50,-1000
2025-05-20T15:23:55.538743,KXBTCD-25MAY2019-T105999.99,DELTA,52,13739,57,53,370,no,44,-1000
2025-05-20T15:23:55.578102,KXBTCD-25MAY2019-T105999.99,DELTA,52,13739,57,1053,371,no,43,1000
2025-05-20T15:23:55.578845,KXBTCD-25MAY2019-T105999.99,DELTA,52,13739,57,1053,372,yes,51,1000
2025-05-20T15:23:56.637041,KXBTCD-25MAY2019-T105999.99,DELTA,52,13739,57,1053,373,yes,50,-100
2025-05-20T15:23:56.638219,KXBTCD-25MAY2019-T105999.99,DELTA,52,13739,57,1000,374,no,43,-53
2025-05-20T15:23:56.707603,KXBTCD-25MAY2019-T105999.99,DELTA,52,13739,57,1000,375,yes,51,-1000
2025-05-20T15:23:56.737629,KXBTCD-25MAY2019-T105999.99,DELTA,52,13739,57,1000,376,yes,50,1000
2025-05-20T15:23:57.637986,KXBTCD-25MAY2019-T105999.99,DELTA,52,13739,57,1000,377,yes,48,100
2025-05-20T15:23:57.639010,KXBTCD-25MAY2019-T105999.99,DELTA,52,13739,56,53,378,no,44,53
2025-05-20T15:23:57.951584,KXBTCD-25MAY2019-T105999.99,DELTA,52,13739,56,53,379,yes,9,-2880
2025-05-20T15:23:57.952649,KXBTCD-25MAY2019-T105999.99,DELTA,52,13739,56,53,380,yes,7,3702
2025-05-20T15:23:57.953275,KXBTCD-25MAY2019-T105999.99,DELTA,52,13739,56,53,381,no,4,-6480
2025-05-20T15:23:57.953802,KXBTCD-25MAY2019-T105999.99,DELTA,52,13739,56,53,382,no,6,4320
2025-05-20T15:23:57.954271,KXBTCD-25MAY2019-T105999.99,DELTA,52,13739,56,53,383,yes,2,-20000
2025-05-20T15:23:57.977516,KXBTCD-25MAY2019-T105999.99,DELTA,52,13739,56,53,384,yes,8,20000
2025-05-20T15:23:57.978281,KXBTCD-25MAY2019-T105999.99,DELTA,52,13739,56,53,385,no,5,-20000
2025-05-20T15:23:58.037633,KXBTCD-25MAY2019-T105999.99,DELTA,52,13739,56,53,386,no,7,20000
2025-05-20T15:23:58.057700,KXBTCD-25MAY2019-T105999.99,DELTA,52,13739,56,53,387,yes,48,-100
2025-05-20T15:23:58.077667,KXBTCD-25MAY2019-T105999.99,DELTA,52,13739,57,1000,388,no,44,-53
2025-05-20T15:23:58.657357,KXBTCD-25MAY2019-T105999.99,DELTA,52,13739,57,1000,389,yes,49,100
2025-05-20T15:23:58.678703,KXBTCD-25MAY2019-T105999.99,DELTA,52,13739,57,1053,390,no,43,53
2025-05-20T15:23:58.737414,KXBTCD-25MAY2019-T105999.99,DELTA,52,13739,57,53,391,no,43,-1000
2025-05-20T15:23:58.784791,KXBTCD-25MAY2019-T105999.99,DELTA,52,13739,56,1000,392,no,44,1000
2025-05-20T15:23:58.913215,KXBTCD-25MAY2019-T105999.99,DELTA,52,13739,56,1000,393,yes,7,-3702
2025-05-20T15:23:58.914325,KXBTCD-25MAY2019-T105999.99,DELTA,52,13739,56,1000,394,yes,9,2880
2025-05-20T15:23:58.939854,KXBTCD-25MAY2019-T105999.99,DELTA,52,13739,56,1000,395,no,6,-4320
2025-05-20T15:23:58.940426,KXBTCD-25MAY2019-T105999.99,DELTA,52,13739,56,1000,396,no,7,3702
2025-05-20T15:23:58.968847,KXBTCD-25MAY2019-T105999.99,DELTA,52,13739,56,1000,397,yes,8,-20000
2025-05-20T15:23:58.996805,KXBTCD-25MAY2019-T105999.99,DELTA,52,13739,56,1000,398,no,7,-20000
2025-05-20T15:23:58.997043,KXBTCD-25MAY2019-T105999.99,DELTA,52,13739,56,1000,399,yes,2,20000
2025-05-20T15:23:59.036761,KXBTCD-25MAY2019-T105999.99,DELTA,52,13739,56,1000,400,no,8,20000
2025-05-20T15:23:59.288573,KXBTCD-25MAY2019-T105999.99,DELTA,52,13739,57,53,401,no,44,-1000
2025-05-20T15:23:59.330019,KXBTCD-25MAY2019-T105999.99,DELTA,52,13739,57,1053,402,no,43,1000
2025-05-20T15:23:59.376550,KXBTCD-25MAY2019-T105999.99,DELTA,52,13739,57,53,403,no,43,-1000
2025-05-20T15:23:59.396246,KXBTCD-25MAY2019-T105999.99,DELTA,52,13739,58,250,404,no,43,-53
2025-05-20T15:23:59.416067,KXBTCD-25MAY2019-T105999.99,DELTA,52,13739,56,1000,405,no,44,1000
2025-05-20T15:23:59.456882,KXBTCD-25MAY2019-T105999.99,DELTA,52,13739,58,250,406,no,44,-1000
2025-05-20T15:23:59.519364,KXBTCD-25MAY2019-T105999.99,DELTA,52,13739,57,1000,407,no,43,1000
2025-05-20T15:23:59.879176,KXBTCD-25MAY2019-T105999.99,DELTA,52,13739,57,1000,408,yes,9,-2880
2025-05-20T15:23:59.880360,KXBTCD-25MAY2019-T105999.99,DELTA,52,13739,57,1000,409,yes,7,3702
2025-05-20T15:23:59.945738,KXBTCD-25MAY2019-T105999.99,DELTA,52,13739,57,1000,410,no,7,-3702
2025-05-20T15:23:59.946847,KXBTCD-25MAY2019-T105999.99,DELTA,52,13739,57,1000,411,no,4,6480
2025-05-20T15:23:59.972075,KXBTCD-25MAY2019-T105999.99,DELTA,52,13739,57,1000,412,yes,2,-20000
2025-05-20T15:24:00.019651,KXBTCD-25MAY2019-T105999.99,DELTA,52,13739,57,1000,413,yes,8,20000
2025-05-20T15:24:00.020693,KXBTCD-25MAY2019-T105999.99,DELTA,52,13739,57,1000,414,no,8,-20000
2025-05-20T15:24:00.079148,KXBTCD-25MAY2019-T105999.99,DELTA,52,13739,57,1000,415,no,5,20000
2025-05-20T15:24:00.618245,KXBTCD-25MAY2019-T105999.99,DELTA,52,13739,57,1000,416,no,42,53
2025-05-20T15:24:00.827074,KXBTCD-25MAY2019-T105999.99,DELTA,52,13739,57,1000,417,no,42,-53
2025-05-20T15:24:00.938012,KXBTCD-25MAY2019-T105999.99,DELTA,52,13739,57,1000,418,yes,7,-3702
2025-05-20T15:24:00.939139,KXBTCD-25MAY2019-T105999.99,DELTA,52,13739,57,1000,419,yes,9,2880
2025-05-20T15:24:00.979191,KXBTCD-25MAY2019-T105999.99,DELTA,52,13739,57,1000,420,no,4,-6480
2025-05-20T15:24:00.980108,KXBTCD-25MAY2019-T105999.99,DELTA,52,13739,57,1000,421,no,6,4320
2025-05-20T15:24:01.037483,KXBTCD-25MAY2019-T105999.99,DELTA,52,13739,57,1000,422,no,5,-20000
2025-05-20T15:24:01.060996,KXBTCD-25MAY2019-T105999.99,DELTA,52,13739,57,1000,423,yes,8,-20000
2025-05-20T15:24:01.078393,KXBTCD-25MAY2019-T105999.99,DELTA,52,13739,57,1000,424,no,7,20000
2025-05-20T15:24:01.099117,KXBTCD-25MAY2019-T105999.99,DELTA,52,13739,57,1000,425,yes,2,20000
2025-05-20T15:24:01.416268,KXBTCD-25MAY2019-T105999.99,DELTA,52,13739,57,1000,426,yes,47,-2000
2025-05-20T15:24:01.437114,KXBTCD-25MAY2019-T105999.99,DELTA,52,13739,57,1000,427,yes,46,-1250
2025-05-20T15:24:01.437278,KXBTCD-25MAY2019-T105999.99,DELTA,52,13739,57,1000,428,no,41,-2000
2025-05-20T15:24:01.476387,KXBTCD-25MAY2019-T105999.99,DELTA,52,13739,57,1000,429,no,40,2000
2025-05-20T15:24:01.476528,KXBTCD-25MAY2019-T105999.99,DELTA,52,13739,57,1000,430,yes,49,2000
2025-05-20T15:24:01.496814,KXBTCD-25MAY2019-T105999.99,DELTA,52,13739,57,1000,431,yes,47,1250
2025-05-20T15:24:01.953104,KXBTCD-25MAY2019-T105999.99,DELTA,52,13739,57,1053,432,no,43,53
2025-05-20T15:24:01.954244,KXBTCD-25MAY2019-T105999.99,DELTA,52,13739,57,1053,433,yes,9,-2880
2025-05-20T15:24:01.955053,KXBTCD-25MAY2019-T105999.99,DELTA,52,13739,57,1053,434,yes,7,3702
2025-05-20T15:24:01.994245,KXBTCD-25MAY2019-T105999.99,DELTA,52,13739,57,1053,435,no,6,-4320
2025-05-20T15:24:01.995134,KXBTCD-25MAY2019-T105999.99,DELTA,52,13739,57,1053,436,no,7,3702
2025-05-20T15:24:02.000677,KXBTCD-25MAY2019-T105999.99,DELTA,52,13739,57,1053,437,yes,2,-20000
2025-05-20T15:24:02.041499,KXBTCD-25MAY2019-T105999.99,DELTA,52,13739,57,1053,438,yes,8,20000
2025-05-20T15:24:02.042386,KXBTCD-25MAY2019-T105999.99,DELTA,52,13739,57,1053,439,no,7,-20000
2025-05-20T15:24:02.098282,KXBTCD-25MAY2019-T105999.99,DELTA,52,13739,57,1053,440,no,8,20000
2025-05-20T15:24:03.359471,KXBTCD-25MAY2019-T105999.99,DELTA,52,13739,57,1053,441,no,39,-1250
2025-05-20T15:24:03.377863,KXBTCD-25MAY2019-T105999.99,DELTA,52,13739,57,1053,442,yes,50,-1000
2025-05-20T15:24:03.396255,KXBTCD-25MAY2019-T105999.99,DELTA,52,13739,57,1053,443,no,38,1250
2025-05-20T15:24:03.415975,KXBTCD-25MAY2019-T105999.99,DELTA,52,14739,57,1053,444,yes,52,1000
2025-05-20T15:24:03.658409,KXBTCD-25MAY2019-T105999.99,DELTA,52,14739,57,1053,445,yes,48,-25
2025-05-20T15:24:03.659573,KXBTCD-25MAY2019-T105999.99,DELTA,52,14739,57,1053,446,yes,50,25
2025-05-20T15:24:03.800324,KXBTCD-25MAY2019-T105999.99,DELTA,52,14739,57,53,447,no,43,-1000
2025-05-20T15:24:03.838495,KXBTCD-25MAY2019-T105999.99,DELTA,52,14739,57,53,448,no,42,1000
2025-05-20T15:24:04.118441,KXBTCD-25MAY2019-T105999.99,DELTA,52,14739,57,53,449,yes,49,-772
2025-05-20T15:24:04.137607,KXBTCD-25MAY2019-T105999.99,DELTA,52,14739,57,53,450,yes,48,250
2025-05-20T15:24:04.156723,KXBTCD-25MAY2019-T105999.99,DELTA,52,14739,57,53,451,yes,38,-250
2025-05-20T15:24:04.177151,KXBTCD-25MAY2019-T105999.99,DELTA,52,14739,57,53,452,yes,49,-2000
2025-05-20T15:24:04.197418,KXBTCD-25MAY2019-T105999.99,DELTA,52,14739,57,53,453,yes,50,772
2025-05-20T15:24:04.217297,KXBTCD-25MAY2019-T105999.99,DELTA,52,14739,57,53,454,yes,49,2000
2025-05-20T15:24:04.436571,KXBTCD-25MAY2019-T105999.99,DELTA,52,13739,57,53,455,yes,52,-1000
2025-05-20T15:24:04.436855,KXBTCD-25MAY2019-T105999.99,DELTA,52,13739,57,53,456,no,42,-1000
2025-05-20T15:24:04.476208,KXBTCD-25MAY2019-T105999.99,DELTA,52,13739,57,53,457,yes,51,1000
2025-05-20T15:24:04.497927,KXBTCD-25MAY2019-T105999.99,DELTA,52,13739,57,1053,458,no,43,1000
2025-05-20T15:24:04.618139,KXBTCD-25MAY2019-T105999.99,DELTA,52,13739,57,1053,459,yes,51,-1000
2025-05-20T15:24:04.619129,KXBTCD-25MAY2019-T105999.99,DELTA,52,13739,57,53,460,no,43,-1000
2025-05-20T15:24:04.658277,KXBTCD-25MAY2019-T105999.99,DELTA,52,13739,57,53,461,no,42,1000
2025-05-20T15:24:04.678588,KXBTCD-25MAY2019-T105999.99,DELTA,52,14739,57,53,462,yes,52,1000
2025-05-20T15:24:04.736274,KXBTCD-25MAY2019-T105999.99,DELTA,52,14739,57,53,463,yes,50,-772
2025-05-20T15:24:04.757394,KXBTCD-25MAY2019-T105999.99,DELTA,52,14739,57,53,464,no,32,250
2025-05-20T15:24:04.758361,KXBTCD-25MAY2019-T105999.99,DELTA,52,14739,57,53,465,yes,8,-20000
2025-05-20T15:24:04.776889,KXBTCD-25MAY2019-T105999.99,DELTA,52,14739,57,53,466,yes,49,-2000
2025-05-20T15:24:04.777641,KXBTCD-25MAY2019-T105999.99,DELTA,52,14739,57,53,467,no,42,-250
2025-05-20T15:24:04.778299,KXBTCD-25MAY2019-T105999.99,DELTA,52,13739,57,53,468,yes,52,-1000
2025-05-20T15:24:04.797891,KXBTCD-25MAY2019-T105999.99,DELTA,52,13739,57,53,469,yes,47,-1250
2025-05-20T15:24:04.798618,KXBTCD-25MAY2019-T105999.99,DELTA,52,13739,57,53,470,no,40,-2000
2025-05-20T15:24:04.799163,KXBTCD-25MAY2019-T105999.99,DELTA,52,13739,57,53,471,yes,51,772
2025-05-20T15:24:04.817337,KXBTCD-25MAY2019-T105999.99,DELTA,52,13739,57,53,472,no,42,-1000
2025-05-20T15:24:04.818187,KXBTCD-25MAY2019-T105999.99,DELTA,52,13739,57,53,473,no,38,-1250
2025-05-20T15:24:04.877602,KXBTCD-25MAY2019-T105999.99,DELTA,52,33739,57,53,474,yes,52,20000
2025-05-20T15:24:04.878414,KXBTCD-25MAY2019-T105999.99,DELTA,52,33739,57,53,475,no,41,1000
2025-05-20T15:24:04.879172,KXBTCD-25MAY2019-T105999.99,DELTA,52,33739,57,53,476,yes,51,2000
2025-05-20T15:24:04.879746,KXBTCD-25MAY2019-T105999.99,DELTA,52,33739,57,53,477,no,37,1250
2025-05-20T15:24:04.880216,KXBTCD-25MAY2019-T105999.99,DELTA,52,33739,57,53,478,no,38,2000
2025-05-20T15:24:04.897268,KXBTCD-25MAY2019-T105999.99,DELTA,52,33739,57,53,479,yes,49,1250
2025-05-20T15:24:04.897886,KXBTCD-25MAY2019-T105999.99,DELTA,53,1000,57,53,480,yes,53,1000
2025-05-20T15:24:04.917222,KXBTCD-25MAY2019-T105999.99,DELTA,53,1000,57,53,481,yes,52,-20000
2025-05-20T15:24:04.937710,KXBTCD-25MAY2019-T105999.99,DELTA,53,1000,57,53,482,yes,51,-2000
2025-05-20T15:24:04.938750,KXBTCD-25MAY2019-T105999.99,DELTA,53,1000,57,53,483,yes,49,-1250
2025-05-20T15:24:04.939239,KXBTCD-25MAY2019-T105999.99,DELTA,53,1000,57,53,484,no,38,-2000
2025-05-20T15:24:04.939456,KXBTCD-25MAY2019-T105999.99,DELTA,53,1000,57,53,485,yes,49,-100
2025-05-20T15:24:04.939625,KXBTCD-25MAY2019-T105999.99,DELTA,52,13739,57,53,486,yes,53,-1000
2025-05-20T15:24:05.002745,KXBTCD-25MAY2019-T105999.99,DELTA,52,13739,57,53,487,no,7,-3702
2025-05-20T15:24:05.003597,KXBTCD-25MAY2019-T105999.99,DELTA,52,13739,57,53,488,no,10,2592
2025-05-20T15:24:05.004214,KXBTCD-25MAY2019-T105999.99,DELTA,52,13739,57,53,489,yes,47,1250
2025-05-20T15:24:05.004752,KXBTCD-25MAY2019-T105999.99,DELTA,52,13739,57,53,490,no,40,2000
2025-05-20T15:24:05.005268,KXBTCD-25MAY2019-T105999.99,DELTA,52,14739,57,53,491,yes,52,1000
2025-05-20T15:24:05.005821,KXBTCD-25MAY2019-T105999.99,DELTA,52,14739,57,53,492,no,41,-1000
2025-05-20T15:24:05.006372,KXBTCD-25MAY2019-T105999.99,DELTA,52,14739,57,53,493,yes,8,20000
2025-05-20T15:24:05.006888,KXBTCD-25MAY2019-T105999.99,DELTA,52,14739,57,53,494,yes,49,2000
2025-05-20T15:24:05.007343,KXBTCD-25MAY2019-T105999.99,DELTA,52,14739,57,53,495,no,37,-1250
2025-05-20T15:24:05.037867,KXBTCD-25MAY2019-T105999.99,DELTA,52,14739,57,1053,496,no,43,1000
2025-05-20T15:24:05.038649,KXBTCD-25MAY2019-T105999.99,DELTA,52,14739,57,1053,497,no,38,1250
2025-05-20T15:24:05.056752,KXBTCD-25MAY2019-T105999.99,DELTA,52,14739,57,1053,498,no,8,-20000
2025-05-20T15:24:05.138995,KXBTCD-25MAY2019-T105999.99,DELTA,52,14739,57,1053,499,no,42,250
2025-05-20T15:24:05.139816,KXBTCD-25MAY2019-T105999.99,DELTA,52,14739,57,1053,500,yes,51,-772
2025-05-20T15:24:05.157405,KXBTCD-25MAY2019-T105999.99,DELTA,52,14739,57,1053,501,no,32,-250
2025-05-20T15:24:05.176983,KXBTCD-25MAY2019-T105999.99,DELTA,52,14739,57,53,502,no,43,-1000
2025-05-20T15:24:05.197667,KXBTCD-25MAY2019-T105999.99,DELTA,52,14739,57,53,503,yes,50,772
2025-05-20T15:24:05.236803,KXBTCD-25MAY2019-T105999.99,DELTA,52,14739,57,53,504,no,42,1000
2025-05-20T15:24:05.577210,KXBTCD-25MAY2019-T105999.99,DELTA,52,14739,57,53,505,no,32,250
2025-05-20T15:24:05.597077,KXBTCD-25MAY2019-T105999.99,DELTA,52,14739,57,53,506,yes,49,-2000
2025-05-20T15:24:05.598121,KXBTCD-25MAY2019-T105999.99,DELTA,52,14739,57,53,507,yes,50,-772
2025-05-20T15:24:05.598720,KXBTCD-25MAY2019-T105999.99,DELTA,52,14739,57,53,508,yes,47,-1250
2025-05-20T15:24:05.599274,KXBTCD-25MAY2019-T105999.99,DELTA,52,14739,57,53,509,no,42,-1000
2025-05-20T15:24:05.617118,KXBTCD-25MAY2019-T105999.99,DELTA,52,14739,57,53,510,no,42,-250
2025-05-20T15:24:05.617660,KXBTCD-25MAY2019-T105999.99,DELTA,52,14739,57,53,511,no,40,-2000
2025-05-20T15:24:05.618052,KXBTCD-25MAY2019-T105999.99,DELTA,52,14739,57,53,512,no,38,-1250
2025-05-20T15:24:05.637166,KXBTCD-25MAY2019-T105999.99,DELTA,52,14739,57,53,513,no,42,1000
2025-05-20T15:24:05.637820,KXBTCD-25MAY2019-T105999.99,DELTA,52,14739,57,53,514,yes,51,772
2025-05-20T15:24:05.656348,KXBTCD-25MAY2019-T105999.99,DELTA,52,14739,57,53,515,yes,48,1250
2025-05-20T15:24:05.656717,KXBTCD-25MAY2019-T105999.99,DELTA,52,14739,57,53,516,no,37,1250
2025-05-20T15:24:05.656919,KXBTCD-25MAY2019-T105999.99,DELTA,52,14739,57,53,517,yes,49,2000
2025-05-20T15:24:05.697144,KXBTCD-25MAY2019-T105999.99,DELTA,52,14739,57,53,518,no,42,-1000
2025-05-20T15:24:05.698026,KXBTCD-25MAY2019-T105999.99,DELTA,52,14739,57,53,519,no,39,2000
2025-05-20T15:24:05.736888,KXBTCD-25MAY2019-T105999.99,DELTA,52,14739,57,53,520,no,41,1000
2025-05-20T15:24:05.818158,KXBTCD-25MAY2019-T105999.99,DELTA,52,14739,57,53,521,yes,50,100
2025-05-20T15:24:07.270076,KXBTCD-25MAY2019-T105999.99,DELTA,52,14739,57,53,522,yes,7,-3702
2025-05-20T15:24:07.271226,KXBTCD-25MAY2019-T105999.99,DELTA,52,14739,57,53,523,yes,9,2880
2025-05-20T15:24:07.271899,KXBTCD-25MAY2019-T105999.99,DELTA,52,14739,57,53,524,no,10,-2592
2025-05-20T15:24:07.272710,KXBTCD-25MAY2019-T105999.99,DELTA,52,14739,57,53,525,no,11,2356
2025-05-20T15:24:07.297182,KXBTCD-25MAY2019-T105999.99,DELTA,52,14739,57,53,526,yes,8,-20000
2025-05-20T15:24:07.337101,KXBTCD-25MAY2019-T105999.99,DELTA,52,13739,57,53,527,yes,52,-1000
2025-05-20T15:24:07.337828,KXBTCD-25MAY2019-T105999.99,DELTA,52,33739,57,53,528,yes,52,20000
2025-05-20T15:24:07.338236,KXBTCD-25MAY2019-T105999.99,DELTA,52,33739,57,53,529,yes,48,-1250
2025-05-20T15:24:07.356537,KXBTCD-25MAY2019-T105999.99,DELTA,52,33739,59,1000,530,no,43,-53
2025-05-20T15:24:07.397748,KXBTCD-25MAY2019-T105999.99,DELTA,53,1000,59,1000,531,yes,53,1000
2025-05-20T15:24:07.398162,KXBTCD-25MAY2019-T105999.99,DELTA,53,1000,59,1000,532,yes,49,1250
2025-05-20T15:24:07.986765,KXBTCD-25MAY2019-T105999.99,DELTA,53,1000,59,1000,533,yes,52,-13739
2025-05-20T15:24:07.987847,KXBTCD-25MAY2019-T105999.99,DELTA,53,14739,59,1000,534,yes,53,13739
2025-05-20T15:24:07.997416,KXBTCD-25MAY2019-T105999.99,DELTA,53,14739,59,1000,535,yes,52,-20000
2025-05-20T15:24:08.036902,KXBTCD-25MAY2019-T105999.99,DELTA,53,14739,59,1000,536,yes,2,20000
2025-05-20T15:24:08.117692,KXBTCD-25MAY2019-T105999.99,DELTA,53,14739,59,1000,537,yes,9,-2880
2025-05-20T15:24:08.118701,KXBTCD-25MAY2019-T105999.99,DELTA,53,14739,59,1000,538,yes,7,3702
2025-05-20T15:24:08.177580,KXBTCD-25MAY2019-T105999.99,DELTA,53,14739,59,1000,539,yes,2,-20000
2025-05-20T15:24:08.217911,KXBTCD-25MAY2019-T105999.99,DELTA,53,14739,59,1000,540,yes,8,20000
2025-05-20T15:24:08.537301,KXBTCD-25MAY2019-T105999.99,DELTA,53,14739,58,53,541,no,42,53
2025-05-20T15:24:08.908352,KXBTCD-25MAY2019-T105999.99,DELTA,53,14739,58,53,542,yes,50,-100
2025-05-20T15:24:08.997593,KXBTCD-25MAY2019-T105999.99,DELTA,53,14739,58,53,543,yes,7,-3702
2025-05-20T15:24:08.998552,KXBTCD-25MAY2019-T105999.99,DELTA,53,14739,58,53,544,yes,9,2880
2025-05-20T15:24:09.037854,KXBTCD-25MAY2019-T105999.99,DELTA,53,14739,58,53,545,yes,49,-2000
2025-05-20T15:24:09.038916,KXBTCD-25MAY2019-T105999.99,DELTA,53,14739,58,53,546,no,39,-2000
2025-05-20T15:24:09.057823,KXBTCD-25MAY2019-T105999.99,DELTA,53,14739,58,53,547,no,37,-1250
2025-05-20T15:24:09.058573,KXBTCD-25MAY2019-T105999.99,DELTA,53,14739,58,53,548,yes,8,-20000
2025-05-20T15:24:09.097872,KXBTCD-25MAY2019-T105999.99,DELTA,53,14739,58,53,549,no,38,2000
2025-05-20T15:24:09.098915,KXBTCD-25MAY2019-T105999.99,DELTA,53,14739,58,53,550,yes,51,2000
2025-05-20T15:24:09.120632,KXBTCD-25MAY2019-T105999.99,DELTA,53,14739,58,53,551,no,36,1250
2025-05-20T15:24:09.121448,KXBTCD-25MAY2019-T105999.99,DELTA,53,14739,58,53,552,yes,2,20000
2025-05-20T15:24:09.638191,KXBTCD-25MAY2019-T105999.99,DELTA,53,14739,58,53,553,yes,51,100
2025-05-20T15:24:09.932407,KXBTCD-25MAY2019-T105999.99,DELTA,53,14739,58,53,554,yes,9,-2880
2025-05-20T15:24:09.933552,KXBTCD-25MAY2019-T105999.99,DELTA,53,14739,58,53,555,yes,7,3702
2025-05-20T15:24:09.977559,KXBTCD-25MAY2019-T105999.99,DELTA,53,14739,58,53,556,yes,2,-20000
2025-05-20T15:24:10.038438,KXBTCD-25MAY2019-T105999.99,DELTA,53,14739,58,53,557,yes,8,20000
2025-05-20T15:24:10.177499,KXBTCD-25MAY2019-T105999.99,DELTA,53,14739,58,53,558,yes,51,-2000
2025-05-20T15:24:10.198049,KXBTCD-25MAY2019-T105999.99,DELTA,53,13739,58,53,559,yes,53,-1000
2025-05-20T15:24:10.198999,KXBTCD-25MAY2019-T105999.99,DELTA,53,13739,58,53,560,yes,49,-1250
2025-05-20T15:24:10.219350,KXBTCD-25MAY2019-T105999.99,DELTA,53,13739,58,53,561,no,38,-2000
2025-05-20T15:24:10.220035,KXBTCD-25MAY2019-T105999.99,DELTA,53,13739,58,53,562,no,41,-1000
2025-05-20T15:24:10.237976,KXBTCD-25MAY2019-T105999.99,DELTA,53,13739,58,53,563,no,36,-1250
2025-05-20T15:24:10.298249,KXBTCD-25MAY2019-T105999.99,DELTA,53,13739,58,53,564,no,41,1000
2025-05-20T15:24:10.298944,KXBTCD-25MAY2019-T105999.99,DELTA,53,14739,58,53,565,yes,53,1000
2025-05-20T15:24:10.299465,KXBTCD-25MAY2019-T105999.99,DELTA,53,14739,58,53,566,no,38,2000
2025-05-20T15:24:10.299984,KXBTCD-25MAY2019-T105999.99,DELTA,53,14739,58,53,567,yes,49,1250
2025-05-20T15:24:10.300561,KXBTCD-25MAY2019-T105999.99,DELTA,53,14739,58,53,568,no,36,1250
2025-05-20T15:24:10.316532,KXBTCD-25MAY2019-T105999.99,DELTA,53,14739,58,53,569,yes,51,2000
2025-05-20T15:24:10.359608,KXBTCD-25MAY2019-T105999.99,DELTA,53,14739,58,53,570,yes,49,-1250
2025-05-20T15:24:10.360339,KXBTCD-25MAY2019-T105999.99,DELTA,53,14739,58,53,571,no,38,-2000
2025-05-20T15:24:10.377421,KXBTCD-25MAY2019-T105999.99,DELTA,53,14739,58,53,572,no,41,-1000
2025-05-20T15:24:10.378051,KXBTCD-25MAY2019-T105999.99,DELTA,53,14739,58,53,573,no,36,-1250
2025-05-20T15:24:10.417472,KXBTCD-25MAY2019-T105999.99,DELTA,53,14739,58,53,574,yes,51,-2000
2025-05-20T15:24:10.437489,KXBTCD-25MAY2019-T105999.99,DELTA,53,14739,58,53,575,no,39,2000
2025-05-20T15:24:10.438188,KXBTCD-25MAY2019-T105999.99,DELTA,53,14739,58,1053,576,no,42,1000
2025-05-20T15:24:10.438478,KXBTCD-25MAY2019-T105999.99,DELTA,53,14739,58,1053,577,yes,48,1250
2025-05-20T15:24:10.438692,KXBTCD-25MAY2019-T105999.99,DELTA,53,14739,58,1053,578,no,37,1250
2025-05-20T15:24:10.459559,KXBTCD-25MAY2019-T105999.99,DELTA,53,14739,58,1053,579,yes,49,2000
2025-05-20T15:24:10.548365,KXBTCD-25MAY2019-T105999.99,DELTA,53,13739,58,1053,580,yes,53,-1000
2025-05-20T15:24:10.552846,KXBTCD-25MAY2019-T105999.99,DELTA,53,13739,58,1053,581,yes,52,1000
2025-05-20T15:24:10.717664,KXBTCD-25MAY2019-T105999.99,DELTA,53,13739,58,1053,582,yes,7,-3702
2025-05-20T15:24:10.718805,KXBTCD-25MAY2019-T105999.99,DELTA,53,13739,58,1053,583,yes,9,2880
2025-05-20T15:24:10.777857,KXBTCD-25MAY2019-T105999.99,DELTA,53,13739,58,1053,584,yes,8,-20000
2025-05-20T15:24:10.838062,KXBTCD-25MAY2019-T105999.99,DELTA,53,13739,58,1053,585,yes,2,20000
2025-05-20T15:24:10.957777,KXBTCD-25MAY2019-T105999.99,DELTA,53,13739,58,1053,586,yes,52,-1000
2025-05-20T15:24:10.958982,KXBTCD-25MAY2019-T105999.99,DELTA,53,13739,58,53,587,no,42,-1000
2025-05-20T15:24:11.018367,KXBTCD-25MAY2019-T105999.99,DELTA,53,14739,58,53,588,yes,53,1000
2025-05-20T15:24:11.019307,KXBTCD-25MAY2019-T105999.99,DELTA,53,14739,58,53,589,no,41,1000
2025-05-20T15:24:11.877853,KXBTCD-25MAY2019-T105999.99,DELTA,53,13739,58,53,590,yes,53,-1000
2025-05-20T15:24:11.878544,KXBTCD-25MAY2019-T105999.99,DELTA,53,13739,58,53,591,no,41,-1000
2025-05-20T15:24:11.917550,KXBTCD-25MAY2019-T105999.99,DELTA,53,13739,58,1053,592,no,42,1000
2025-05-20T15:24:11.918330,KXBTCD-25MAY2019-T105999.99,DELTA,53,13739,58,1053,593,yes,52,1000
2025-05-20T15:24:12.358265,KXBTCD-25MAY2019-T105999.99,DELTA,53,13739,58,1053,594,yes,50,-25
2025-05-20T15:24:12.359139,KXBTCD-25MAY2019-T105999.99,DELTA,53,13739,58,1053,595,yes,51,25
2025-05-20T15:24:12.359767,KXBTCD-25MAY2019-T105999.99,DELTA,53,13739,58,1053,596,yes,49,-2000
2025-05-20T15:24:12.376689,KXBTCD-25MAY2019-T105999.99,DELTA,53,13739,58,1053,597,yes,52,-1000
2025-05-20T15:24:12.377536,KXBTCD-25MAY2019-T105999.99,DELTA,53,13739,58,1053,598,yes,48,-1250
2025-05-20T15:24:12.396409,KXBTCD-25MAY2019-T105999.99,DELTA,53,13739,58,1053,599,no,39,-2000
2025-05-20T15:24:12.396839,KXBTCD-25MAY2019-T105999.99,DELTA,53,13739,58,53,600,no,42,-1000
2025-05-20T15:24:12.416767,KXBTCD-25MAY2019-T105999.99,DELTA,53,13739,58,53,601,no,37,-1250
2025-05-20T15:24:12.476467,KXBTCD-25MAY2019-T105999.99,DELTA,53,13739,58,53,602,no,41,1000
2025-05-20T15:24:12.476635,KXBTCD-25MAY2019-T105999.99,DELTA,53,13739,58,53,603,no,36,1250
2025-05-20T15:24:12.476716,KXBTCD-25MAY2019-T105999.99,DELTA,53,14739,58,53,604,yes,53,1000
2025-05-20T15:24:12.476784,KXBTCD-25MAY2019-T105999.99,DELTA,53,14739,58,53,605,yes,49,1250
2025-05-20T15:24:12.476854,KXBTCD-25MAY2019-T105999.99,DELTA,53,14739,58,53,606,yes,51,2000
2025-05-20T15:24:12.476911,KXBTCD-25MAY2019-T105999.99,DELTA,53,14739,58,53,607,no,38,2000
2025-05-20T15:24:12.657473,KXBTCD-25MAY2019-T105999.99,DELTA,53,13739,58,53,608,yes,53,-1000
2025-05-20T15:24:12.658662,KXBTCD-25MAY2019-T105999.99,DELTA,53,13739,58,53,609,no,41,-1000
2025-05-20T15:24:12.697909,KXBTCD-25MAY2019-T105999.99,DELTA,53,13739,58,53,610,no,40,1000
2025-05-20T15:24:12.716234,KXBTCD-25MAY2019-T105999.99,DELTA,54,1000,58,53,611,yes,54,1000
2025-05-20T15:24:12.878162,KXBTCD-25MAY2019-T105999.99,DELTA,54,1000,60,1250,612,no,42,-53
2025-05-20T15:24:12.997132,KXBTCD-25MAY2019-T105999.99,DELTA,53,13739,60,1250,613,yes,54,-1000
2025-05-20T15:24:12.998147,KXBTCD-25MAY2019-T105999.99,DELTA,53,13739,60,250,614,no,40,-1000
2025-05-20T15:24:13.077414,KXBTCD-25MAY2019-T105999.99,DELTA,53,13739,59,1000,615,no,41,1000
2025-05-20T15:24:13.078257,KXBTCD-25MAY2019-T105999.99,DELTA,53,14739,59,1000,616,yes,53,1000
2025-05-20T15:24:13.096121,KXBTCD-25MAY2019-T105999.99,DELTA,53,14739,59,1000,617,yes,51,-100
2025-05-20T15:24:13.117722,KXBTCD-25MAY2019-T105999.99,DELTA,53,14739,59,1000,618,yes,51,-772
2025-05-20T15:24:13.137553,KXBTCD-25MAY2019-T105999.99,DELTA,53,14739,59,1000,619,yes,50,250
2025-05-20T15:24:13.138309,KXBTCD-25MAY2019-T105999.99,DELTA,53,14739,59,1000,620,yes,40,-250
2025-05-20T15:24:13.177740,KXBTCD-25MAY2019-T105999.99,DELTA,53,14739,59,1000,621,yes,51,-2000
2025-05-20T15:24:13.178737,KXBTCD-25MAY2019-T105999.99,DELTA,53,14739,59,1000,622,yes,52,772
2025-05-20T15:24:13.217272,KXBTCD-25MAY2019-T105999.99,DELTA,53,14739,59,1000,623,yes,51,2000
2025-05-20T15:24:13.598053,KXBTCD-25MAY2019-T105999.99,DELTA,53,14739,59,1000,624,yes,9,-2880
2025-05-20T15:24:13.599201,KXBTCD-25MAY2019-T105999.99,DELTA,53,14739,59,1000,625,yes,7,3702
2025-05-20T15:24:13.657810,KXBTCD-25MAY2019-T105999.99,DELTA,53,14739,59,1000,626,yes,2,-20000
2025-05-20T15:24:13.697735,KXBTCD-25MAY2019-T105999.99,DELTA,53,14739,59,1000,627,no,40,53
2025-05-20T15:24:13.698839,KXBTCD-25MAY2019-T105999.99,DELTA,53,14739,59,1000,628,yes,8,20000
2025-05-20T15:24:14.357719,KXBTCD-25MAY2019-T105999.99,DELTA,53,14739,59,1000,629,yes,52,100
2025-05-20T15:24:15.797786,KXBTCD-25MAY2019-T105999.99,DELTA,53,14739,59,1000,630,yes,7,-3702
2025-05-20T15:24:15.799017,KXBTCD-25MAY2019-T105999.99,DELTA,53,14739,59,1000,631,yes,9,2880
2025-05-20T15:24:15.799812,KXBTCD-25MAY2019-T105999.99,DELTA,53,13739,59,1000,632,yes,53,-1000
2025-05-20T15:24:15.877362,KXBTCD-25MAY2019-T105999.99,DELTA,53,13739,60,303,633,no,41,-1000
2025-05-20T15:24:15.899047,KXBTCD-25MAY2019-T105999.99,DELTA,53,13739,60,303,634,yes,8,-20000
2025-05-20T15:24:15.978230,KXBTCD-25MAY2019-T105999.99,DELTA,53,13739,60,1303,635,no,40,1000
2025-05-20T15:24:15.979349,KXBTCD-25MAY2019-T105999.99,DELTA,54,1000,60,1303,636,yes,54,1000
2025-05-20T15:24:15.980109,KXBTCD-25MAY2019-T105999.99,DELTA,54,1000,60,1303,637,yes,2,20000
2025-05-20T15:24:16.197353,KXBTCD-25MAY2019-T105999.99,DELTA,53,13739,60,1303,638,yes,54,-1000
2025-05-20T15:24:16.276644,KXBTCD-25MAY2019-T105999.99,DELTA,53,13739,60,303,639,no,40,-1000
2025-05-20T15:24:16.398359,KXBTCD-25MAY2019-T105999.99,DELTA,53,14739,60,303,640,yes,53,1000
2025-05-20T15:24:16.476230,KXBTCD-25MAY2019-T105999.99,DELTA,53,14739,59,1000,641,no,41,1000
2025-05-20T15:24:16.678566,KXBTCD-25MAY2019-T105999.99,DELTA,53,14739,59,1000,642,yes,9,-2880
2025-05-20T15:24:16.679650,KXBTCD-25MAY2019-T105999.99,DELTA,53,14739,59,1000,643,yes,7,3702
2025-05-20T15:24:16.797166,KXBTCD-25MAY2019-T105999.99,DELTA,53,14739,59,1000,644,yes,2,-20000
2025-05-20T15:24:16.877549,KXBTCD-25MAY2019-T105999.99,DELTA,53,14739,59,1000,645,yes,8,20000
2025-05-20T15:24:17.681420,KXBTCD-25MAY2019-T105999.99,DELTA,53,14739,59,1000,646,yes,7,-3702
2025-05-20T15:24:17.682420,KXBTCD-25MAY2019-T105999.99,DELTA,53,14739,59,1000,647,yes,9,2880
2025-05-20T15:24:17.777812,KXBTCD-25MAY2019-T105999.99,DELTA,53,14739,59,1000,648,yes,8,-20000
2025-05-20T15:24:17.897846,KXBTCD-25MAY2019-T105999.99,DELTA,53,14739,59,1000,649,yes,2,20000
2025-05-20T15:24:18.600730,KXBTCD-25MAY2019-T105999.99,DELTA,53,13739,59,1000,650,yes,53,-1000
2025-05-20T15:24:18.601635,KXBTCD-25MAY2019-T105999.99,DELTA,53,13739,59,1000,651,yes,9,-2880
2025-05-20T15:24:18.602457,KXBTCD-25MAY2019-T105999.99,DELTA,53,13739,59,1000,652,yes,7,3702
2025-05-20T15:24:18.603175,KXBTCD-25MAY2019-T105999.99,DELTA,53,13739,60,303,653,no,41,-1000
2025-05-20T15:24:18.637991,KXBTCD-25MAY2019-T105999.99,DELTA,54,1000,60,303,654,yes,54,1000
2025-05-20T15:24:18.677043,KXBTCD-25MAY2019-T105999.99,DELTA,54,1000,60,1303,655,no,40,1000
2025-05-20T15:24:18.716522,KXBTCD-25MAY2019-T105999.99,DELTA,54,1000,60,1303,656,yes,2,-20000
2025-05-20T15:24:18.757205,KXBTCD-25MAY2019-T105999.99,DELTA,54,1000,60,1303,657,yes,8,20000
2025-05-20T15:24:19.456487,KXBTCD-25MAY2019-T105999.99,DELTA,54,1000,60,1303,658,yes,7,-3702
2025-05-20T15:24:19.456672,KXBTCD-25MAY2019-T105999.99,DELTA,54,1000,60,1303,659,yes,9,2880
2025-05-20T15:24:19.515849,KXBTCD-25MAY2019-T105999.99,DELTA,54,1000,60,1303,660,yes,8,-20000
2025-05-20T15:24:19.556372,KXBTCD-25MAY2019-T105999.99,DELTA,54,1000,60,1303,661,yes,2,20000
2025-05-20T15:24:22.318278,KXBTCD-25MAY2019-T105999.99,DELTA,54,1000,60,1303,662,yes,9,-2880
2025-05-20T15:24:22.319480,KXBTCD-25MAY2019-T105999.99,DELTA,54,1000,60,1303,663,yes,7,3702
2025-05-20T15:24:22.377396,KXBTCD-25MAY2019-T105999.99,DELTA,54,1000,60,1303,664,yes,2,-20000
2025-05-20T15:24:22.436371,KXBTCD-25MAY2019-T105999.99,DELTA,54,1000,60,1303,665,yes,8,20000
2025-05-20T15:24:24.020128,KXBTCD-25MAY2019-T105999.99,DELTA,54,1000,60,1303,666,yes,8,-20000
2025-05-20T15:24:24.036634,KXBTCD-25MAY2019-T105999.99,DELTA,54,1000,60,1303,667,yes,51,-2000
2025-05-20T15:24:24.037386,KXBTCD-25MAY2019-T105999.99,DELTA,54,1000,60,1303,668,yes,49,-1250
2025-05-20T15:24:24.057092,KXBTCD-25MAY2019-T105999.99,DELTA,54,1000,60,1303,669,no,38,-2000
2025-05-20T15:24:24.057346,KXBTCD-25MAY2019-T105999.99,DELTA,54,1000,60,1303,670,no,36,-1250
2025-05-20T15:24:24.115746,KXBTCD-25MAY2019-T105999.99,DELTA,54,1000,60,1303,671,no,37,2000
2025-05-20T15:24:24.116343,KXBTCD-25MAY2019-T105999.99,DELTA,54,1000,60,1303,672,yes,52,2000
2025-05-20T15:24:24.116807,KXBTCD-25MAY2019-T105999.99,DELTA,54,1000,60,1303,673,yes,50,1250
2025-05-20T15:24:24.117142,KXBTCD-25MAY2019-T105999.99,DELTA,54,1000,60,1303,674,yes,53,20000
2025-05-20T15:24:24.117447,KXBTCD-25MAY2019-T105999.99,DELTA,54,1000,60,303,675,no,40,-1000
2025-05-20T15:24:24.137442,KXBTCD-25MAY2019-T105999.99,DELTA,54,1000,60,303,676,no,35,1250
2025-05-20T15:24:24.157403,KXBTCD-25MAY2019-T105999.99,DELTA,54,1000,60,303,677,no,39,1000
2025-05-20T15:24:24.158088,KXBTCD-25MAY2019-T105999.99,DELTA,54,1000,60,303,678,yes,50,-1250
2025-05-20T15:24:24.217016,KXBTCD-25MAY2019-T105999.99,DELTA,54,1000,60,303,679,yes,51,1250
2025-05-20T15:24:24.236490,KXBTCD-25MAY2019-T105999.99,DELTA,54,1000,60,303,680,yes,53,-20000
2025-05-20T15:24:24.237162,KXBTCD-25MAY2019-T105999.99,DELTA,54,1000,60,303,681,yes,52,-2000
2025-05-20T15:24:24.257322,KXBTCD-25MAY2019-T105999.99,DELTA,54,1000,60,303,682,no,37,-2000
2025-05-20T15:24:24.257656,KXBTCD-25MAY2019-T105999.99,DELTA,54,1000,60,303,683,no,35,-1250
2025-05-20T15:24:24.317425,KXBTCD-25MAY2019-T105999.99,DELTA,54,1000,60,303,684,no,35,1250
2025-05-20T15:24:24.318424,KXBTCD-25MAY2019-T105999.99,DELTA,54,1000,60,303,685,yes,52,2000
2025-05-20T15:24:24.319022,KXBTCD-25MAY2019-T105999.99,DELTA,54,1000,60,303,686,yes,53,20000
2025-05-20T15:24:24.319514,KXBTCD-25MAY2019-T105999.99,DELTA,54,1000,60,303,687,yes,51,-1250
2025-05-20T15:24:24.319990,KXBTCD-25MAY2019-T105999.99,DELTA,54,1000,60,303,688,no,37,2000
2025-05-20T15:24:24.337941,KXBTCD-25MAY2019-T105999.99,DELTA,54,1000,60,303,689,yes,53,-13739
2025-05-20T15:24:24.338795,KXBTCD-25MAY2019-T105999.99,DELTA,54,14739,60,303,690,yes,54,13739
2025-05-20T15:24:24.357435,KXBTCD-25MAY2019-T105999.99,DELTA,54,14739,60,303,691,yes,50,1250
2025-05-20T15:24:24.395809,KXBTCD-25MAY2019-T105999.99,DELTA,54,14739,60,303,692,yes,53,-20000
2025-05-20T15:24:24.396020,KXBTCD-25MAY2019-T105999.99,DELTA,54,13739,60,303,693,yes,54,-1000
2025-05-20T15:24:24.436021,KXBTCD-25MAY2019-T105999.99,DELTA,54,13739,60,303,694,yes,8,20000
2025-05-20T15:24:24.436191,KXBTCD-25MAY2019-T105999.99,DELTA,55,1000,60,303,695,yes,55,1000
2025-05-20T15:24:25.257372,KXBTCD-25MAY2019-T105999.99,DELTA,55,1000,60,303,696,yes,7,-3702
2025-05-20T15:24:25.258471,KXBTCD-25MAY2019-T105999.99,DELTA,55,1000,60,303,697,yes,9,2880
2025-05-20T15:24:25.356781,KXBTCD-25MAY2019-T105999.99,DELTA,55,1000,60,303,698,yes,8,-20000
2025-05-20T15:24:25.417799,KXBTCD-25MAY2019-T105999.99,DELTA,55,1000,60,303,699,yes,2,20000
2025-05-20T15:24:25.477141,KXBTCD-25MAY2019-T105999.99,DELTA,54,13739,60,303,700,yes,55,-1000
2025-05-20T15:24:25.477349,KXBTCD-25MAY2019-T105999.99,DELTA,54,13739,60,303,701,no,39,-1000
2025-05-20T15:24:25.587514,KXBTCD-25MAY2019-T105999.99,DELTA,54,14739,60,303,702,yes,54,1000
2025-05-20T15:24:25.588548,KXBTCD-25MAY2019-T105999.99,DELTA,54,14739,60,1303,703,no,40,1000
2025-05-20T15:24:26.116063,KXBTCD-25MAY2019-T105999.99,DELTA,54,14739,60,1303,704,yes,9,-2880
2025-05-20T15:24:26.117012,KXBTCD-25MAY2019-T105999.99,DELTA,54,14739,60,1303,705,yes,7,3702
2025-05-20T15:24:26.177450,KXBTCD-25MAY2019-T105999.99,DELTA,54,14739,60,1303,706,yes,2,-20000
2025-05-20T15:24:26.216608,KXBTCD-25MAY2019-T105999.99,DELTA,54,14739,60,1303,707,yes,8,20000
2025-05-20T15:24:26.777553,KXBTCD-25MAY2019-T105999.99,DELTA,54,14739,60,1303,708,yes,52,-2000
2025-05-20T15:24:26.778579,KXBTCD-25MAY2019-T105999.99,DELTA,54,14739,60,1303,709,yes,50,-1250
2025-05-20T15:24:26.797525,KXBTCD-25MAY2019-T105999.99,DELTA,54,14739,60,1303,710,no,37,-2000
2025-05-20T15:24:26.798308,KXBTCD-25MAY2019-T105999.99,DELTA,54,14739,60,1303,711,no,35,-1250
2025-05-20T15:24:26.837052,KXBTCD-25MAY2019-T105999.99,DELTA,54,14739,60,1303,712,no,38,2000
2025-05-20T15:24:26.857434,KXBTCD-25MAY2019-T105999.99,DELTA,54,14739,60,1303,713,yes,49,1250
2025-05-20T15:24:26.858284,KXBTCD-25MAY2019-T105999.99,DELTA,54,14739,60,1303,714,no,36,1250
2025-05-20T15:24:26.858858,KXBTCD-25MAY2019-T105999.99,DELTA,54,14739,60,1303,715,yes,51,2000
2025-05-20T15:24:26.977560,KXBTCD-25MAY2019-T105999.99,DELTA,54,14739,60,1303,716,yes,7,-3702
2025-05-20T15:24:26.978633,KXBTCD-25MAY2019-T105999.99,DELTA,54,14739,60,1303,717,yes,9,2880
2025-05-20T15:24:27.037460,KXBTCD-25MAY2019-T105999.99,DELTA,54,14739,60,1303,718,yes,8,-20000
2025-05-20T15:24:27.077570,KXBTCD-25MAY2019-T105999.99,DELTA,54,14739,60,1303,719,yes,2,20000
2025-05-20T15:24:27.956297,KXBTCD-25MAY2019-T105999.99,DELTA,54,14739,60,1303,720,yes,9,-2880
2025-05-20T15:24:27.957366,KXBTCD-25MAY2019-T105999.99,DELTA,54,14739,60,1303,721,yes,7,3702
2025-05-20T15:24:27.958003,KXBTCD-25MAY2019-T105999.99,DELTA,54,14739,60,1303,722,yes,2,-20000
2025-05-20T15:24:27.976026,KXBTCD-25MAY2019-T105999.99,DELTA,54,14739,60,1303,723,yes,8,20000
2025-05-20T15:24:29.557391,KXBTCD-25MAY2019-T105999.99,DELTA,54,13739,60,1303,724,yes,54,-1000
2025-05-20T15:24:29.577558,KXBTCD-25MAY2019-T105999.99,DELTA,54,13739,60,303,725,no,40,-1000
2025-05-20T15:24:29.616839,KXBTCD-25MAY2019-T105999.99,DELTA,54,13739,60,303,726,yes,53,1000
2025-05-20T15:24:29.617563,KXBTCD-25MAY2019-T105999.99,DELTA,54,13739,59,1000,727,no,41,1000
2025-05-20T15:24:29.617871,KXBTCD-25MAY2019-T105999.99,DELTA,54,13739,59,1000,728,yes,51,-25
2025-05-20T15:24:29.618088,KXBTCD-25MAY2019-T105999.99,DELTA,54,13739,59,1000,729,yes,50,25
2025-05-20T15:24:29.838350,KXBTCD-25MAY2019-T105999.99,DELTA,54,13739,59,1000,730,yes,52,-772
2025-05-20T15:24:29.877950,KXBTCD-25MAY2019-T105999.99,DELTA,54,13739,59,1000,731,yes,51,772
2025-05-20T15:24:29.917305,KXBTCD-25MAY2019-T105999.99,DELTA,54,13739,59,1000,732,yes,51,-2000
2025-05-20T15:24:29.937703,KXBTCD-25MAY2019-T105999.99,DELTA,54,13739,59,1000,733,yes,53,-1000
2025-05-20T15:24:29.938565,KXBTCD-25MAY2019-T105999.99,DELTA,54,13739,59,1000,734,yes,49,-1250
2025-05-20T15:24:29.958847,KXBTCD-25MAY2019-T105999.99,DELTA,54,13739,59,1000,735,no,38,-2000
2025-05-20T15:24:29.959845,KXBTCD-25MAY2019-T105999.99,DELTA,54,13739,59,1000,736,no,36,-1250
2025-05-20T15:24:30.037381,KXBTCD-25MAY2019-T105999.99,DELTA,54,13739,59,1000,737,yes,48,1250
2025-05-20T15:24:30.038124,KXBTCD-25MAY2019-T105999.99,DELTA,54,13739,59,1000,738,no,37,1250
2025-05-20T15:24:30.038646,KXBTCD-25MAY2019-T105999.99,DELTA,54,13739,59,1000,739,yes,52,1000
2025-05-20T15:24:30.077968,KXBTCD-25MAY2019-T105999.99,DELTA,54,13739,59,1000,740,no,39,2000
2025-05-20T15:24:30.096847,KXBTCD-25MAY2019-T105999.99,DELTA,54,13739,59,1000,741,yes,50,2000
2025-05-20T15:24:30.197867,KXBTCD-25MAY2019-T105999.99,DELTA,54,13739,59,1000,742,yes,50,-250
2025-05-20T15:24:30.199185,KXBTCD-25MAY2019-T105999.99,DELTA,54,13739,59,1000,743,yes,40,250
2025-05-20T15:24:30.277232,KXBTCD-25MAY2019-T105999.99,DELTA,54,13739,59,1000,744,yes,50,-2000
2025-05-20T15:24:30.337638,KXBTCD-25MAY2019-T105999.99,DELTA,54,13739,59,1000,745,yes,49,2000
2025-05-20T15:24:30.821815,KXBTCD-25MAY2019-T105999.99,DELTA,54,13739,59,1000,746,yes,7,-3702
2025-05-20T15:24:30.823005,KXBTCD-25MAY2019-T105999.99,DELTA,54,13739,59,1000,747,yes,9,2880
2025-05-20T15:24:30.877916,KXBTCD-25MAY2019-T105999.99,DELTA,54,13739,59,1000,748,yes,8,-20000
2025-05-20T15:24:30.898010,KXBTCD-25MAY2019-T105999.99,DELTA,54,13739,59,1000,749,yes,51,-772
2025-05-20T15:24:30.916739,KXBTCD-25MAY2019-T105999.99,DELTA,54,13739,59,1000,750,yes,2,20000
2025-05-20T15:24:30.937690,KXBTCD-25MAY2019-T105999.99,DELTA,54,13739,59,1000,751,yes,48,-1250
2025-05-20T15:24:30.938447,KXBTCD-25MAY2019-T105999.99,DELTA,54,13739,59,1000,752,yes,50,772
2025-05-20T15:24:30.957780,KXBTCD-25MAY2019-T105999.99,DELTA,54,13739,59,1000,753,no,39,-2000
2025-05-20T15:24:30.958127,KXBTCD-25MAY2019-T105999.99,DELTA,54,13739,59,1000,754,no,37,-1250
2025-05-20T15:24:31.017836,KXBTCD-25MAY2019-T105999.99,DELTA,54,13739,59,1000,755,no,38,1250
2025-05-20T15:24:31.018593,KXBTCD-25MAY2019-T105999.99,DELTA,54,13739,59,1000,756,no,40,2000
2025-05-20T15:24:31.019071,KXBTCD-25MAY2019-T105999.99,DELTA,54,13739,59,1000,757,yes,47,1250
2025-05-20T15:24:31.100229,KXBTCD-25MAY2019-T105999.99,DELTA,54,13739,59,1000,758,yes,52,-1000
2025-05-20T15:24:31.101372,KXBTCD-25MAY2019-T105999.99,DELTA,54,13739,59,1000,759,no,38,-1250
2025-05-20T15:24:31.139917,KXBTCD-25MAY2019-T105999.99,DELTA,54,13739,59,1000,760,yes,51,1000
2025-05-20T15:24:31.140896,KXBTCD-25MAY2019-T105999.99,DELTA,54,13739,58,250,761,no,42,250
2025-05-20T15:24:31.141679,KXBTCD-25MAY2019-T105999.99,DELTA,54,13739,58,250,762,no,39,1250
2025-05-20T15:24:31.177268,KXBTCD-25MAY2019-T105999.99,DELTA,54,13739,58,250,763,no,32,-250
2025-05-20T15:24:31.197905,KXBTCD-25MAY2019-T105999.99,DELTA,54,13739,58,250,764,no,41,-1000
2025-05-20T15:24:31.237291,KXBTCD-25MAY2019-T105999.99,DELTA,54,13739,57,1000,765,no,43,1000
2025-05-20T15:24:31.516304,KXBTCD-25MAY2019-T105999.99,DELTA,54,13739,57,1000,766,yes,52,-100
2025-05-20T15:24:31.516720,KXBTCD-25MAY2019-T105999.99,DELTA,54,13739,57,1000,767,no,40,-53
2025-05-20T15:24:32.377454,KXBTCD-25MAY2019-T105999.99,DELTA,54,13739,57,1000,768,no,39,-1250
2025-05-20T15:24:32.417272,KXBTCD-25MAY2019-T105999.99,DELTA,54,13739,57,1000,769,no,38,1250
2025-05-20T15:24:32.657308,KXBTCD-25MAY2019-T105999.99,DELTA,54,13739,57,1000,770,yes,50,100
2025-05-20T15:24:32.658302,KXBTCD-25MAY2019-T105999.99,DELTA,54,13739,57,1000,771,no,42,53
2025-05-20T15:24:32.977402,KXBTCD-25MAY2019-T105999.99,DELTA,54,13739,57,1000,772,yes,50,-100
2025-05-20T15:24:32.996867,KXBTCD-25MAY2019-T105999.99,DELTA,54,13739,57,1000,773,yes,9,-2880
2025-05-20T15:24:32.997556,KXBTCD-25MAY2019-T105999.99,DELTA,54,13739,57,1000,774,yes,7,3702
2025-05-20T15:24:33.058591,KXBTCD-25MAY2019-T105999.99,DELTA,54,13739,57,1000,775,yes,7,-3702
2025-05-20T15:24:33.059366,KXBTCD-25MAY2019-T105999.99,DELTA,54,13739,57,1000,776,yes,2,-20000
2025-05-20T15:24:33.120251,KXBTCD-25MAY2019-T105999.99,DELTA,54,13739,57,1000,777,yes,8,20000
2025-05-20T15:24:33.156973,KXBTCD-25MAY2019-T105999.99,DELTA,54,13739,57,1000,778,yes,8,-20000
2025-05-20T15:24:33.197343,KXBTCD-25MAY2019-T105999.99,DELTA,54,13739,57,1000,779,yes,2,20000
2025-05-20T15:24:33.797949,KXBTCD-25MAY2019-T105999.99,DELTA,54,13739,57,1000,780,yes,50,100
2025-05-20T15:24:33.877647,KXBTCD-25MAY2019-T105999.99,DELTA,54,13739,57,1000,781,yes,7,3702
2025-05-20T15:24:33.997812,KXBTCD-25MAY2019-T105999.99,DELTA,54,13739,57,1000,782,yes,2,-20000
2025-05-20T15:24:34.057774,KXBTCD-25MAY2019-T105999.99,DELTA,54,13739,57,1000,783,yes,8,20000
2025-05-20T15:24:34.738065,KXBTCD-25MAY2019-T105999.99,DELTA,54,13739,57,1000,784,yes,7,-3702
2025-05-20T15:24:34.739162,KXBTCD-25MAY2019-T105999.99,DELTA,54,13739,57,1000,785,yes,9,2880
2025-05-20T15:24:34.797128,KXBTCD-25MAY2019-T105999.99,DELTA,54,13739,57,1000,786,yes,8,-20000
2025-05-20T15:24:34.837465,KXBTCD-25MAY2019-T105999.99,DELTA,54,13739,57,1000,787,yes,2,20000
2025-05-20T15:24:35.257336,KXBTCD-25MAY2019-T105999.99,DELTA,54,13739,57,1000,788,yes,1,1322
2025-05-20T15:24:35.258403,KXBTCD-25MAY2019-T105999.99,DELTA,54,13739,57,1000,789,yes,50,-100
2025-05-20T15:24:35.657623,KXBTCD-25MAY2019-T105999.99,DELTA,54,13739,57,1000,790,yes,9,-2880
2025-05-20T15:24:35.658385,KXBTCD-25MAY2019-T105999.99,DELTA,54,13739,57,1000,791,yes,7,3702
2025-05-20T15:24:35.717931,KXBTCD-25MAY2019-T105999.99,DELTA,54,13739,57,1000,792,yes,2,-20000
2025-05-20T15:24:35.757469,KXBTCD-25MAY2019-T105999.99,DELTA,54,13739,57,1000,793,yes,8,20000
2025-05-20T15:24:36.277555,KXBTCD-25MAY2019-T105999.99,DELTA,54,13739,57,1000,794,yes,51,100
2025-05-20T15:24:36.536171,KXBTCD-25MAY2019-T105999.99,DELTA,54,13739,57,1000,795,yes,7,-3702
2025-05-20T15:24:36.536469,KXBTCD-25MAY2019-T105999.99,DELTA,54,13739,57,1000,796,yes,9,2880
2025-05-20T15:24:36.596974,KXBTCD-25MAY2019-T105999.99,DELTA,54,13739,57,1000,797,yes,8,-20000
2025-05-20T15:24:36.638322,KXBTCD-25MAY2019-T105999.99,DELTA,54,13739,57,1000,798,yes,2,20000
2025-05-20T15:24:39.436240,KXBTCD-25MAY2019-T105999.99,DELTA,54,13739,57,1000,799,yes,9,-2880
2025-05-20T15:24:39.436388,KXBTCD-25MAY2019-T105999.99,DELTA,54,13739,57,1000,800,yes,7,3702
2025-05-20T15:24:39.945779,KXBTCD-25MAY2019-T105999.99,DELTA,54,13739,57,1000,801,yes,2,-20000
2025-05-20T15:24:40.298058,KXBTCD-25MAY2019-T105999.99,DELTA,54,13739,57,1000,802,yes,8,20000
2025-05-20T15:24:40.738266,KXBTCD-25MAY2019-T105999.99,DELTA,54,13739,57,1000,803,yes,49,-2000
2025-05-20T15:24:40.757314,KXBTCD-25MAY2019-T105999.99,DELTA,54,13739,57,1000,804,yes,51,-1000
2025-05-20T15:24:40.758582,KXBTCD-25MAY2019-T105999.99,DELTA,54,13739,57,1000,805,yes,47,-1250
2025-05-20T15:24:40.776336,KXBTCD-25MAY2019-T105999.99,DELTA,54,13739,57,1000,806,no,40,-2000
2025-05-20T15:24:40.777332,KXBTCD-25MAY2019-T105999.99,DELTA,54,13739,58,303,807,no,43,-1000
2025-05-20T15:24:40.797583,KXBTCD-25MAY2019-T105999.99,DELTA,54,13739,58,303,808,no,38,-1250
2025-05-20T15:24:40.857935,KXBTCD-25MAY2019-T105999.99,DELTA,54,13739,58,303,809,no,39,2000
2025-05-20T15:24:40.858775,KXBTCD-25MAY2019-T105999.99,DELTA,54,13739,58,303,810,no,37,1250
2025-05-20T15:24:40.859397,KXBTCD-25MAY2019-T105999.99,DELTA,54,13739,58,303,811,yes,52,1000
2025-05-20T15:24:40.859931,KXBTCD-25MAY2019-T105999.99,DELTA,54,13739,58,303,812,yes,50,2000
2025-05-20T15:24:40.860392,KXBTCD-25MAY2019-T105999.99,DELTA,54,13739,58,303,813,no,41,1000
2025-05-20T15:24:40.860816,KXBTCD-25MAY2019-T105999.99,DELTA,54,13739,58,303,814,yes,48,1250
2025-05-20T15:24:41.617953,KXBTCD-25MAY2019-T105999.99,DELTA,54,13739,58,303,815,yes,7,-3702
2025-05-20T15:24:41.618743,KXBTCD-25MAY2019-T105999.99,DELTA,54,13739,58,303,816,yes,9,2880
2025-05-20T15:24:41.677394,KXBTCD-25MAY2019-T105999.99,DELTA,54,13739,58,303,817,yes,8,-20000
2025-05-20T15:24:41.716607,KXBTCD-25MAY2019-T105999.99,DELTA,54,13739,58,303,818,yes,2,20000
2025-05-20T15:24:42.497084,KXBTCD-25MAY2019-T105999.99,DELTA,54,13739,58,303,819,yes,9,-2880
2025-05-20T15:24:42.497351,KXBTCD-25MAY2019-T105999.99,DELTA,54,13739,58,303,820,yes,7,3702
2025-05-20T15:24:42.575536,KXBTCD-25MAY2019-T105999.99,DELTA,54,13739,58,303,821,yes,50,-2000
2025-05-20T15:24:42.575722,KXBTCD-25MAY2019-T105999.99,DELTA,54,13739,58,303,822,yes,52,-1000
2025-05-20T15:24:42.596105,KXBTCD-25MAY2019-T105999.99,DELTA,54,13739,58,303,823,yes,48,-1250
2025-05-20T15:24:42.596332,KXBTCD-25MAY2019-T105999.99,DELTA,54,13739,58,303,824,no,39,-2000
2025-05-20T15:24:42.616763,KXBTCD-25MAY2019-T105999.99,DELTA,54,13739,58,303,825,no,37,-1250
2025-05-20T15:24:42.657519,KXBTCD-25MAY2019-T105999.99,DELTA,54,13739,58,303,826,yes,49,1250
2025-05-20T15:24:42.658133,KXBTCD-25MAY2019-T105999.99,DELTA,54,13739,58,303,827,yes,2,-20000
2025-05-20T15:24:42.676424,KXBTCD-25MAY2019-T105999.99,DELTA,54,14739,58,303,828,yes,54,1000
2025-05-20T15:24:42.677516,KXBTCD-25MAY2019-T105999.99,DELTA,54,14739,58,303,829,yes,51,2000
2025-05-20T15:24:42.678140,KXBTCD-25MAY2019-T105999.99,DELTA,54,14739,58,303,830,no,38,2000
2025-05-20T15:24:42.678670,KXBTCD-25MAY2019-T105999.99,DELTA,54,14739,58,303,831,no,36,1250
2025-05-20T15:24:42.697235,KXBTCD-25MAY2019-T105999.99,DELTA,54,14739,58,303,832,yes,8,20000
2025-05-20T15:24:43.377620,KXBTCD-25MAY2019-T105999.99,DELTA,54,14739,58,303,833,yes,7,-3702
2025-05-20T15:24:43.378605,KXBTCD-25MAY2019-T105999.99,DELTA,54,14739,58,303,834,yes,9,2880
2025-05-20T15:24:43.379385,KXBTCD-25MAY2019-T105999.99,DELTA,54,13739,58,303,835,yes,54,-1000
2025-05-20T15:24:43.416300,KXBTCD-25MAY2019-T105999.99,DELTA,54,13739,58,303,836,yes,52,1000
2025-05-20T15:24:43.440321,KXBTCD-25MAY2019-T105999.99,DELTA,54,13739,58,303,837,yes,8,-20000
2025-05-20T15:24:43.478071,KXBTCD-25MAY2019-T105999.99,DELTA,54,13739,58,303,838,yes,2,20000
2025-05-20T15:24:43.598406,KXBTCD-25MAY2019-T105999.99,DELTA,54,13739,58,303,839,yes,51,-2000
2025-05-20T15:24:43.617394,KXBTCD-25MAY2019-T105999.99,DELTA,54,13739,58,303,840,yes,49,-1250
2025-05-20T15:24:43.618582,KXBTCD-25MAY2019-T105999.99,DELTA,54,13739,58,303,841,no,38,-2000
2025-05-20T15:24:43.637386,KXBTCD-25MAY2019-T105999.99,DELTA,54,13739,58,303,842,no,41,-1000
2025-05-20T15:24:43.638603,KXBTCD-25MAY2019-T105999.99,DELTA,54,13739,58,303,843,no,36,-1250
2025-05-20T15:24:43.698578,KXBTCD-25MAY2019-T105999.99,DELTA,54,13739,58,303,844,no,38,1250
2025-05-20T15:24:43.699143,KXBTCD-25MAY2019-T105999.99,DELTA,54,13739,58,303,845,yes,48,1250
2025-05-20T15:24:43.699511,KXBTCD-25MAY2019-T105999.99,DELTA,54,13739,58,303,846,yes,50,2000
2025-05-20T15:24:43.699829,KXBTCD-25MAY2019-T105999.99,DELTA,54,13739,58,1303,847,no,42,1000
2025-05-20T15:24:43.700059,KXBTCD-25MAY2019-T105999.99,DELTA,54,13739,58,1303,848,no,39,2000
2025-05-20T15:24:43.877520,KXBTCD-25MAY2019-T105999.99,DELTA,54,13739,58,1303,849,yes,50,-772
2025-05-20T15:24:43.878423,KXBTCD-25MAY2019-T105999.99,DELTA,54,13739,58,1303,850,no,32,250
2025-05-20T15:24:43.897749,KXBTCD-25MAY2019-T105999.99,DELTA,54,13739,58,1303,851,no,38,-1250
2025-05-20T15:24:43.916765,KXBTCD-25MAY2019-T105999.99,DELTA,54,13739,58,1053,852,no,42,-250
2025-05-20T15:24:43.937080,KXBTCD-25MAY2019-T105999.99,DELTA,54,13739,58,1053,853,no,37,1250
2025-05-20T15:24:43.937809,KXBTCD-25MAY2019-T105999.99,DELTA,54,13739,58,1053,854,yes,51,772
2025-05-20T15:24:43.978023,KXBTCD-25MAY2019-T105999.99,DELTA,54,13739,58,1053,855,yes,50,-2000
2025-05-20T15:24:44.037341,KXBTCD-25MAY2019-T105999.99,DELTA,54,13739,58,1053,856,yes,49,2000
2025-05-20T15:24:44.136837,KXBTCD-25MAY2019-T105999.99,DELTA,54,13739,58,1053,857,yes,51,-772
2025-05-20T15:24:44.177419,KXBTCD-25MAY2019-T105999.99,DELTA,54,13739,58,1053,858,yes,49,-2000
2025-05-20T15:24:44.178200,KXBTCD-25MAY2019-T105999.99,DELTA,54,13739,58,1053,859,yes,52,772
2025-05-20T15:24:44.197436,KXBTCD-25MAY2019-T105999.99,DELTA,54,13739,58,1053,860,yes,52,-1000
2025-05-20T15:24:44.199613,KXBTCD-25MAY2019-T105999.99,DELTA,54,13739,58,1053,861,yes,48,-1250
2025-05-20T15:24:44.216582,KXBTCD-25MAY2019-T105999.99,DELTA,54,13739,58,1053,862,no,39,-2000
2025-05-20T15:24:44.217338,KXBTCD-25MAY2019-T105999.99,DELTA,54,13739,58,53,863,no,42,-1000
2025-05-20T15:24:44.217863,KXBTCD-25MAY2019-T105999.99,DELTA,54,13739,58,53,864,no,37,-1250
2025-05-20T15:24:44.277534,KXBTCD-25MAY2019-T105999.99,DELTA,54,13739,58,53,865,yes,9,-2880
2025-05-20T15:24:44.278362,KXBTCD-25MAY2019-T105999.99,DELTA,54,13739,58,53,866,yes,7,3702
2025-05-20T15:24:44.317633,KXBTCD-25MAY2019-T105999.99,DELTA,54,13739,58,53,867,no,40,1000
2025-05-20T15:24:44.318443,KXBTCD-25MAY2019-T105999.99,DELTA,54,13739,58,53,868,yes,49,1250
2025-05-20T15:24:44.319069,KXBTCD-25MAY2019-T105999.99,DELTA,54,13739,58,53,869,no,38,2000
2025-05-20T15:24:44.338638,KXBTCD-25MAY2019-T105999.99,DELTA,54,14739,58,53,870,yes,54,1000
2025-05-20T15:24:44.339409,KXBTCD-25MAY2019-T105999.99,DELTA,54,14739,58,53,871,no,36,1250
2025-05-20T15:24:44.357657,KXBTCD-25MAY2019-T105999.99,DELTA,54,14739,58,53,872,yes,49,2000
2025-05-20T15:24:44.396669,KXBTCD-25MAY2019-T105999.99,DELTA,54,14739,58,53,873,yes,2,-20000
2025-05-20T15:24:44.436029,KXBTCD-25MAY2019-T105999.99,DELTA,54,14739,58,53,874,yes,8,20000
2025-05-20T15:24:45.057620,KXBTCD-25MAY2019-T105999.99,DELTA,54,13739,58,53,875,yes,54,-1000
2025-05-20T15:24:45.058822,KXBTCD-25MAY2019-T105999.99,DELTA,54,13739,58,53,876,no,40,-1000
2025-05-20T15:24:45.059599,KXBTCD-25MAY2019-T105999.99,DELTA,54,13739,58,53,877,no,41,1000
2025-05-20T15:24:45.060276,KXBTCD-25MAY2019-T105999.99,DELTA,54,13739,58,53,878,yes,53,1000
2025-05-20T15:24:45.138108,KXBTCD-25MAY2019-T105999.99,DELTA,54,13739,58,53,879,yes,7,-3702
2025-05-20T15:24:45.138963,KXBTCD-25MAY2019-T105999.99,DELTA,54,13739,58,53,880,yes,9,2880
2025-05-20T15:24:45.160170,KXBTCD-25MAY2019-T105999.99,DELTA,54,13739,58,53,881,yes,40,-250
2025-05-20T15:24:45.177762,KXBTCD-25MAY2019-T105999.99,DELTA,54,13739,58,53,882,yes,50,250
2025-05-20T15:24:45.237287,KXBTCD-25MAY2019-T105999.99,DELTA,54,13739,58,53,883,yes,8,-20000
2025-05-20T15:24:45.337141,KXBTCD-25MAY2019-T105999.99,DELTA,54,13739,58,53,884,yes,49,-2000
2025-05-20T15:24:45.338069,KXBTCD-25MAY2019-T105999.99,DELTA,54,13739,58,53,885,yes,2,20000
2025-05-20T15:24:45.377452,KXBTCD-25MAY2019-T105999.99,DELTA,54,13739,58,53,886,yes,51,2000
2025-05-20T15:24:45.557177,KXBTCD-25MAY2019-T105999.99,DELTA,54,13739,59,1000,887,no,42,-53
2025-05-20T15:24:45.558952,KXBTCD-25MAY2019-T105999.99,DELTA,54,13739,59,1000,888,yes,51,-100
2025-05-20T15:24:46.080975,KXBTCD-25MAY2019-T105999.99,DELTA,54,13739,59,1000,889,no,36,-1250
2025-05-20T15:24:46.082087,KXBTCD-25MAY2019-T105999.99,DELTA,54,13739,59,1000,890,no,37,1250
2025-05-20T15:24:46.476337,KXBTCD-25MAY2019-T105999.99,DELTA,54,13739,59,1000,891,yes,51,-2000
2025-05-20T15:24:46.497337,KXBTCD-25MAY2019-T105999.99,DELTA,54,13739,59,1000,892,yes,53,-1000
2025-05-20T15:24:46.497518,KXBTCD-25MAY2019-T105999.99,DELTA,54,13739,59,1000,893,yes,49,-1250
2025-05-20T15:24:46.516160,KXBTCD-25MAY2019-T105999.99,DELTA,54,13739,59,1000,894,no,38,-2000
2025-05-20T15:24:46.516719,KXBTCD-25MAY2019-T105999.99,DELTA,54,13739,60,250,895,no,41,-1000
2025-05-20T15:24:46.536446,KXBTCD-25MAY2019-T105999.99,DELTA,54,13739,60,250,896,no,37,-1250
2025-05-20T15:24:46.556820,KXBTCD-25MAY2019-T105999.99,DELTA,54,13739,60,250,897,no,30,250
2025-05-20T15:24:46.556990,KXBTCD-25MAY2019-T105999.99,DELTA,54,13739,62,250,898,no,40,-250
2025-05-20T15:24:46.577123,KXBTCD-25MAY2019-T105999.99,DELTA,54,13739,62,250,899,yes,50,1250
2025-05-20T15:24:46.577234,KXBTCD-25MAY2019-T105999.99,DELTA,54,13739,61,1000,900,no,39,1000
2025-05-20T15:24:46.577298,KXBTCD-25MAY2019-T105999.99,DELTA,54,13739,61,1000,901,no,35,1250
2025-05-20T15:24:46.577354,KXBTCD-25MAY2019-T105999.99,DELTA,54,13739,60,53,902,no,40,53
2025-05-20T15:24:46.577416,KXBTCD-25MAY2019-T105999.99,DELTA,55,1000,60,53,903,yes,55,1000
2025-05-20T15:24:46.577465,KXBTCD-25MAY2019-T105999.99,DELTA,55,1000,60,53,904,yes,52,2000
2025-05-20T15:24:46.596707,KXBTCD-25MAY2019-T105999.99,DELTA,55,1000,60,53,905,yes,52,100
2025-05-20T15:24:46.615947,KXBTCD-25MAY2019-T105999.99,DELTA,55,1000,60,53,906,no,30,-250
2025-05-20T15:24:46.636004,KXBTCD-25MAY2019-T105999.99,DELTA,55,1000,60,303,907,no,40,250
2025-05-20T15:24:46.636186,KXBTCD-25MAY2019-T105999.99,DELTA,55,1000,60,303,908,no,37,2000
2025-05-20T15:24:47.257967,KXBTCD-25MAY2019-T105999.99,DELTA,55,1000,60,303,909,yes,52,-772
2025-05-20T15:24:47.259096,KXBTCD-25MAY2019-T105999.99,DELTA,55,1000,60,303,910,no,30,250
2025-05-20T15:24:47.276957,KXBTCD-25MAY2019-T105999.99,DELTA,55,1000,60,53,911,no,40,-250
2025-05-20T15:24:47.296796,KXBTCD-25MAY2019-T105999.99,DELTA,55,1000,60,53,912,yes,50,-25
2025-05-20T15:24:47.297372,KXBTCD-25MAY2019-T105999.99,DELTA,55,1000,60,53,913,yes,51,25
2025-05-20T15:24:47.317133,KXBTCD-25MAY2019-T105999.99,DELTA,55,1000,60,53,914,yes,53,772
2025-05-20T15:24:47.336913,KXBTCD-25MAY2019-T105999.99,DELTA,55,1000,60,53,915,yes,2,-20000
2025-05-20T15:24:47.337461,KXBTCD-25MAY2019-T105999.99,DELTA,55,1000,60,53,916,yes,52,-2000
2025-05-20T15:24:47.357052,KXBTCD-25MAY2019-T105999.99,DELTA,55,1000,60,53,917,yes,50,-1250
2025-05-20T15:24:47.357357,KXBTCD-25MAY2019-T105999.99,DELTA,55,1000,60,53,918,yes,26,-3000
2025-05-20T15:24:47.376069,KXBTCD-25MAY2019-T105999.99,DELTA,55,1000,60,53,919,no,37,-2000
2025-05-20T15:24:47.376261,KXBTCD-25MAY2019-T105999.99,DELTA,55,1000,60,53,920,no,39,-1000
2025-05-20T15:24:47.397268,KXBTCD-25MAY2019-T105999.99,DELTA,55,1000,60,53,921,no,35,-1250
2025-05-20T15:24:47.398049,KXBTCD-25MAY2019-T105999.99,DELTA,55,1000,60,53,922,yes,52,-100
2025-05-20T15:24:47.476818,KXBTCD-25MAY2019-T105999.99,DELTA,55,1000,60,53,923,yes,54,20000
2025-05-20T15:24:47.496228,KXBTCD-25MAY2019-T105999.99,DELTA,55,1000,60,53,924,no,36,2000
2025-05-20T15:24:47.496404,KXBTCD-25MAY2019-T105999.99,DELTA,55,1000,60,53,925,no,38,1000
2025-05-20T15:24:47.496480,KXBTCD-25MAY2019-T105999.99,DELTA,55,1000,60,53,926,yes,33,3000
2025-05-20T15:24:47.496541,KXBTCD-25MAY2019-T105999.99,DELTA,55,1000,60,53,927,yes,51,1250
2025-05-20T15:24:47.496598,KXBTCD-25MAY2019-T105999.99,DELTA,55,1000,60,53,928,yes,53,2000
2025-05-20T15:24:47.496651,KXBTCD-25MAY2019-T105999.99,DELTA,55,1000,60,53,929,no,34,1250
2025-05-20T15:24:47.924198,KXBTCD-25MAY2019-T105999.99,DELTA,55,1000,60,53,930,no,38,-1000
2025-05-20T15:24:47.925223,KXBTCD-25MAY2019-T105999.99,DELTA,55,1000,60,53,931,no,39,1000
2025-05-20T15:24:48.117581,KXBTCD-25MAY2019-T105999.99,DELTA,55,1000,60,53,932,yes,53,100
2025-05-20T15:24:48.197299,KXBTCD-25MAY2019-T105999.99,DELTA,55,1000,60,53,933,yes,9,-2880
2025-05-20T15:24:48.198294,KXBTCD-25MAY2019-T105999.99,DELTA,55,1000,60,53,934,yes,7,3702
2025-05-20T15:24:48.337033,KXBTCD-25MAY2019-T105999.99,DELTA,55,1000,60,53,935,no,39,-1000
2025-05-20T15:24:48.376948,KXBTCD-25MAY2019-T105999.99,DELTA,55,1000,60,53,936,no,38,1000
2025-05-20T15:24:49.555981,KXBTCD-25MAY2019-T105999.99,DELTA,55,1000,62,1250,937,no,40,-53
2025-05-20T15:24:49.556149,KXBTCD-25MAY2019-T105999.99,DELTA,55,1000,62,1250,938,yes,53,-100
2025-05-20T15:24:50.384351,KXBTCD-25MAY2019-T105999.99,DELTA,55,1000,62,1250,939,yes,53,-772
2025-05-20T15:24:50.385317,KXBTCD-25MAY2019-T105999.99,DELTA,55,1000,62,1250,940,yes,54,-20000
2025-05-20T15:24:50.385787,KXBTCD-25MAY2019-T105999.99,DELTA,55,1000,62,1250,941,yes,54,772
2025-05-20T15:24:50.386200,KXBTCD-25MAY2019-T105999.99,DELTA,55,21000,62,1250,942,yes,55,20000
2025-05-20T15:24:50.386576,KXBTCD-25MAY2019-T105999.99,DELTA,55,21000,62,1250,943,yes,53,-2000
2025-05-20T15:24:50.436580,KXBTCD-25MAY2019-T105999.99,DELTA,55,21000,62,1250,944,yes,51,2000
2025-05-20T15:24:50.518057,KXBTCD-25MAY2019-T105999.99,DELTA,55,21000,62,1303,945,no,38,53
2025-05-20T15:24:50.536766,KXBTCD-25MAY2019-T105999.99,DELTA,55,21000,62,1303,946,yes,54,100
2025-05-20T15:24:50.997963,KXBTCD-25MAY2019-T105999.99,DELTA,55,1000,62,1303,947,yes,55,-20000
2025-05-20T15:24:51.037146,KXBTCD-25MAY2019-T105999.99,DELTA,55,1000,62,1303,948,yes,54,20000
2025-05-20T15:24:51.156381,KXBTCD-25MAY2019-T105999.99,DELTA,55,1000,62,1303,949,yes,54,-772
2025-05-20T15:24:51.197353,KXBTCD-25MAY2019-T105999.99,DELTA,55,1000,62,1303,950,yes,53,772
2025-05-20T15:24:51.317154,KXBTCD-25MAY2019-T105999.99,DELTA,55,1000,62,1303,951,yes,51,-2000
2025-05-20T15:24:51.357015,KXBTCD-25MAY2019-T105999.99,DELTA,55,1000,62,1303,952,yes,53,2000
2025-05-20T15:24:52.257576,KXBTCD-25MAY2019-T105999.99,DELTA,55,1000,62,1303,953,yes,53,-772
2025-05-20T15:24:52.298596,KXBTCD-25MAY2019-T105999.99,DELTA,55,1000,62,1303,954,yes,54,772
2025-05-20T15:24:52.338921,KXBTCD-25MAY2019-T105999.99,DELTA,55,1000,62,1303,955,yes,54,-20000
2025-05-20T15:24:52.377560,KXBTCD-25MAY2019-T105999.99,DELTA,55,1000,62,1303,956,yes,53,-2000
2025-05-20T15:24:52.378387,KXBTCD-25MAY2019-T105999.99,DELTA,55,21000,62,1303,957,yes,55,20000
2025-05-20T15:24:52.416655,KXBTCD-25MAY2019-T105999.99,DELTA,55,21000,62,1303,958,yes,51,2000
2025-05-20T15:24:52.536791,KXBTCD-25MAY2019-T105999.99,DELTA,55,1000,62,1303,959,yes,55,-20000
2025-05-20T15:24:52.596667,KXBTCD-25MAY2019-T105999.99,DELTA,55,1000,62,1303,960,yes,54,20000
2025-05-20T15:24:52.956621,KXBTCD-25MAY2019-T105999.99,DELTA,55,1000,62,1303,961,yes,54,-20000
2025-05-20T15:24:52.957190,KXBTCD-25MAY2019-T105999.99,DELTA,55,1000,62,1303,962,yes,51,-2000
2025-05-20T15:24:52.977770,KXBTCD-25MAY2019-T105999.99,DELTA,55,1000,62,1303,963,no,36,-2000
2025-05-20T15:24:52.978204,KXBTCD-25MAY2019-T105999.99,DELTA,55,1000,62,1303,964,no,34,-1250
2025-05-20T15:24:52.997091,KXBTCD-25MAY2019-T105999.99,DELTA,55,1000,62,1303,965,no,23,-3000
2025-05-20T15:24:53.057552,KXBTCD-25MAY2019-T105999.99,DELTA,55,21000,62,1303,966,yes,55,20000
2025-05-20T15:24:53.058326,KXBTCD-25MAY2019-T105999.99,DELTA,55,21000,62,1303,967,no,33,1250
2025-05-20T15:24:53.058822,KXBTCD-25MAY2019-T105999.99,DELTA,55,21000,62,1303,968,yes,54,2000
2025-05-20T15:24:53.059246,KXBTCD-25MAY2019-T105999.99,DELTA,55,21000,62,1303,969,no,35,2000
2025-05-20T15:24:53.076739,KXBTCD-25MAY2019-T105999.99,DELTA,55,21000,62,1303,970,no,15,3000
2025-05-20T15:24:53.157502,KXBTCD-25MAY2019-T105999.99,DELTA,55,21000,62,1303,971,yes,54,-772
2025-05-20T15:24:53.177411,KXBTCD-25MAY2019-T105999.99,DELTA,55,21000,62,1303,972,no,28,250
2025-05-20T15:24:53.197398,KXBTCD-25MAY2019-T105999.99,DELTA,55,21000,62,1053,973,no,38,-250
2025-05-20T15:24:53.198560,KXBTCD-25MAY2019-T105999.99,DELTA,55,21000,62,1053,974,yes,52,250
2025-05-20T15:24:53.216260,KXBTCD-25MAY2019-T105999.99,DELTA,55,21000,62,1053,975,yes,42,-250
2025-05-20T15:24:53.276693,KXBTCD-25MAY2019-T105999.99,DELTA,55,21772,62,1053,976,yes,55,772
2025-05-20T15:24:53.347046,KXBTCD-25MAY2019-T105999.99,DELTA,55,21772,62,1053,977,yes,51,-1250
2025-05-20T15:24:53.422589,KXBTCD-25MAY2019-T105999.99,DELTA,55,20772,62,1053,978,yes,55,-1000
2025-05-20T15:24:53.423381,KXBTCD-25MAY2019-T105999.99,DELTA,55,20772,62,1053,979,yes,52,1250
2025-05-20T15:24:53.424121,KXBTCD-25MAY2019-T105999.99,DELTA,56,1000,62,1053,980,yes,56,1000
2025-05-20T15:24:53.658583,KXBTCD-25MAY2019-T105999.99,DELTA,56,1000,62,1053,981,yes,55,-772
2025-05-20T15:24:53.697376,KXBTCD-25MAY2019-T105999.99,DELTA,56,1000,62,1053,982,yes,55,-20000
2025-05-20T15:24:53.698581,KXBTCD-25MAY2019-T105999.99,DELTA,56,1000,62,1053,983,yes,54,772
2025-05-20T15:24:53.699022,KXBTCD-25MAY2019-T105999.99,DELTA,56,1000,62,1053,984,yes,54,-2000
2025-05-20T15:24:53.716938,KXBTCD-25MAY2019-T105999.99,DELTA,56,1000,62,1053,985,yes,52,-1250
2025-05-20T15:24:53.717624,KXBTCD-25MAY2019-T105999.99,DELTA,56,1000,62,1053,986,no,35,-2000
2025-05-20T15:24:53.718295,KXBTCD-25MAY2019-T105999.99,DELTA,54,14611,62,1053,987,yes,56,-1000
2025-05-20T15:24:53.736957,KXBTCD-25MAY2019-T105999.99,DELTA,54,14611,62,1053,988,no,33,-1250
2025-05-20T15:24:53.796563,KXBTCD-25MAY2019-T105999.99,DELTA,55,1000,62,1053,989,yes,55,1000
2025-05-20T15:24:53.818127,KXBTCD-25MAY2019-T105999.99,DELTA,55,1000,62,1053,990,yes,51,1250
2025-05-20T15:24:53.819055,KXBTCD-25MAY2019-T105999.99,DELTA,55,1000,62,1053,991,yes,53,2000
2025-05-20T15:24:53.820104,KXBTCD-25MAY2019-T105999.99,DELTA,55,1000,62,1053,992,no,36,2000
2025-05-20T15:24:53.820777,KXBTCD-25MAY2019-T105999.99,DELTA,55,1000,62,1053,993,yes,54,20000
2025-05-20T15:24:53.821349,KXBTCD-25MAY2019-T105999.99,DELTA,55,1000,62,1053,994,no,34,1250
2025-05-20T15:24:54.158791,KXBTCD-25MAY2019-T105999.99,DELTA,55,1000,62,1303,995,no,38,250
2025-05-20T15:24:54.159749,KXBTCD-25MAY2019-T105999.99,DELTA,55,1000,62,1303,996,no,28,-250
2025-05-20T15:24:54.477298,KXBTCD-25MAY2019-T105999.99,DELTA,55,1000,62,1303,997,yes,54,-100
2025-05-20T15:24:55.316771,KXBTCD-25MAY2019-T105999.99,DELTA,55,1000,62,1303,998,yes,54,100
2025-05-20T15:24:55.808712,KXBTCD-25MAY2019-T105999.99,DELTA,55,1000,62,1303,999,yes,54,-100
2025-05-20T15:24:55.919600,KXBTCD-25MAY2019-T105999.99,DELTA,55,1000,62,1303,1000,yes,54,-20000
2025-05-20T15:24:55.937862,KXBTCD-25MAY2019-T105999.99,DELTA,55,1000,62,1303,1001,yes,51,-1250
2025-05-20T15:24:55.977586,KXBTCD-25MAY2019-T105999.99,DELTA,55,1000,62,1303,1002,yes,52,1250
2025-05-20T15:24:55.978457,KXBTCD-25MAY2019-T105999.99,DELTA,55,21000,62,1303,1003,yes,55,20000
2025-05-20T15:24:56.456410,KXBTCD-25MAY2019-T105999.99,DELTA,55,21100,62,1303,1004,yes,55,100
2025-05-20T15:24:56.516021,KXBTCD-25MAY2019-T105999.99,DELTA,55,20100,62,1303,1005,yes,55,-1000
2025-05-20T15:24:56.557125,KXBTCD-25MAY2019-T105999.99,DELTA,56,1000,62,1303,1006,yes,56,1000
2025-05-20T15:24:57.356819,KXBTCD-25MAY2019-T105999.99,DELTA,56,1000,62,1303,1007,yes,55,-20000
2025-05-20T15:24:57.397233,KXBTCD-25MAY2019-T105999.99,DELTA,56,1000,62,1303,1008,yes,54,20000
2025-05-20T15:24:57.637049,KXBTCD-25MAY2019-T105999.99,DELTA,56,1000,62,1303,1009,yes,52,-1250
2025-05-20T15:24:57.677930,KXBTCD-25MAY2019-T105999.99,DELTA,56,1000,62,1303,1010,yes,51,1250
2025-05-20T15:24:58.678827,KXBTCD-25MAY2019-T105999.99,DELTA,56,1000,62,1303,1011,yes,54,-20000
2025-05-20T15:24:58.679543,KXBTCD-25MAY2019-T105999.99,DELTA,56,1000,62,1303,1012,yes,51,-1250
2025-05-20T15:24:58.756909,KXBTCD-25MAY2019-T105999.99,DELTA,56,1000,62,1303,1013,yes,54,20000
2025-05-20T15:24:58.757558,KXBTCD-25MAY2019-T105999.99,DELTA,56,1000,62,1303,1014,yes,51,1250
2025-05-20T15:24:59.516495,KXBTCD-25MAY2019-T105999.99,DELTA,56,1000,62,1303,1015,yes,51,-25
2025-05-20T15:24:59.516619,KXBTCD-25MAY2019-T105999.99,DELTA,56,1000,62,1303,1016,yes,52,25
2025-05-20T15:24:59.536840,KXBTCD-25MAY2019-T105999.99,DELTA,56,1000,62,1303,1017,yes,54,-20000
2025-05-20T15:24:59.537171,KXBTCD-25MAY2019-T105999.99,DELTA,56,1000,62,1303,1018,yes,53,-2000
2025-05-20T15:24:59.555302,KXBTCD-25MAY2019-T105999.99,DELTA,56,1000,62,1303,1019,yes,51,-1250
2025-05-20T15:24:59.555406,KXBTCD-25MAY2019-T105999.99,DELTA,56,1000,62,1303,1020,no,36,-2000
2025-05-20T15:24:59.575683,KXBTCD-25MAY2019-T105999.99,DELTA,56,1000,62,1303,1021,no,34,-1250
2025-05-20T15:24:59.636276,KXBTCD-25MAY2019-T105999.99,DELTA,56,1000,62,1303,1022,yes,52,1250
2025-05-20T15:24:59.636503,KXBTCD-25MAY2019-T105999.99,DELTA,56,1000,62,1303,1023,yes,54,2000
2025-05-20T15:24:59.636665,KXBTCD-25MAY2019-T105999.99,DELTA,56,1000,62,1303,1024,no,33,1250
2025-05-20T15:24:59.636800,KXBTCD-25MAY2019-T105999.99,DELTA,56,1000,62,1303,1025,no,35,2000
2025-05-20T15:24:59.636926,KXBTCD-25MAY2019-T105999.99,DELTA,56,1000,62,1303,1026,yes,55,20000
2025-05-20T15:25:00.038011,KXBTCD-25MAY2019-T105999.99,DELTA,56,1000,62,1303,1027,yes,54,-772
2025-05-20T15:25:00.058718,KXBTCD-25MAY2019-T105999.99,DELTA,56,1000,62,1053,1028,no,38,-250
2025-05-20T15:25:00.077133,KXBTCD-25MAY2019-T105999.99,DELTA,56,1000,62,1053,1029,yes,54,-2000
2025-05-20T15:25:00.077867,KXBTCD-25MAY2019-T105999.99,DELTA,56,1000,62,1053,1030,no,28,250
2025-05-20T15:25:00.097134,KXBTCD-25MAY2019-T105999.99,DELTA,56,1000,62,1053,1031,yes,52,-1250
2025-05-20T15:25:00.097957,KXBTCD-25MAY2019-T105999.99,DELTA,56,1000,62,1053,1032,no,35,-2000
2025-05-20T15:25:00.117532,KXBTCD-25MAY2019-T105999.99,DELTA,56,1000,62,53,1033,no,38,-1000
2025-05-20T15:25:00.117811,KXBTCD-25MAY2019-T105999.99,DELTA,56,1000,62,53,1034,no,33,-1250
2025-05-20T15:25:00.118086,KXBTCD-25MAY2019-T105999.99,DELTA,56,1000,62,53,1035,yes,55,772
2025-05-20T15:25:00.138886,KXBTCD-25MAY2019-T105999.99,DELTA,56,1000,62,53,1036,yes,54,-13739
2025-05-20T15:25:00.139584,KXBTCD-25MAY2019-T105999.99,DELTA,56,14739,62,53,1037,yes,56,13739
2025-05-20T15:25:00.178408,KXBTCD-25MAY2019-T105999.99,DELTA,56,14739,62,53,1038,no,36,-250
2025-05-20T15:25:00.200242,KXBTCD-25MAY2019-T105999.99,DELTA,56,14739,62,53,1039,no,36,1000
2025-05-20T15:25:00.200765,KXBTCD-25MAY2019-T105999.99,DELTA,56,14739,62,53,1040,yes,44,-250
2025-05-20T15:25:00.201063,KXBTCD-25MAY2019-T105999.99,DELTA,56,14739,62,53,1041,no,32,1250
2025-05-20T15:25:00.201406,KXBTCD-25MAY2019-T105999.99,DELTA,56,14739,62,53,1042,no,34,2000
2025-05-20T15:25:00.201827,KXBTCD-25MAY2019-T105999.99,DELTA,56,14739,62,53,1043,yes,53,1250
2025-05-20T15:25:00.202082,KXBTCD-25MAY2019-T105999.99,DELTA,56,14739,62,53,1044,yes,55,2000
2025-05-20T15:25:00.217394,KXBTCD-25MAY2019-T105999.99,DELTA,56,14739,62,53,1045,no,26,250
2025-05-20T15:25:00.236501,KXBTCD-25MAY2019-T105999.99,DELTA,56,14739,62,53,1046,yes,54,250
2025-05-20T15:25:00.257088,KXBTCD-25MAY2019-T105999.99,DELTA,56,14739,62,53,1047,yes,55,-20000
2025-05-20T15:25:00.275962,KXBTCD-25MAY2019-T105999.99,DELTA,56,13739,62,53,1048,yes,56,-1000
2025-05-20T15:25:00.276091,KXBTCD-25MAY2019-T105999.99,DELTA,56,13739,62,53,1049,no,36,-1000
2025-05-20T15:25:00.356532,KXBTCD-25MAY2019-T105999.99,DELTA,56,13739,66,2250,1050,no,38,-53
2025-05-20T15:25:00.356740,KXBTCD-25MAY2019-T105999.99,DELTA,62,147,66,2250,1051,yes,62,147
2025-05-20T15:25:00.396967,KXBTCD-25MAY2019-T105999.99,DELTA,62,147,66,2250,1052,yes,57,1000
2025-05-20T15:25:00.397502,KXBTCD-25MAY2019-T105999.99,DELTA,62,147,66,2250,1053,yes,56,20000
2025-05-20T15:25:00.397818,KXBTCD-25MAY2019-T105999.99,DELTA,62,147,66,2250,1054,no,32,-1250
2025-05-20T15:25:00.398215,KXBTCD-25MAY2019-T105999.99,DELTA,62,147,65,1000,1055,no,35,1000
2025-05-20T15:25:00.416868,KXBTCD-25MAY2019-T105999.99,DELTA,62,122,65,1000,1056,yes,62,-25
2025-05-20T15:25:00.456147,KXBTCD-25MAY2019-T105999.99,DELTA,62,122,65,1000,1057,no,33,1250
2025-05-20T15:25:00.456825,KXBTCD-25MAY2019-T105999.99,DELTA,62,122,65,1000,1058,yes,55,-100
2025-05-20T15:25:00.607985,KXBTCD-25MAY2019-T105999.99,DELTA,62,122,65,1000,1059,yes,56,-20000
2025-05-20T15:25:00.621757,KXBTCD-25MAY2019-T105999.99,DELTA,62,122,65,1000,1060,yes,55,-2000
2025-05-20T15:25:00.622409,KXBTCD-25MAY2019-T105999.99,DELTA,62,122,65,1000,1061,yes,53,-1250
2025-05-20T15:25:00.637276,KXBTCD-25MAY2019-T105999.99,DELTA,62,122,65,1000,1062,no,34,-2000
2025-05-20T15:25:00.688137,KXBTCD-25MAY2019-T105999.99,DELTA,62,122,65,3000,1063,no,35,2000
