timestamp,market_ticker,type,yes_bid_price_cents,yes_bid_qty,yes_ask_price_cents,yes_ask_qty_on_no_side,sequence_num,delta_side,delta_price_cents,delta_quantity
2025-05-20T13:04:05.201618,KXBTCD-25MAY2017-T105999.99,SNAPSHOT,89,1000,91,14,1,,,
2025-05-20T13:04:05.248321,KXBTCD-25MAY2017-T105999.99,DELTA,89,1000,91,14,2,yes,4,-8100
2025-05-20T13:04:05.248711,KXBTCD-25MAY2017-T105999.99,DELTA,89,1000,91,14,3,yes,6,5400
2025-05-20T13:04:05.307597,KXBTCD-25MAY2017-T105999.99,DELTA,89,1000,91,14,4,yes,5,-20000
2025-05-20T13:04:05.347297,KXBTCD-25MAY2017-T105999.99,DELTA,89,1000,91,14,5,yes,7,20000
2025-05-20T13:04:05.347498,KXBTCD-25MAY2017-T105999.99,DELTA,89,1000,91,14,6,no,3,-9
2025-05-20T13:04:06.789491,KXBTCD-25MAY2017-T105999.99,DELTA,89,1000,91,14,7,yes,6,-5400
2025-05-20T13:04:06.790614,KXBTCD-25MAY2017-T105999.99,DELTA,89,1000,91,14,8,yes,8,4050
2025-05-20T13:04:06.849596,KXBTCD-25MAY2017-T105999.99,DELTA,89,1000,91,14,9,yes,7,-20000
2025-05-20T13:04:06.938621,KXBTCD-25MAY2017-T105999.99,DELTA,89,1000,91,14,10,yes,9,20000
2025-05-20T13:04:07.486954,KXBTCD-25MAY2017-T105999.99,DELTA,89,1000,91,14,11,no,1,-2000
2025-05-20T13:04:07.487772,KXBTCD-25MAY2017-T105999.99,DELTA,89,1000,91,14,12,no,4,-1000
2025-05-20T13:04:07.507602,KXBTCD-25MAY2017-T105999.99,DELTA,89,1000,91,14,13,no,2,-80000
2025-05-20T13:04:07.567399,KXBTCD-25MAY2017-T105999.99,DELTA,89,1000,91,14,14,no,1,80000
2025-05-20T13:04:07.568142,KXBTCD-25MAY2017-T105999.99,DELTA,89,1000,91,14,15,no,2,1000
2025-05-20T13:04:07.587243,KXBTCD-25MAY2017-T105999.99,DELTA,89,1000,91,14,16,yes,8,-4050
2025-05-20T13:04:07.587692,KXBTCD-25MAY2017-T105999.99,DELTA,89,1000,91,14,17,yes,10,3240
2025-05-20T13:04:07.750045,KXBTCD-25MAY2017-T105999.99,DELTA,89,1000,91,14,18,yes,9,-20000
2025-05-20T13:04:07.750906,KXBTCD-25MAY2017-T105999.99,DELTA,89,1000,91,14,19,yes,11,20000
2025-05-20T13:04:07.751631,KXBTCD-25MAY2017-T105999.99,DELTA,89,1000,91,14,20,yes,81,-14
2025-05-20T13:04:07.752285,KXBTCD-25MAY2017-T105999.99,DELTA,89,1000,91,14,21,yes,83,14
2025-05-20T13:04:07.768798,KXBTCD-25MAY2017-T105999.99,DELTA,89,1000,94,500,22,no,9,-14
2025-05-20T13:04:07.769466,KXBTCD-25MAY2017-T105999.99,DELTA,89,1000,93,14,23,no,7,14
2025-05-20T13:04:08.412619,KXBTCD-25MAY2017-T105999.99,DELTA,89,1000,93,14,24,yes,10,-3240
2025-05-20T13:04:08.413372,KXBTCD-25MAY2017-T105999.99,DELTA,89,1000,93,14,25,yes,12,2700
2025-05-20T13:04:08.469479,KXBTCD-25MAY2017-T105999.99,DELTA,89,1000,93,14,26,yes,11,-20000
2025-05-20T13:04:08.580264,KXBTCD-25MAY2017-T105999.99,DELTA,89,1000,93,14,27,yes,88,-100
2025-05-20T13:04:08.653670,KXBTCD-25MAY2017-T105999.99,DELTA,83,44,93,14,28,yes,89,-1000
2025-05-20T13:04:08.678043,KXBTCD-25MAY2017-T105999.99,DELTA,84,1000,93,14,29,yes,84,1000
2025-05-20T13:04:09.207018,KXBTCD-25MAY2017-T105999.99,DELTA,84,1000,93,14,30,yes,12,-2700
2025-05-20T13:04:09.207431,KXBTCD-25MAY2017-T105999.99,DELTA,84,1000,93,14,31,yes,4,8100
2025-05-20T13:04:09.320696,KXBTCD-25MAY2017-T105999.99,DELTA,84,1000,93,14,32,yes,5,20000
2025-05-20T13:04:09.488155,KXBTCD-25MAY2017-T105999.99,DELTA,88,100,93,14,33,yes,88,100
2025-05-20T13:04:09.548278,KXBTCD-25MAY2017-T105999.99,DELTA,88,100,93,14,34,yes,84,-1000
2025-05-20T13:04:09.568572,KXBTCD-25MAY2017-T105999.99,DELTA,89,1000,93,14,35,yes,89,1000
2025-05-20T13:04:09.848920,KXBTCD-25MAY2017-T105999.99,DELTA,89,1000,93,14,36,no,2,-1000
2025-05-20T13:04:09.849975,KXBTCD-25MAY2017-T105999.99,DELTA,89,1000,93,14,37,yes,81,-2000
2025-05-20T13:04:09.850748,KXBTCD-25MAY2017-T105999.99,DELTA,89,1000,93,14,38,yes,5,-20000
2025-05-20T13:04:09.851423,KXBTCD-25MAY2017-T105999.99,DELTA,88,100,93,14,39,yes,89,-1000
2025-05-20T13:04:09.948306,KXBTCD-25MAY2017-T105999.99,DELTA,88,100,93,14,40,yes,80,-500
2025-05-20T13:04:09.949264,KXBTCD-25MAY2017-T105999.99,DELTA,88,100,93,14,41,no,6,-500
2025-05-20T13:04:10.029888,KXBTCD-25MAY2017-T105999.99,DELTA,88,100,93,14,42,yes,82,500
2025-05-20T13:04:10.030052,KXBTCD-25MAY2017-T105999.99,DELTA,88,100,93,14,43,no,5,500
2025-05-20T13:04:10.148517,KXBTCD-25MAY2017-T105999.99,DELTA,88,100,93,14,44,no,1,-80000
2025-05-20T13:04:10.370482,KXBTCD-25MAY2017-T105999.99,DELTA,88,100,93,14,45,yes,84,30
2025-05-20T13:04:10.370721,KXBTCD-25MAY2017-T105999.99,DELTA,88,100,93,14,46,yes,83,-30
2025-05-20T13:04:10.371097,KXBTCD-25MAY2017-T105999.99,DELTA,88,100,93,14,47,no,4,-30
2025-05-20T13:04:10.371218,KXBTCD-25MAY2017-T105999.99,DELTA,88,100,93,14,48,no,3,30
2025-05-20T13:04:10.447845,KXBTCD-25MAY2017-T105999.99,DELTA,88,100,93,14,49,yes,83,2000
2025-05-20T13:04:10.789393,KXBTCD-25MAY2017-T105999.99,DELTA,84,30,93,14,50,yes,88,-100
2025-05-20T13:04:10.790114,KXBTCD-25MAY2017-T105999.99,DELTA,84,30,93,14,51,no,1,80000
2025-05-20T13:04:10.966682,KXBTCD-25MAY2017-T105999.99,DELTA,84,30,93,14,52,no,3,1000
2025-05-20T13:04:11.128546,KXBTCD-25MAY2017-T105999.99,DELTA,85,1000,93,14,53,yes,85,1000
2025-05-20T13:04:11.942854,KXBTCD-25MAY2017-T105999.99,DELTA,85,1000,93,14,54,no,3,-1000
2025-05-20T13:04:11.948042,KXBTCD-25MAY2017-T105999.99,DELTA,85,1000,93,14,55,no,1,-80000
2025-05-20T13:04:12.008913,KXBTCD-25MAY2017-T105999.99,DELTA,85,1000,93,14,56,no,2,1000
2025-05-20T13:04:12.047870,KXBTCD-25MAY2017-T105999.99,DELTA,88,100,93,14,57,yes,88,100
2025-05-20T13:04:12.109299,KXBTCD-25MAY2017-T105999.99,DELTA,88,100,93,14,58,yes,85,-1000
2025-05-20T13:04:12.169770,KXBTCD-25MAY2017-T105999.99,DELTA,89,1000,93,14,59,yes,89,1000
2025-05-20T13:04:12.992531,KXBTCD-25MAY2017-T105999.99,DELTA,89,990,93,14,60,yes,89,-10
2025-05-20T13:04:15.170592,KXBTCD-25MAY2017-T105999.99,DELTA,89,990,93,14,61,no,5,-500
2025-05-20T13:04:15.206422,KXBTCD-25MAY2017-T105999.99,DELTA,89,990,93,14,62,no,4,500
2025-05-20T13:04:15.349463,KXBTCD-25MAY2017-T105999.99,DELTA,89,990,93,14,63,yes,83,-14
2025-05-20T13:04:15.349942,KXBTCD-25MAY2017-T105999.99,DELTA,89,990,93,14,64,yes,85,14
2025-05-20T13:04:15.350467,KXBTCD-25MAY2017-T105999.99,DELTA,89,990,96,600,65,no,7,-14
2025-05-20T13:04:15.367287,KXBTCD-25MAY2017-T105999.99,DELTA,89,990,94,14,66,no,6,14
2025-05-20T13:04:23.007056,KXBTCD-25MAY2017-T105999.99,DELTA,89,990,94,14,67,yes,88,-100
2025-05-20T13:04:23.188788,KXBTCD-25MAY2017-T105999.99,DELTA,85,14,94,14,68,yes,89,-990
2025-05-20T13:04:23.307776,KXBTCD-25MAY2017-T105999.99,DELTA,85,1014,94,14,69,yes,85,1000
2025-05-20T13:04:24.428424,KXBTCD-25MAY2017-T105999.99,DELTA,89,100,94,14,70,yes,89,100
2025-05-20T13:04:24.527623,KXBTCD-25MAY2017-T105999.99,DELTA,89,100,94,14,71,yes,85,-1000
2025-05-20T13:04:24.528726,KXBTCD-25MAY2017-T105999.99,DELTA,90,1000,94,14,72,yes,90,1000
2025-05-20T13:04:29.827795,KXBTCD-25MAY2017-T105999.99,DELTA,90,1000,94,14,73,yes,82,-500
2025-05-20T13:04:29.846954,KXBTCD-25MAY2017-T105999.99,DELTA,90,1000,94,14,74,no,4,-500
2025-05-20T13:04:29.868245,KXBTCD-25MAY2017-T105999.99,DELTA,90,1000,94,14,75,yes,83,-2000
2025-05-20T13:04:29.927613,KXBTCD-25MAY2017-T105999.99,DELTA,90,1000,94,14,76,yes,84,500
2025-05-20T13:04:29.928480,KXBTCD-25MAY2017-T105999.99,DELTA,90,1000,94,14,77,yes,61,2000
2025-05-20T13:04:29.929161,KXBTCD-25MAY2017-T105999.99,DELTA,90,1000,94,14,78,no,3,500
2025-05-20T13:04:29.987996,KXBTCD-25MAY2017-T105999.99,DELTA,90,1000,94,14,79,yes,61,-2000
2025-05-20T13:04:30.026938,KXBTCD-25MAY2017-T105999.99,DELTA,90,1000,94,14,80,yes,85,2000
2025-05-20T13:04:34.543188,KXBTCD-25MAY2017-T105999.99,DELTA,90,1000,94,14,81,yes,84,-30
2025-05-20T13:04:34.544370,KXBTCD-25MAY2017-T105999.99,DELTA,90,1000,94,14,82,yes,86,30
2025-05-20T13:04:34.545100,KXBTCD-25MAY2017-T105999.99,DELTA,90,1000,94,14,83,no,3,-30
2025-05-20T13:04:34.545724,KXBTCD-25MAY2017-T105999.99,DELTA,90,1000,94,14,84,no,1,30
2025-05-20T13:04:35.590000,KXBTCD-25MAY2017-T105999.99,DELTA,90,1000,94,14,85,yes,84,-500
2025-05-20T13:04:35.590324,KXBTCD-25MAY2017-T105999.99,DELTA,90,1000,94,14,86,yes,85,-2000
2025-05-20T13:04:35.590482,KXBTCD-25MAY2017-T105999.99,DELTA,90,1000,94,14,87,yes,83,500
2025-05-20T13:04:35.590618,KXBTCD-25MAY2017-T105999.99,DELTA,90,1000,94,14,88,yes,61,2000
2025-05-20T13:04:35.628983,KXBTCD-25MAY2017-T105999.99,DELTA,90,1000,94,14,89,yes,61,-2000
2025-05-20T13:04:35.667966,KXBTCD-25MAY2017-T105999.99,DELTA,90,1000,94,14,90,yes,84,2000
2025-05-20T13:04:35.706422,KXBTCD-25MAY2017-T105999.99,DELTA,90,1000,94,14,91,yes,83,-500
2025-05-20T13:04:35.727784,KXBTCD-25MAY2017-T105999.99,DELTA,90,1000,94,14,92,no,3,-500
2025-05-20T13:04:35.788237,KXBTCD-25MAY2017-T105999.99,DELTA,90,1000,94,14,93,yes,84,-2000
2025-05-20T13:04:35.808119,KXBTCD-25MAY2017-T105999.99,DELTA,90,1000,94,14,94,yes,84,500
2025-05-20T13:04:35.828002,KXBTCD-25MAY2017-T105999.99,DELTA,90,1000,94,14,95,no,3,500
2025-05-20T13:04:35.828815,KXBTCD-25MAY2017-T105999.99,DELTA,90,1000,94,14,96,yes,61,2000
2025-05-20T13:04:35.905736,KXBTCD-25MAY2017-T105999.99,DELTA,90,1000,94,14,97,yes,61,-2000
2025-05-20T13:04:35.926300,KXBTCD-25MAY2017-T105999.99,DELTA,90,1000,94,14,98,yes,85,2000
2025-05-20T13:04:36.996259,KXBTCD-25MAY2017-T105999.99,DELTA,90,1000,94,14,99,yes,86,14
2025-05-20T13:04:36.997340,KXBTCD-25MAY2017-T105999.99,DELTA,90,1000,94,14,100,yes,85,-14
2025-05-20T13:04:36.998081,KXBTCD-25MAY2017-T105999.99,DELTA,90,1000,94,14,101,no,4,14
2025-05-20T13:04:36.998715,KXBTCD-25MAY2017-T105999.99,DELTA,90,1000,96,114,102,no,6,-14
2025-05-20T13:04:37.207633,KXBTCD-25MAY2017-T105999.99,DELTA,90,1000,96,14,103,no,4,-100
2025-05-20T13:04:37.229534,KXBTCD-25MAY2017-T105999.99,DELTA,90,1000,96,14,104,yes,89,-100
2025-05-20T13:04:37.287646,KXBTCD-25MAY2017-T105999.99,DELTA,86,44,96,14,105,yes,90,-1000
2025-05-20T13:04:37.326705,KXBTCD-25MAY2017-T105999.99,DELTA,87,1000,96,14,106,yes,87,1000
2025-05-20T13:04:38.238095,KXBTCD-25MAY2017-T105999.99,DELTA,87,1000,96,14,107,no,2,100
2025-05-20T13:04:38.239990,KXBTCD-25MAY2017-T105999.99,DELTA,90,100,96,14,108,yes,90,100
2025-05-20T13:04:38.241623,KXBTCD-25MAY2017-T105999.99,DELTA,90,100,96,14,109,yes,87,-1000
2025-05-20T13:04:38.268256,KXBTCD-25MAY2017-T105999.99,DELTA,91,1000,96,14,110,yes,91,1000
2025-05-20T13:04:42.355535,KXBTCD-25MAY2017-T105999.99,DELTA,91,1000,96,14,111,yes,90,-100
2025-05-20T13:04:42.356477,KXBTCD-25MAY2017-T105999.99,DELTA,86,44,96,14,112,yes,91,-1000
2025-05-20T13:04:42.389178,KXBTCD-25MAY2017-T105999.99,DELTA,87,1000,96,14,113,yes,87,1000
2025-05-20T13:04:42.988405,KXBTCD-25MAY2017-T105999.99,DELTA,91,100,96,14,114,yes,91,100
2025-05-20T13:04:43.007808,KXBTCD-25MAY2017-T105999.99,DELTA,91,100,96,14,115,no,3,-500
2025-05-20T13:04:43.047297,KXBTCD-25MAY2017-T105999.99,DELTA,91,100,96,14,116,no,2,500
2025-05-20T13:04:43.048214,KXBTCD-25MAY2017-T105999.99,DELTA,91,100,96,14,117,yes,87,-1000
2025-05-20T13:04:43.088320,KXBTCD-25MAY2017-T105999.99,DELTA,92,1000,96,14,118,yes,92,1000
2025-05-20T13:04:43.401940,KXBTCD-25MAY2017-T105999.99,DELTA,92,1000,96,14,119,no,2,-1000
2025-05-20T13:04:43.427531,KXBTCD-25MAY2017-T105999.99,DELTA,92,1000,96,14,120,no,1,1000
2025-05-20T13:04:47.647777,KXBTCD-25MAY2017-T105999.99,DELTA,92,1000,96,14,121,no,1,-1000
2025-05-20T13:04:47.688606,KXBTCD-25MAY2017-T105999.99,DELTA,92,1000,96,14,122,no,2,1000
2025-05-20T13:04:50.245415,KXBTCD-25MAY2017-T105999.99,DELTA,92,1000,96,14,123,no,2,-1000
2025-05-20T13:04:50.306959,KXBTCD-25MAY2017-T105999.99,DELTA,92,1000,96,14,124,no,1,1000
2025-05-20T13:04:51.130421,KXBTCD-25MAY2017-T105999.99,DELTA,92,1000,96,14,125,no,1,-1000
2025-05-20T13:04:51.166930,KXBTCD-25MAY2017-T105999.99,DELTA,92,1000,96,14,126,no,2,1000
2025-05-20T13:04:51.387593,KXBTCD-25MAY2017-T105999.99,DELTA,92,1000,96,14,127,no,2,-1000
2025-05-20T13:04:51.427422,KXBTCD-25MAY2017-T105999.99,DELTA,92,1000,96,14,128,no,1,1000
2025-05-20T13:04:51.889042,KXBTCD-25MAY2017-T105999.99,DELTA,92,1000,96,14,129,no,1,-1000
2025-05-20T13:04:51.928511,KXBTCD-25MAY2017-T105999.99,DELTA,92,1000,96,14,130,no,2,1000
2025-05-20T13:05:01.231722,KXBTCD-25MAY2017-T105999.99,DELTA,92,1000,96,14,131,yes,80,500
2025-05-20T13:05:01.233725,KXBTCD-25MAY2017-T105999.99,DELTA,92,1000,96,14,132,yes,84,500
2025-05-20T13:05:01.388536,KXBTCD-25MAY2017-T105999.99,DELTA,92,1000,96,14,133,yes,88,500
2025-05-20T13:05:01.407839,KXBTCD-25MAY2017-T105999.99,DELTA,92,1000,96,14,134,yes,82,500
2025-05-20T13:05:01.408764,KXBTCD-25MAY2017-T105999.99,DELTA,92,1000,96,14,135,yes,86,500
2025-05-20T13:05:01.447773,KXBTCD-25MAY2017-T105999.99,DELTA,92,1000,96,14,136,yes,85,-2000
2025-05-20T13:05:01.567703,KXBTCD-25MAY2017-T105999.99,DELTA,92,1000,96,14,137,yes,89,2000
2025-05-20T13:05:01.787701,KXBTCD-25MAY2017-T105999.99,DELTA,92,1000,96,14,138,yes,89,1250
2025-05-20T13:05:05.948204,KXBTCD-25MAY2017-T105999.99,DELTA,92,1000,96,14,139,yes,91,-100
2025-05-20T13:05:05.949167,KXBTCD-25MAY2017-T105999.99,DELTA,92,1000,96,14,140,no,2,-100
2025-05-20T13:05:06.187201,KXBTCD-25MAY2017-T105999.99,DELTA,89,3250,96,14,141,yes,92,-1000
2025-05-20T13:05:06.229596,KXBTCD-25MAY2017-T105999.99,DELTA,89,4250,96,14,142,yes,89,1000
2025-05-20T13:05:06.828130,KXBTCD-25MAY2017-T105999.99,DELTA,89,4250,96,14,143,yes,85,14
2025-05-20T13:05:06.849413,KXBTCD-25MAY2017-T105999.99,DELTA,89,4250,96,14,144,yes,86,-14
2025-05-20T13:05:06.850306,KXBTCD-25MAY2017-T105999.99,DELTA,89,4250,94,14,145,no,6,14
2025-05-20T13:05:06.851062,KXBTCD-25MAY2017-T105999.99,DELTA,89,4250,94,14,146,no,4,-14
2025-05-20T13:05:06.996258,KXBTCD-25MAY2017-T105999.99,DELTA,89,4350,94,14,147,yes,89,100
2025-05-20T13:05:06.997231,KXBTCD-25MAY2017-T105999.99,DELTA,89,4350,94,14,148,no,3,100
2025-05-20T13:05:07.068754,KXBTCD-25MAY2017-T105999.99,DELTA,89,3350,94,14,149,yes,89,-1000
2025-05-20T13:05:07.128309,KXBTCD-25MAY2017-T105999.99,DELTA,89,3350,94,14,150,yes,78,500
2025-05-20T13:05:07.129059,KXBTCD-25MAY2017-T105999.99,DELTA,89,3350,94,14,151,yes,88,-500
2025-05-20T13:05:07.267675,KXBTCD-25MAY2017-T105999.99,DELTA,89,1350,94,14,152,yes,89,-2000
2025-05-20T13:05:07.287288,KXBTCD-25MAY2017-T105999.99,DELTA,89,100,94,14,153,yes,89,-1250
2025-05-20T13:05:07.388102,KXBTCD-25MAY2017-T105999.99,DELTA,89,100,94,14,154,yes,87,1250
2025-05-20T13:05:07.518442,KXBTCD-25MAY2017-T105999.99,DELTA,90,1000,94,14,155,yes,90,1000
2025-05-20T13:05:07.587843,KXBTCD-25MAY2017-T105999.99,DELTA,90,1000,94,14,156,yes,87,2000
2025-05-20T13:05:08.790146,KXBTCD-25MAY2017-T105999.99,DELTA,90,1000,94,14,157,yes,5,20000
2025-05-20T13:05:09.160479,KXBTCD-25MAY2017-T105999.99,DELTA,90,1000,94,14,158,yes,88,500
2025-05-20T13:05:09.161494,KXBTCD-25MAY2017-T105999.99,DELTA,90,1000,94,14,159,yes,78,-500
2025-05-20T13:05:09.808255,KXBTCD-25MAY2017-T105999.99,DELTA,90,1000,94,14,160,yes,87,-2000
2025-05-20T13:05:09.828253,KXBTCD-25MAY2017-T105999.99,DELTA,90,1000,94,14,161,yes,87,-1250
2025-05-20T13:05:10.048815,KXBTCD-25MAY2017-T105999.99,DELTA,90,1000,94,14,162,yes,89,2000
2025-05-20T13:05:10.276767,KXBTCD-25MAY2017-T105999.99,DELTA,90,1000,94,14,163,yes,89,-100
2025-05-20T13:05:10.347332,KXBTCD-25MAY2017-T105999.99,DELTA,89,2000,94,14,164,yes,90,-1000
2025-05-20T13:05:10.564364,KXBTCD-25MAY2017-T105999.99,DELTA,89,2000,94,14,165,yes,4,-8100
2025-05-20T13:05:10.565595,KXBTCD-25MAY2017-T105999.99,DELTA,89,2000,94,14,166,yes,6,5400
2025-05-20T13:05:10.663710,KXBTCD-25MAY2017-T105999.99,DELTA,89,3000,94,14,167,yes,89,1000
2025-05-20T13:05:11.241149,KXBTCD-25MAY2017-T105999.99,DELTA,89,4250,94,14,168,yes,89,1250
2025-05-20T13:05:11.712187,KXBTCD-25MAY2017-T105999.99,DELTA,90,100,94,14,169,yes,90,100
2025-05-20T13:05:12.240362,KXBTCD-25MAY2017-T105999.99,DELTA,90,100,94,14,170,yes,5,-20000
2025-05-20T13:05:12.247811,KXBTCD-25MAY2017-T105999.99,DELTA,90,100,94,14,171,yes,7,20000
2025-05-20T13:05:12.248504,KXBTCD-25MAY2017-T105999.99,DELTA,90,100,94,14,172,yes,89,-1000
2025-05-20T13:05:12.286652,KXBTCD-25MAY2017-T105999.99,DELTA,91,1000,94,14,173,yes,91,1000
2025-05-20T13:05:15.806091,KXBTCD-25MAY2017-T105999.99,DELTA,91,1000,94,14,174,no,1,80000
2025-05-20T13:05:15.907304,KXBTCD-25MAY2017-T105999.99,DELTA,91,1000,94,14,175,no,1,-80000
2025-05-20T13:05:16.430925,KXBTCD-25MAY2017-T105999.99,DELTA,91,1000,94,14,176,no,3,-100
2025-05-20T13:05:16.707953,KXBTCD-25MAY2017-T105999.99,DELTA,91,1000,94,14,177,no,2,-1000
2025-05-20T13:05:16.772133,KXBTCD-25MAY2017-T105999.99,DELTA,91,1000,94,14,178,no,2,1000
2025-05-20T13:05:17.568319,KXBTCD-25MAY2017-T105999.99,DELTA,91,1000,94,14,179,yes,6,-5400
2025-05-20T13:05:17.569431,KXBTCD-25MAY2017-T105999.99,DELTA,91,1000,94,14,180,yes,8,4050
2025-05-20T13:05:17.628003,KXBTCD-25MAY2017-T105999.99,DELTA,91,1000,94,14,181,yes,7,-20000
2025-05-20T13:05:17.647780,KXBTCD-25MAY2017-T105999.99,DELTA,91,1000,94,14,182,no,2,100
2025-05-20T13:05:17.687764,KXBTCD-25MAY2017-T105999.99,DELTA,91,1000,94,14,183,yes,9,20000
2025-05-20T13:05:20.107471,KXBTCD-25MAY2017-T105999.99,DELTA,91,1000,94,14,184,yes,90,-100
2025-05-20T13:05:20.188772,KXBTCD-25MAY2017-T105999.99,DELTA,89,3250,94,14,185,yes,91,-1000
2025-05-20T13:05:20.267641,KXBTCD-25MAY2017-T105999.99,DELTA,89,4250,94,14,186,yes,89,1000
2025-05-20T13:05:20.789155,KXBTCD-25MAY2017-T105999.99,DELTA,89,4250,94,14,187,yes,87,14
2025-05-20T13:05:20.789550,KXBTCD-25MAY2017-T105999.99,DELTA,89,4250,94,14,188,yes,85,-14
2025-05-20T13:05:20.789849,KXBTCD-25MAY2017-T105999.99,DELTA,91,100,94,14,189,yes,91,100
2025-05-20T13:05:20.808128,KXBTCD-25MAY2017-T105999.99,DELTA,91,100,98,1600,190,no,6,-14
2025-05-20T13:05:20.808765,KXBTCD-25MAY2017-T105999.99,DELTA,91,100,96,14,191,no,4,14
2025-05-20T13:05:20.998238,KXBTCD-25MAY2017-T105999.99,DELTA,91,100,96,14,192,yes,89,-1000
2025-05-20T13:05:21.424194,KXBTCD-25MAY2017-T105999.99,DELTA,92,1000,96,14,193,yes,92,1000
2025-05-20T13:05:25.366299,KXBTCD-25MAY2017-T105999.99,DELTA,92,1000,96,14,194,yes,8,-4050
2025-05-20T13:05:25.366519,KXBTCD-25MAY2017-T105999.99,DELTA,92,1000,96,14,195,yes,10,3240
2025-05-20T13:05:25.427544,KXBTCD-25MAY2017-T105999.99,DELTA,92,1000,96,14,196,yes,9,-20000
2025-05-20T13:05:25.466828,KXBTCD-25MAY2017-T105999.99,DELTA,92,1000,96,14,197,yes,11,20000
2025-05-20T13:05:27.571140,KXBTCD-25MAY2017-T105999.99,DELTA,92,1000,96,14,198,yes,84,-500
2025-05-20T13:05:27.588746,KXBTCD-25MAY2017-T105999.99,DELTA,92,1000,96,14,199,no,2,-500
2025-05-20T13:05:27.627131,KXBTCD-25MAY2017-T105999.99,DELTA,92,1000,96,14,200,yes,86,500
2025-05-20T13:05:27.627223,KXBTCD-25MAY2017-T105999.99,DELTA,92,1000,96,14,201,no,1,500
2025-05-20T13:05:28.808213,KXBTCD-25MAY2017-T105999.99,DELTA,92,1000,96,14,202,yes,86,-500
2025-05-20T13:05:28.846704,KXBTCD-25MAY2017-T105999.99,DELTA,92,1000,96,14,203,yes,85,500
2025-05-20T13:05:33.010067,KXBTCD-25MAY2017-T105999.99,DELTA,92,1000,96,14,204,yes,10,-3240
2025-05-20T13:05:33.010956,KXBTCD-25MAY2017-T105999.99,DELTA,92,1000,96,14,205,yes,12,2700
2025-05-20T13:05:33.089314,KXBTCD-25MAY2017-T105999.99,DELTA,92,1000,96,14,206,yes,11,-20000
2025-05-20T13:05:40.076925,KXBTCD-25MAY2017-T105999.99,DELTA,92,1000,96,14,207,yes,91,-100
2025-05-20T13:05:40.078018,KXBTCD-25MAY2017-T105999.99,DELTA,92,1000,96,14,208,no,2,-100
2025-05-20T13:05:40.078810,KXBTCD-25MAY2017-T105999.99,DELTA,92,1000,96,14,209,yes,12,-2700
2025-05-20T13:05:40.079469,KXBTCD-25MAY2017-T105999.99,DELTA,92,1000,96,14,210,yes,4,8100
2025-05-20T13:05:40.079913,KXBTCD-25MAY2017-T105999.99,DELTA,89,3250,96,14,211,yes,92,-1000
2025-05-20T13:05:40.108674,KXBTCD-25MAY2017-T105999.99,DELTA,89,4250,96,14,212,yes,89,1000
2025-05-20T13:05:40.128087,KXBTCD-25MAY2017-T105999.99,DELTA,89,4250,96,14,213,yes,5,20000
2025-05-20T13:05:40.327451,KXBTCD-25MAY2017-T105999.99,DELTA,89,4250,96,14,214,yes,86,-30
2025-05-20T13:05:40.327809,KXBTCD-25MAY2017-T105999.99,DELTA,89,4250,96,14,215,yes,88,30
2025-05-20T13:05:40.328167,KXBTCD-25MAY2017-T105999.99,DELTA,89,4250,96,14,216,no,1,-30
2025-05-20T13:05:40.927815,KXBTCD-25MAY2017-T105999.99,DELTA,91,100,96,14,217,yes,91,100
2025-05-20T13:05:41.074848,KXBTCD-25MAY2017-T105999.99,DELTA,91,100,96,14,218,yes,89,-1000
2025-05-20T13:05:41.169738,KXBTCD-25MAY2017-T105999.99,DELTA,92,1000,96,14,219,yes,92,1000
2025-05-20T13:05:41.597269,KXBTCD-25MAY2017-T105999.99,DELTA,92,1000,96,14,220,no,1,100
2025-05-20T13:05:43.567483,KXBTCD-25MAY2017-T105999.99,DELTA,92,1000,96,14,221,yes,91,-100
2025-05-20T13:05:43.694660,KXBTCD-25MAY2017-T105999.99,DELTA,89,3250,96,14,222,yes,92,-1000
2025-05-20T13:05:43.807480,KXBTCD-25MAY2017-T105999.99,DELTA,89,4250,96,14,223,yes,89,1000
2025-05-20T13:05:44.587701,KXBTCD-25MAY2017-T105999.99,DELTA,92,100,96,14,224,yes,92,100
2025-05-20T13:05:44.745354,KXBTCD-25MAY2017-T105999.99,DELTA,92,100,96,14,225,yes,89,-1000
2025-05-20T13:05:44.825778,KXBTCD-25MAY2017-T105999.99,DELTA,93,1000,96,14,226,yes,93,1000
2025-05-20T13:05:46.842337,KXBTCD-25MAY2017-T105999.99,DELTA,93,1000,96,14,227,yes,4,-8100
2025-05-20T13:05:46.843646,KXBTCD-25MAY2017-T105999.99,DELTA,93,1000,96,14,228,yes,6,5400
2025-05-20T13:05:46.888758,KXBTCD-25MAY2017-T105999.99,DELTA,93,1000,96,14,229,yes,5,-20000
2025-05-20T13:05:47.053326,KXBTCD-25MAY2017-T105999.99,DELTA,93,1000,96,14,230,yes,7,20000
2025-05-20T13:05:53.328907,KXBTCD-25MAY2017-T105999.99,DELTA,93,1000,96,14,231,yes,6,-5400
2025-05-20T13:05:53.330997,KXBTCD-25MAY2017-T105999.99,DELTA,93,1000,96,14,232,yes,8,4050
2025-05-20T13:05:53.428383,KXBTCD-25MAY2017-T105999.99,DELTA,93,1000,96,14,233,yes,7,-20000
2025-05-20T13:05:53.547617,KXBTCD-25MAY2017-T105999.99,DELTA,93,1000,96,14,234,yes,9,20000
2025-05-20T13:05:55.929859,KXBTCD-25MAY2017-T105999.99,DELTA,93,941,96,14,235,yes,93,-59
2025-05-20T13:05:57.446818,KXBTCD-25MAY2017-T105999.99,DELTA,93,941,96,14,236,yes,88,14
2025-05-20T13:05:57.447467,KXBTCD-25MAY2017-T105999.99,DELTA,93,941,96,14,237,yes,87,-14
2025-05-20T13:05:57.467296,KXBTCD-25MAY2017-T105999.99,DELTA,93,941,98,1000,238,no,4,-14
2025-05-20T13:05:57.467852,KXBTCD-25MAY2017-T105999.99,DELTA,93,941,98,1014,239,no,2,14
2025-05-20T13:06:00.707553,KXBTCD-25MAY2017-T105999.99,DELTA,93,941,98,1014,240,yes,8,-4050
2025-05-20T13:06:00.707705,KXBTCD-25MAY2017-T105999.99,DELTA,93,941,98,1014,241,yes,10,3240
2025-05-20T13:06:00.788368,KXBTCD-25MAY2017-T105999.99,DELTA,93,941,98,1014,242,yes,80,-500
2025-05-20T13:06:00.805964,KXBTCD-25MAY2017-T105999.99,DELTA,93,941,98,1014,243,yes,90,500
2025-05-20T13:06:00.806523,KXBTCD-25MAY2017-T105999.99,DELTA,93,941,98,1014,244,yes,82,-500
2025-05-20T13:06:00.828142,KXBTCD-25MAY2017-T105999.99,DELTA,93,941,98,1014,245,yes,92,500
2025-05-20T13:06:00.828314,KXBTCD-25MAY2017-T105999.99,DELTA,93,941,98,1014,246,yes,9,-20000
2025-05-20T13:06:00.997673,KXBTCD-25MAY2017-T105999.99,DELTA,93,941,98,1014,247,yes,11,20000
2025-05-20T13:06:01.009086,KXBTCD-25MAY2017-T105999.99,DELTA,93,941,98,1014,248,yes,89,-2000
2025-05-20T13:06:01.009948,KXBTCD-25MAY2017-T105999.99,DELTA,93,941,98,1014,249,yes,89,-1250
2025-05-20T13:06:01.129151,KXBTCD-25MAY2017-T105999.99,DELTA,93,941,98,1014,250,yes,82,500
2025-05-20T13:06:01.129969,KXBTCD-25MAY2017-T105999.99,DELTA,93,941,98,1014,251,yes,92,-500
2025-05-20T13:06:01.204427,KXBTCD-25MAY2017-T105999.99,DELTA,93,941,98,1014,252,yes,90,2000
2025-05-20T13:06:01.206016,KXBTCD-25MAY2017-T105999.99,DELTA,93,941,98,1014,253,yes,91,1250
2025-05-20T13:06:01.524201,KXBTCD-25MAY2017-T105999.99,DELTA,93,941,98,1014,254,no,1,80000
2025-05-20T13:06:01.524889,KXBTCD-25MAY2017-T105999.99,DELTA,93,941,98,1014,255,yes,90,-2000
2025-05-20T13:06:01.525359,KXBTCD-25MAY2017-T105999.99,DELTA,92,100,98,1014,256,yes,93,-941
2025-05-20T13:06:01.528290,KXBTCD-25MAY2017-T105999.99,DELTA,92,100,98,1014,257,yes,91,-1250
2025-05-20T13:06:01.627406,KXBTCD-25MAY2017-T105999.99,DELTA,92,1100,98,1014,258,yes,92,1000
2025-05-20T13:06:01.628385,KXBTCD-25MAY2017-T105999.99,DELTA,92,1100,98,1014,259,yes,89,2000
2025-05-20T13:06:01.629124,KXBTCD-25MAY2017-T105999.99,DELTA,92,1100,98,1014,260,yes,90,1250
2025-05-20T13:06:01.688089,KXBTCD-25MAY2017-T105999.99,DELTA,92,1100,98,1014,261,no,1,-80000
2025-05-20T13:06:01.748040,KXBTCD-25MAY2017-T105999.99,DELTA,92,1100,98,1014,262,yes,89,-2000
2025-05-20T13:06:01.748668,KXBTCD-25MAY2017-T105999.99,DELTA,92,100,98,1014,263,yes,92,-1000
2025-05-20T13:06:01.767570,KXBTCD-25MAY2017-T105999.99,DELTA,92,100,98,1014,264,yes,90,-1250
2025-05-20T13:06:01.868028,KXBTCD-25MAY2017-T105999.99,DELTA,92,100,98,1014,265,yes,90,2000
2025-05-20T13:06:01.868919,KXBTCD-25MAY2017-T105999.99,DELTA,92,100,98,1014,266,yes,91,1250
2025-05-20T13:06:01.888278,KXBTCD-25MAY2017-T105999.99,DELTA,93,1000,98,1014,267,yes,93,1000
2025-05-20T13:06:02.107311,KXBTCD-25MAY2017-T105999.99,DELTA,93,1000,98,1014,268,yes,92,500
2025-05-20T13:06:02.128975,KXBTCD-25MAY2017-T105999.99,DELTA,93,1000,98,1014,269,yes,82,-500
2025-05-20T13:06:08.146523,KXBTCD-25MAY2017-T105999.99,DELTA,93,1000,98,1014,270,yes,10,-3240
2025-05-20T13:06:08.147460,KXBTCD-25MAY2017-T105999.99,DELTA,93,1000,98,1014,271,yes,12,2700
2025-05-20T13:06:08.335991,KXBTCD-25MAY2017-T105999.99,DELTA,93,1000,98,1014,272,yes,11,-20000
2025-05-20T13:06:09.386933,KXBTCD-25MAY2017-T105999.99,DELTA,93,1000,98,1014,273,yes,88,-14
2025-05-20T13:06:09.387910,KXBTCD-25MAY2017-T105999.99,DELTA,93,1000,98,1000,274,no,2,-14
2025-05-20T13:06:09.388653,KXBTCD-25MAY2017-T105999.99,DELTA,93,1000,98,1000,275,yes,87,14
2025-05-20T13:06:09.389125,KXBTCD-25MAY2017-T105999.99,DELTA,93,1000,97,14,276,no,3,14
2025-05-20T13:06:09.975309,KXBTCD-25MAY2017-T105999.99,DELTA,93,1000,97,14,277,no,1,80000
2025-05-20T13:06:09.987335,KXBTCD-25MAY2017-T105999.99,DELTA,93,1000,97,14,278,no,1,1250
2025-05-20T13:06:09.988257,KXBTCD-25MAY2017-T105999.99,DELTA,93,1000,97,14,279,yes,90,-2000
2025-05-20T13:06:10.008975,KXBTCD-25MAY2017-T105999.99,DELTA,92,600,97,14,280,yes,93,-1000
2025-05-20T13:06:10.010425,KXBTCD-25MAY2017-T105999.99,DELTA,92,600,97,14,281,yes,91,-1250
2025-05-20T13:06:10.155427,KXBTCD-25MAY2017-T105999.99,DELTA,92,600,97,14,282,yes,89,2000
2025-05-20T13:06:10.156121,KXBTCD-25MAY2017-T105999.99,DELTA,92,1600,97,14,283,yes,92,1000
2025-05-20T13:06:10.156858,KXBTCD-25MAY2017-T105999.99,DELTA,92,1600,97,14,284,yes,90,1250
2025-05-20T13:06:10.174285,KXBTCD-25MAY2017-T105999.99,DELTA,92,1100,97,14,285,yes,92,-500
2025-05-20T13:06:10.175152,KXBTCD-25MAY2017-T105999.99,DELTA,92,1100,97,14,286,yes,82,500
2025-05-20T13:06:10.277285,KXBTCD-25MAY2017-T105999.99,DELTA,92,1000,97,14,287,yes,92,-100
2025-05-20T13:06:10.434365,KXBTCD-25MAY2017-T105999.99,DELTA,90,1750,97,14,288,yes,92,-1000
2025-05-20T13:06:10.487761,KXBTCD-25MAY2017-T105999.99,DELTA,91,1000,97,14,289,yes,91,1000
2025-05-20T13:06:10.506568,KXBTCD-25MAY2017-T105999.99,DELTA,91,1000,97,14,290,no,1,-100
2025-05-20T13:06:11.167437,KXBTCD-25MAY2017-T105999.99,DELTA,91,1000,97,14,291,yes,90,100
2025-05-20T13:06:11.327173,KXBTCD-25MAY2017-T105999.99,DELTA,91,1000,97,14,292,yes,90,-100
2025-05-20T13:06:11.818744,KXBTCD-25MAY2017-T105999.99,DELTA,91,1000,97,14,293,no,1,100
2025-05-20T13:06:12.530234,KXBTCD-25MAY2017-T105999.99,DELTA,91,1000,97,14,294,no,1,-100
2025-05-20T13:06:12.628495,KXBTCD-25MAY2017-T105999.99,DELTA,91,1100,97,14,295,yes,91,100
2025-05-20T13:06:12.727882,KXBTCD-25MAY2017-T105999.99,DELTA,91,100,97,14,296,yes,91,-1000
2025-05-20T13:06:12.769076,KXBTCD-25MAY2017-T105999.99,DELTA,91,100,97,14,297,no,1,-1250
2025-05-20T13:06:12.769977,KXBTCD-25MAY2017-T105999.99,DELTA,91,100,97,14,298,no,1,-80000
2025-05-20T13:06:12.828030,KXBTCD-25MAY2017-T105999.99,DELTA,92,1000,97,14,299,yes,92,1000
2025-05-20T13:06:12.847743,KXBTCD-25MAY2017-T105999.99,DELTA,92,1000,97,14,300,yes,89,-2000
2025-05-20T13:06:12.867741,KXBTCD-25MAY2017-T105999.99,DELTA,92,1000,97,14,301,yes,90,-1250
2025-05-20T13:06:12.967881,KXBTCD-25MAY2017-T105999.99,DELTA,92,1000,97,14,302,yes,91,1250
2025-05-20T13:06:12.968771,KXBTCD-25MAY2017-T105999.99,DELTA,92,1000,97,14,303,yes,90,2000
2025-05-20T13:06:13.662580,KXBTCD-25MAY2017-T105999.99,DELTA,92,1000,97,14,304,no,2,100
2025-05-20T13:06:15.154093,KXBTCD-25MAY2017-T105999.99,DELTA,92,1500,97,14,305,yes,92,500
2025-05-20T13:06:15.155045,KXBTCD-25MAY2017-T105999.99,DELTA,92,1500,97,14,306,yes,82,-500
2025-05-20T13:06:15.268794,KXBTCD-25MAY2017-T105999.99,DELTA,92,500,97,14,307,yes,92,-1000
2025-05-20T13:06:15.446850,KXBTCD-25MAY2017-T105999.99,DELTA,93,1000,97,14,308,yes,93,1000
2025-05-20T13:06:16.907479,KXBTCD-25MAY2017-T105999.99,DELTA,93,1000,97,14,309,yes,12,-2700
2025-05-20T13:06:16.908508,KXBTCD-25MAY2017-T105999.99,DELTA,93,1000,97,14,310,yes,4,8100
2025-05-20T13:06:17.109703,KXBTCD-25MAY2017-T105999.99,DELTA,93,1000,97,14,311,yes,4,-8100
2025-05-20T13:06:17.110565,KXBTCD-25MAY2017-T105999.99,DELTA,93,1000,97,14,312,yes,5,20000
2025-05-20T13:06:17.408192,KXBTCD-25MAY2017-T105999.99,DELTA,93,1000,97,14,313,yes,5,-20000
2025-05-20T13:06:21.267461,KXBTCD-25MAY2017-T105999.99,DELTA,93,1000,97,14,314,yes,91,-100
2025-05-20T13:06:21.288278,KXBTCD-25MAY2017-T105999.99,DELTA,93,1000,97,14,315,no,2,-100
2025-05-20T13:06:22.147185,KXBTCD-25MAY2017-T105999.99,DELTA,93,1000,97,14,316,yes,91,100
2025-05-20T13:06:23.128363,KXBTCD-25MAY2017-T105999.99,DELTA,93,1000,97,14,317,no,1,100
2025-05-20T13:06:24.407940,KXBTCD-25MAY2017-T105999.99,DELTA,93,1000,97,14,318,yes,4,8100
2025-05-20T13:06:24.591068,KXBTCD-25MAY2017-T105999.99,DELTA,93,1000,97,14,319,yes,5,20000
2025-05-20T13:06:26.010946,KXBTCD-25MAY2017-T105999.99,DELTA,93,1000,97,14,320,yes,91,-100
2025-05-20T13:06:26.948393,KXBTCD-25MAY2017-T105999.99,DELTA,93,1000,97,14,321,yes,92,100
2025-05-20T13:06:31.931595,KXBTCD-25MAY2017-T105999.99,DELTA,93,1000,97,14,322,yes,4,-8100
2025-05-20T13:06:31.932408,KXBTCD-25MAY2017-T105999.99,DELTA,93,1000,97,14,323,yes,6,5400
2025-05-20T13:06:31.967877,KXBTCD-25MAY2017-T105999.99,DELTA,93,1000,97,14,324,yes,5,-20000
2025-05-20T13:06:32.007341,KXBTCD-25MAY2017-T105999.99,DELTA,93,1000,97,14,325,yes,7,20000
2025-05-20T13:06:36.848798,KXBTCD-25MAY2017-T105999.99,DELTA,93,1000,97,14,326,yes,85,-500
2025-05-20T13:06:36.849835,KXBTCD-25MAY2017-T105999.99,DELTA,93,1000,97,14,327,no,1,-500
2025-05-20T13:06:37.337014,KXBTCD-25MAY2017-T105999.99,DELTA,93,1000,97,14,328,yes,86,500
2025-05-20T13:06:37.337240,KXBTCD-25MAY2017-T105999.99,DELTA,93,1000,97,14,329,no,2,150
2025-05-20T13:06:37.728693,KXBTCD-25MAY2017-T105999.99,DELTA,93,1000,97,14,330,yes,92,-100
2025-05-20T13:06:37.729937,KXBTCD-25MAY2017-T105999.99,DELTA,93,1000,97,14,331,no,1,-100
2025-05-20T13:06:38.790229,KXBTCD-25MAY2017-T105999.99,DELTA,93,1100,97,14,332,yes,93,100
2025-05-20T13:06:38.849003,KXBTCD-25MAY2017-T105999.99,DELTA,93,1100,97,14,333,yes,6,-5400
2025-05-20T13:06:38.850091,KXBTCD-25MAY2017-T105999.99,DELTA,93,1100,97,14,334,yes,8,4050
2025-05-20T13:06:38.908444,KXBTCD-25MAY2017-T105999.99,DELTA,93,1100,97,14,335,yes,7,-20000
2025-05-20T13:06:38.949280,KXBTCD-25MAY2017-T105999.99,DELTA,93,1100,97,14,336,yes,9,20000
2025-05-20T13:06:39.570423,KXBTCD-25MAY2017-T105999.99,DELTA,93,1100,97,14,337,no,2,-150
2025-05-20T13:06:39.587098,KXBTCD-25MAY2017-T105999.99,DELTA,93,1100,97,14,338,no,1,500
2025-05-20T13:06:45.949483,KXBTCD-25MAY2017-T105999.99,DELTA,93,1100,97,14,339,yes,8,-4050
2025-05-20T13:06:45.950525,KXBTCD-25MAY2017-T105999.99,DELTA,93,1100,97,14,340,yes,10,3240
2025-05-20T13:06:45.988640,KXBTCD-25MAY2017-T105999.99,DELTA,93,1100,97,14,341,yes,9,-20000
2025-05-20T13:06:46.094267,KXBTCD-25MAY2017-T105999.99,DELTA,93,1100,97,14,342,yes,11,20000
2025-05-20T13:06:53.628198,KXBTCD-25MAY2017-T105999.99,DELTA,93,1100,97,14,343,yes,10,-3240
2025-05-20T13:06:53.629224,KXBTCD-25MAY2017-T105999.99,DELTA,93,1100,97,14,344,yes,12,2700
2025-05-20T13:06:53.688002,KXBTCD-25MAY2017-T105999.99,DELTA,93,1100,97,14,345,yes,11,-20000
2025-05-20T13:07:01.371120,KXBTCD-25MAY2017-T105999.99,DELTA,93,1100,97,14,346,yes,12,-2700
2025-05-20T13:07:01.373256,KXBTCD-25MAY2017-T105999.99,DELTA,93,1100,97,14,347,yes,4,8100
2025-05-20T13:07:01.438550,KXBTCD-25MAY2017-T105999.99,DELTA,93,1100,97,14,348,yes,5,20000
2025-05-20T13:07:02.157582,KXBTCD-25MAY2017-T105999.99,DELTA,93,1100,97,14,349,yes,92,-500
2025-05-20T13:07:02.158551,KXBTCD-25MAY2017-T105999.99,DELTA,93,1100,97,14,350,yes,82,500
2025-05-20T13:07:02.161604,KXBTCD-25MAY2017-T105999.99,DELTA,93,1100,97,14,351,no,1,80000
2025-05-20T13:07:02.162444,KXBTCD-25MAY2017-T105999.99,DELTA,93,1100,97,14,352,yes,90,-2000
2025-05-20T13:07:02.163146,KXBTCD-25MAY2017-T105999.99,DELTA,93,1100,97,14,353,no,1,1250
2025-05-20T13:07:02.180826,KXBTCD-25MAY2017-T105999.99,DELTA,93,100,97,14,354,yes,93,-1000
2025-05-20T13:07:02.181458,KXBTCD-25MAY2017-T105999.99,DELTA,93,100,97,14,355,yes,91,-1250
2025-05-20T13:07:02.248763,KXBTCD-25MAY2017-T105999.99,DELTA,93,100,97,14,356,yes,89,2000
2025-05-20T13:07:02.253656,KXBTCD-25MAY2017-T105999.99,DELTA,93,100,97,14,357,yes,91,1000
2025-05-20T13:07:02.254302,KXBTCD-25MAY2017-T105999.99,DELTA,93,100,97,14,358,yes,90,1250
2025-05-20T13:07:02.396839,KXBTCD-25MAY2017-T105999.99,DELTA,93,100,97,14,359,no,1,100
2025-05-20T13:07:02.440592,KXBTCD-25MAY2017-T105999.99,DELTA,91,1000,97,14,360,yes,93,-100
2025-05-20T13:07:02.529419,KXBTCD-25MAY2017-T105999.99,DELTA,91,1000,97,14,361,yes,86,-500
2025-05-20T13:07:02.555223,KXBTCD-25MAY2017-T105999.99,DELTA,91,1000,97,14,362,no,1,-500
2025-05-20T13:07:02.622475,KXBTCD-25MAY2017-T105999.99,DELTA,91,1000,97,14,363,yes,85,500
2025-05-20T13:07:02.629449,KXBTCD-25MAY2017-T105999.99,DELTA,91,1000,97,64,364,no,3,50
2025-05-20T13:07:02.694491,KXBTCD-25MAY2017-T105999.99,DELTA,91,1000,97,64,365,no,2,-1000
2025-05-20T13:07:02.749386,KXBTCD-25MAY2017-T105999.99,DELTA,91,1000,97,1064,366,no,3,1000
2025-05-20T13:07:02.995880,KXBTCD-25MAY2017-T105999.99,DELTA,91,1000,97,1014,367,no,3,-50
2025-05-20T13:07:03.056751,KXBTCD-25MAY2017-T105999.99,DELTA,91,1000,97,1314,368,no,3,300
2025-05-20T13:07:03.082713,KXBTCD-25MAY2017-T105999.99,DELTA,91,1000,97,314,369,no,3,-1000
2025-05-20T13:07:03.135865,KXBTCD-25MAY2017-T105999.99,DELTA,91,1000,97,1314,370,no,3,1000
2025-05-20T13:07:03.150459,KXBTCD-25MAY2017-T105999.99,DELTA,91,1000,97,1314,371,no,2,500
2025-05-20T13:07:03.691949,KXBTCD-25MAY2017-T105999.99,DELTA,92,100,97,1314,372,yes,92,100
2025-05-20T13:07:03.767972,KXBTCD-25MAY2017-T105999.99,DELTA,92,100,97,1314,373,yes,91,-1000
2025-05-20T13:07:03.807062,KXBTCD-25MAY2017-T105999.99,DELTA,92,1100,97,1314,374,yes,92,1000
2025-05-20T13:07:05.258711,KXBTCD-25MAY2017-T105999.99,DELTA,92,1100,97,1014,375,no,3,-300
2025-05-20T13:07:05.308823,KXBTCD-25MAY2017-T105999.99,DELTA,92,1100,97,1014,376,no,2,500
2025-05-20T13:07:06.128206,KXBTCD-25MAY2017-T105999.99,DELTA,92,1100,97,1014,377,no,2,-500
2025-05-20T13:07:06.384222,KXBTCD-25MAY2017-T105999.99,DELTA,92,1100,97,1014,378,yes,89,-2000
2025-05-20T13:07:06.385105,KXBTCD-25MAY2017-T105999.99,DELTA,92,100,97,1014,379,yes,92,-1000
2025-05-20T13:07:06.387957,KXBTCD-25MAY2017-T105999.99,DELTA,92,100,97,1014,380,yes,90,-1250
2025-05-20T13:07:06.388513,KXBTCD-25MAY2017-T105999.99,DELTA,92,100,97,14,381,no,3,-1000
2025-05-20T13:07:06.408811,KXBTCD-25MAY2017-T105999.99,DELTA,92,100,97,14,382,no,1,-1250
2025-05-20T13:07:06.409532,KXBTCD-25MAY2017-T105999.99,DELTA,92,100,97,14,383,no,1,-80000
2025-05-20T13:07:06.534941,KXBTCD-25MAY2017-T105999.99,DELTA,92,100,97,14,384,no,2,1000
2025-05-20T13:07:06.536028,KXBTCD-25MAY2017-T105999.99,DELTA,92,100,97,14,385,yes,91,1250
2025-05-20T13:07:06.536763,KXBTCD-25MAY2017-T105999.99,DELTA,92,100,97,14,386,yes,90,2000
2025-05-20T13:07:06.627640,KXBTCD-25MAY2017-T105999.99,DELTA,93,1000,97,14,387,yes,93,1000
2025-05-20T13:07:07.150304,KXBTCD-25MAY2017-T105999.99,DELTA,93,1000,97,14,388,yes,82,-500
2025-05-20T13:07:07.151058,KXBTCD-25MAY2017-T105999.99,DELTA,93,1000,97,14,389,yes,92,500
2025-05-20T13:07:09.709744,KXBTCD-25MAY2017-T105999.99,DELTA,93,1000,97,14,390,yes,4,-8100
2025-05-20T13:07:09.709889,KXBTCD-25MAY2017-T105999.99,DELTA,93,1000,97,14,391,yes,6,5400
2025-05-20T13:07:09.813691,KXBTCD-25MAY2017-T105999.99,DELTA,93,1000,97,14,392,yes,5,-20000
2025-05-20T13:07:10.006896,KXBTCD-25MAY2017-T105999.99,DELTA,93,1000,97,14,393,yes,7,20000
2025-05-20T13:07:18.093903,KXBTCD-25MAY2017-T105999.99,DELTA,93,1000,97,14,394,yes,6,-5400
2025-05-20T13:07:18.094952,KXBTCD-25MAY2017-T105999.99,DELTA,93,1000,97,14,395,yes,8,4050
2025-05-20T13:07:18.095636,KXBTCD-25MAY2017-T105999.99,DELTA,93,1000,97,14,396,yes,7,-20000
2025-05-20T13:07:18.096212,KXBTCD-25MAY2017-T105999.99,DELTA,93,1000,97,14,397,yes,9,20000
2025-05-20T13:07:21.224806,KXBTCD-25MAY2017-T105999.99,DELTA,93,1000,97,14,398,no,1,80000
2025-05-20T13:07:21.226012,KXBTCD-25MAY2017-T105999.99,DELTA,93,1000,97,14,399,yes,90,-2000
2025-05-20T13:07:21.226801,KXBTCD-25MAY2017-T105999.99,DELTA,93,1000,97,14,400,no,1,1250
2025-05-20T13:07:21.227549,KXBTCD-25MAY2017-T105999.99,DELTA,92,600,97,14,401,yes,93,-1000
2025-05-20T13:07:21.228167,KXBTCD-25MAY2017-T105999.99,DELTA,92,600,97,14,402,yes,91,-1250
2025-05-20T13:07:21.228735,KXBTCD-25MAY2017-T105999.99,DELTA,92,600,97,14,403,no,2,-1000
2025-05-20T13:07:21.276706,KXBTCD-25MAY2017-T105999.99,DELTA,92,600,97,14,404,yes,90,1250
2025-05-20T13:07:21.277490,KXBTCD-25MAY2017-T105999.99,DELTA,92,600,97,14,405,yes,89,2000
2025-05-20T13:07:21.278061,KXBTCD-25MAY2017-T105999.99,DELTA,92,600,97,1014,406,no,3,1000
2025-05-20T13:07:21.278509,KXBTCD-25MAY2017-T105999.99,DELTA,92,1600,97,1014,407,yes,92,1000
2025-05-20T13:07:22.896958,KXBTCD-25MAY2017-T105999.99,DELTA,92,1600,97,1014,408,yes,87,30
2025-05-20T13:07:22.915777,KXBTCD-25MAY2017-T105999.99,DELTA,92,1600,97,1014,409,no,1,30
2025-05-20T13:07:22.916758,KXBTCD-25MAY2017-T105999.99,DELTA,92,1600,97,1014,410,yes,88,-30
2025-05-20T13:07:25.275186,KXBTCD-25MAY2017-T105999.99,DELTA,92,1600,97,1014,411,yes,8,-4050
2025-05-20T13:07:25.276263,KXBTCD-25MAY2017-T105999.99,DELTA,92,1600,97,1014,412,yes,10,3240
2025-05-20T13:07:25.414985,KXBTCD-25MAY2017-T105999.99,DELTA,92,1600,97,1014,413,yes,9,-20000
2025-05-20T13:07:25.415198,KXBTCD-25MAY2017-T105999.99,DELTA,92,1600,97,1014,414,yes,11,20000
2025-05-20T13:07:29.932536,KXBTCD-25MAY2017-T105999.99,DELTA,92,1600,97,1014,415,yes,89,-2000
2025-05-20T13:07:29.933293,KXBTCD-25MAY2017-T105999.99,DELTA,92,600,97,1014,416,yes,92,-1000
2025-05-20T13:07:29.948612,KXBTCD-25MAY2017-T105999.99,DELTA,92,600,97,1014,417,yes,90,-1250
2025-05-20T13:07:29.949147,KXBTCD-25MAY2017-T105999.99,DELTA,92,600,97,14,418,no,3,-1000
2025-05-20T13:07:29.973334,KXBTCD-25MAY2017-T105999.99,DELTA,92,600,97,14,419,no,1,-1250
2025-05-20T13:07:29.973946,KXBTCD-25MAY2017-T105999.99,DELTA,92,600,97,14,420,no,1,-80000
2025-05-20T13:07:30.127431,KXBTCD-25MAY2017-T105999.99,DELTA,92,600,97,14,421,no,2,1000
2025-05-20T13:07:30.128261,KXBTCD-25MAY2017-T105999.99,DELTA,92,600,97,14,422,yes,91,1250
2025-05-20T13:07:30.128934,KXBTCD-25MAY2017-T105999.99,DELTA,93,1000,97,14,423,yes,93,1000
2025-05-20T13:07:30.129539,KXBTCD-25MAY2017-T105999.99,DELTA,93,1000,97,14,424,yes,90,2000
2025-05-20T13:07:32.228775,KXBTCD-25MAY2017-T105999.99,DELTA,93,1000,97,14,425,no,1,80000
2025-05-20T13:07:32.248747,KXBTCD-25MAY2017-T105999.99,DELTA,93,1000,97,14,426,yes,90,-2000
2025-05-20T13:07:32.249094,KXBTCD-25MAY2017-T105999.99,DELTA,93,1000,97,14,427,no,1,1250
2025-05-20T13:07:32.249284,KXBTCD-25MAY2017-T105999.99,DELTA,92,600,97,14,428,yes,93,-1000
2025-05-20T13:07:32.267278,KXBTCD-25MAY2017-T105999.99,DELTA,92,600,97,14,429,yes,91,-1250
2025-05-20T13:07:32.286320,KXBTCD-25MAY2017-T105999.99,DELTA,92,600,97,14,430,no,2,-1000
2025-05-20T13:07:32.347813,KXBTCD-25MAY2017-T105999.99,DELTA,92,1600,97,14,431,yes,92,1000
2025-05-20T13:07:32.347928,KXBTCD-25MAY2017-T105999.99,DELTA,92,1600,97,14,432,yes,89,2000
2025-05-20T13:07:32.347995,KXBTCD-25MAY2017-T105999.99,DELTA,92,1600,97,1014,433,no,3,1000
2025-05-20T13:07:32.348050,KXBTCD-25MAY2017-T105999.99,DELTA,92,1600,97,1014,434,yes,90,1250
2025-05-20T13:07:32.891539,KXBTCD-25MAY2017-T105999.99,DELTA,92,1600,97,1014,435,yes,10,-3240
2025-05-20T13:07:32.892513,KXBTCD-25MAY2017-T105999.99,DELTA,92,1600,97,1014,436,yes,12,2700
2025-05-20T13:07:32.945997,KXBTCD-25MAY2017-T105999.99,DELTA,92,1600,97,1014,437,yes,11,-20000
2025-05-20T13:07:36.270214,KXBTCD-25MAY2017-T105999.99,DELTA,92,1600,97,1014,438,yes,89,-2000
2025-05-20T13:07:36.270896,KXBTCD-25MAY2017-T105999.99,DELTA,92,600,97,1014,439,yes,92,-1000
2025-05-20T13:07:36.292376,KXBTCD-25MAY2017-T105999.99,DELTA,92,600,97,1014,440,yes,90,-1250
2025-05-20T13:07:36.293194,KXBTCD-25MAY2017-T105999.99,DELTA,92,600,97,14,441,no,3,-1000
2025-05-20T13:07:36.312248,KXBTCD-25MAY2017-T105999.99,DELTA,92,600,97,14,442,no,1,-1250
2025-05-20T13:07:36.312926,KXBTCD-25MAY2017-T105999.99,DELTA,92,600,97,14,443,no,1,-80000
2025-05-20T13:07:36.423363,KXBTCD-25MAY2017-T105999.99,DELTA,92,600,97,14,444,yes,90,2000
2025-05-20T13:07:36.424250,KXBTCD-25MAY2017-T105999.99,DELTA,93,1000,97,14,445,yes,93,1000
2025-05-20T13:07:36.424942,KXBTCD-25MAY2017-T105999.99,DELTA,93,1000,97,14,446,no,2,1000
2025-05-20T13:07:36.425561,KXBTCD-25MAY2017-T105999.99,DELTA,93,1000,97,14,447,yes,91,1250
2025-05-20T13:07:40.309562,KXBTCD-25MAY2017-T105999.99,DELTA,93,1000,97,14,448,yes,12,-2700
2025-05-20T13:07:40.311102,KXBTCD-25MAY2017-T105999.99,DELTA,93,1000,97,14,449,yes,4,8100
2025-05-20T13:07:40.372472,KXBTCD-25MAY2017-T105999.99,DELTA,93,1000,97,14,450,yes,5,20000
2025-05-20T13:07:40.392018,KXBTCD-25MAY2017-T105999.99,DELTA,93,1000,97,14,451,yes,92,-100
2025-05-20T13:07:40.411552,KXBTCD-25MAY2017-T105999.99,DELTA,93,1000,97,14,452,no,1,-100
2025-05-20T13:07:41.137700,KXBTCD-25MAY2017-T105999.99,DELTA,93,1000,97,14,453,yes,85,-500
2025-05-20T13:07:41.138608,KXBTCD-25MAY2017-T105999.99,DELTA,93,1000,97,14,454,no,2,-500
2025-05-20T13:07:41.160647,KXBTCD-25MAY2017-T105999.99,DELTA,93,1000,97,14,455,yes,87,500
2025-05-20T13:07:41.161311,KXBTCD-25MAY2017-T105999.99,DELTA,93,1000,97,14,456,yes,92,100
2025-05-20T13:07:41.161815,KXBTCD-25MAY2017-T105999.99,DELTA,93,1000,97,14,457,no,1,500
2025-05-20T13:07:41.401518,KXBTCD-25MAY2017-T105999.99,DELTA,93,1000,97,14,458,yes,92,-100
2025-05-20T13:07:41.738734,KXBTCD-25MAY2017-T105999.99,DELTA,93,1000,97,14,459,yes,88,30
2025-05-20T13:07:41.739873,KXBTCD-25MAY2017-T105999.99,DELTA,93,1000,97,14,460,yes,87,-30
2025-05-20T13:07:41.757876,KXBTCD-25MAY2017-T105999.99,DELTA,93,1000,97,14,461,no,1,-30
2025-05-20T13:07:42.713571,KXBTCD-25MAY2017-T105999.99,DELTA,93,1100,97,14,462,yes,93,100
2025-05-20T13:07:44.660917,KXBTCD-25MAY2017-T105999.99,DELTA,93,1100,97,14,463,yes,88,14
2025-05-20T13:07:44.661430,KXBTCD-25MAY2017-T105999.99,DELTA,93,1100,97,14,464,yes,87,-14
2025-05-20T13:07:44.661786,KXBTCD-25MAY2017-T105999.99,DELTA,93,1100,97,14,465,no,2,14
2025-05-20T13:07:44.662110,KXBTCD-25MAY2017-T105999.99,DELTA,93,1100,98,1014,466,no,3,-14
2025-05-20T13:07:44.814880,KXBTCD-25MAY2017-T105999.99,DELTA,93,1100,98,1014,467,yes,90,-2000
2025-05-20T13:07:44.815162,KXBTCD-25MAY2017-T105999.99,DELTA,93,100,98,1014,468,yes,93,-1000
2025-05-20T13:07:44.815340,KXBTCD-25MAY2017-T105999.99,DELTA,93,100,98,1014,469,yes,91,-1250
2025-05-20T13:07:44.815490,KXBTCD-25MAY2017-T105999.99,DELTA,93,100,98,14,470,no,2,-1000
2025-05-20T13:07:44.835023,KXBTCD-25MAY2017-T105999.99,DELTA,93,100,98,14,471,yes,92,1250
2025-05-20T13:07:44.835410,KXBTCD-25MAY2017-T105999.99,DELTA,94,1000,98,14,472,yes,94,1000
2025-05-20T13:07:44.835632,KXBTCD-25MAY2017-T105999.99,DELTA,94,1000,98,14,473,yes,87,-500
2025-05-20T13:07:44.835795,KXBTCD-25MAY2017-T105999.99,DELTA,94,1000,98,14,474,yes,91,2000
2025-05-20T13:07:44.835945,KXBTCD-25MAY2017-T105999.99,DELTA,94,1000,98,14,475,no,1,1000
2025-05-20T13:07:44.836079,KXBTCD-25MAY2017-T105999.99,DELTA,94,1000,98,14,476,no,1,-500
2025-05-20T13:07:45.155567,KXBTCD-25MAY2017-T105999.99,DELTA,94,1500,98,14,477,yes,94,500
2025-05-20T13:07:45.156430,KXBTCD-25MAY2017-T105999.99,DELTA,94,1500,98,14,478,yes,84,-500
2025-05-20T13:07:45.951299,KXBTCD-25MAY2017-T105999.99,DELTA,94,1500,98,14,479,yes,91,-2000
2025-05-20T13:07:45.952363,KXBTCD-25MAY2017-T105999.99,DELTA,94,500,98,14,480,yes,94,-1000
2025-05-20T13:07:45.982087,KXBTCD-25MAY2017-T105999.99,DELTA,94,500,98,14,481,yes,92,-1250
2025-05-20T13:07:45.982643,KXBTCD-25MAY2017-T105999.99,DELTA,94,500,98,14,482,no,1,-1000
2025-05-20T13:07:46.036015,KXBTCD-25MAY2017-T105999.99,DELTA,94,500,98,1014,483,no,2,1000
2025-05-20T13:07:46.036670,KXBTCD-25MAY2017-T105999.99,DELTA,94,500,98,1014,484,yes,90,2000
2025-05-20T13:07:46.037177,KXBTCD-25MAY2017-T105999.99,DELTA,94,500,98,1014,485,yes,93,1000
2025-05-20T13:07:46.037590,KXBTCD-25MAY2017-T105999.99,DELTA,94,500,98,1014,486,yes,91,1250
2025-05-20T13:07:46.389813,KXBTCD-25MAY2017-T105999.99,DELTA,94,500,98,1014,487,yes,90,-2000
2025-05-20T13:07:46.390631,KXBTCD-25MAY2017-T105999.99,DELTA,94,500,98,1014,488,yes,93,-1000
2025-05-20T13:07:46.391295,KXBTCD-25MAY2017-T105999.99,DELTA,94,500,98,1014,489,yes,91,-1250
2025-05-20T13:07:46.391880,KXBTCD-25MAY2017-T105999.99,DELTA,94,500,98,14,490,no,2,-1000
2025-05-20T13:07:46.394618,KXBTCD-25MAY2017-T105999.99,DELTA,94,500,98,14,491,no,1,1000
2025-05-20T13:07:46.395108,KXBTCD-25MAY2017-T105999.99,DELTA,94,1500,98,14,492,yes,94,1000
2025-05-20T13:07:46.395966,KXBTCD-25MAY2017-T105999.99,DELTA,94,1500,98,14,493,yes,91,2000
2025-05-20T13:07:46.396585,KXBTCD-25MAY2017-T105999.99,DELTA,94,1500,98,14,494,yes,92,1250
2025-05-20T13:07:47.962395,KXBTCD-25MAY2017-T105999.99,DELTA,94,1500,98,14,495,yes,4,-8100
2025-05-20T13:07:47.963273,KXBTCD-25MAY2017-T105999.99,DELTA,94,1500,98,14,496,yes,6,5400
2025-05-20T13:07:48.015104,KXBTCD-25MAY2017-T105999.99,DELTA,94,1500,98,14,497,yes,5,-20000
2025-05-20T13:07:48.056303,KXBTCD-25MAY2017-T105999.99,DELTA,94,1500,98,14,498,yes,7,20000
2025-05-20T13:07:52.465378,KXBTCD-25MAY2017-T105999.99,DELTA,94,1500,98,14,499,yes,87,500
2025-05-20T13:07:52.466240,KXBTCD-25MAY2017-T105999.99,DELTA,94,1500,98,14,500,no,1,500
2025-05-20T13:07:52.675659,KXBTCD-25MAY2017-T105999.99,DELTA,94,1500,98,14,501,yes,91,-2000
2025-05-20T13:07:52.676580,KXBTCD-25MAY2017-T105999.99,DELTA,94,500,98,14,502,yes,94,-1000
2025-05-20T13:07:52.677282,KXBTCD-25MAY2017-T105999.99,DELTA,94,500,98,14,503,yes,92,-1250
2025-05-20T13:07:52.698500,KXBTCD-25MAY2017-T105999.99,DELTA,94,500,98,14,504,no,1,-1000
2025-05-20T13:07:52.812696,KXBTCD-25MAY2017-T105999.99,DELTA,94,500,98,14,505,yes,93,1000
2025-05-20T13:07:52.813543,KXBTCD-25MAY2017-T105999.99,DELTA,94,500,98,1014,506,no,2,1000
2025-05-20T13:07:52.814177,KXBTCD-25MAY2017-T105999.99,DELTA,94,500,98,1014,507,yes,91,1250
2025-05-20T13:07:52.814804,KXBTCD-25MAY2017-T105999.99,DELTA,94,500,98,1014,508,yes,90,2000
2025-05-20T13:07:53.197995,KXBTCD-25MAY2017-T105999.99,DELTA,94,500,98,1014,509,yes,84,500
2025-05-20T13:07:53.199228,KXBTCD-25MAY2017-T105999.99,DELTA,93,1100,98,1014,510,yes,94,-500
2025-05-20T13:07:53.287111,KXBTCD-25MAY2017-T105999.99,DELTA,93,1000,98,1014,511,yes,93,-100
2025-05-20T13:07:53.355339,KXBTCD-25MAY2017-T105999.99,DELTA,93,1000,98,1014,512,no,1,100
2025-05-20T13:07:54.489612,KXBTCD-25MAY2017-T105999.99,DELTA,93,1000,98,1014,513,yes,91,100
2025-05-20T13:07:55.652985,KXBTCD-25MAY2017-T105999.99,DELTA,93,1000,98,1014,514,yes,6,-5400
2025-05-20T13:07:55.654192,KXBTCD-25MAY2017-T105999.99,DELTA,93,1000,98,1014,515,yes,8,4050
2025-05-20T13:07:55.687729,KXBTCD-25MAY2017-T105999.99,DELTA,93,1000,98,1014,516,yes,7,-20000
2025-05-20T13:07:55.707500,KXBTCD-25MAY2017-T105999.99,DELTA,93,1000,98,1014,517,yes,9,20000
2025-05-20T13:07:57.587712,KXBTCD-25MAY2017-T105999.99,DELTA,93,1000,98,1014,518,yes,91,-100
2025-05-20T13:07:58.308451,KXBTCD-25MAY2017-T105999.99,DELTA,93,1000,98,1014,519,yes,91,100
2025-05-20T13:07:58.587900,KXBTCD-25MAY2017-T105999.99,DELTA,93,1000,98,1014,520,yes,91,-100
2025-05-20T13:07:59.348941,KXBTCD-25MAY2017-T105999.99,DELTA,93,1000,98,1014,521,yes,91,100
2025-05-20T13:08:04.049928,KXBTCD-25MAY2017-T105999.99,DELTA,93,1000,98,1014,522,yes,8,-4050
2025-05-20T13:08:04.051071,KXBTCD-25MAY2017-T105999.99,DELTA,93,1000,98,1014,523,yes,10,3240
2025-05-20T13:08:04.051614,KXBTCD-25MAY2017-T105999.99,DELTA,93,1000,98,1014,524,yes,9,-20000
2025-05-20T13:08:04.118708,KXBTCD-25MAY2017-T105999.99,DELTA,93,1000,98,1014,525,yes,11,20000
2025-05-20T13:08:05.386750,KXBTCD-25MAY2017-T105999.99,DELTA,93,1000,98,1014,526,yes,90,-2000
2025-05-20T13:08:05.408503,KXBTCD-25MAY2017-T105999.99,DELTA,93,1000,98,1014,527,yes,91,-1250
2025-05-20T13:08:05.409102,KXBTCD-25MAY2017-T105999.99,DELTA,93,1000,98,14,528,no,2,-1000
2025-05-20T13:08:05.492895,KXBTCD-25MAY2017-T105999.99,DELTA,93,1000,98,14,529,yes,88,-30
2025-05-20T13:08:05.493110,KXBTCD-25MAY2017-T105999.99,DELTA,93,1000,98,14,530,yes,90,30
2025-05-20T13:08:05.493242,KXBTCD-25MAY2017-T105999.99,DELTA,93,1000,98,14,531,yes,90,2000
2025-05-20T13:08:05.493345,KXBTCD-25MAY2017-T105999.99,DELTA,93,1000,98,1014,532,no,2,1000
2025-05-20T13:08:05.493440,KXBTCD-25MAY2017-T105999.99,DELTA,93,1000,98,1014,533,yes,87,-500
2025-05-20T13:08:05.510318,KXBTCD-25MAY2017-T105999.99,DELTA,93,1000,98,1014,534,yes,91,1250
2025-05-20T13:08:05.510430,KXBTCD-25MAY2017-T105999.99,DELTA,93,1000,98,1014,535,no,1,-500
2025-05-20T13:08:05.546875,KXBTCD-25MAY2017-T105999.99,DELTA,93,1000,98,14,536,no,2,-1000
2025-05-20T13:08:05.567583,KXBTCD-25MAY2017-T105999.99,DELTA,93,1000,98,14,537,yes,91,-100
2025-05-20T13:08:05.567932,KXBTCD-25MAY2017-T105999.99,DELTA,93,1000,98,14,538,yes,90,-2000
2025-05-20T13:08:05.590137,KXBTCD-25MAY2017-T105999.99,DELTA,93,1000,98,14,539,yes,91,-1250
2025-05-20T13:08:05.610419,KXBTCD-25MAY2017-T105999.99,DELTA,93,1000,98,14,540,no,1,1000
2025-05-20T13:08:05.648754,KXBTCD-25MAY2017-T105999.99,DELTA,93,1000,98,14,541,yes,91,2000
2025-05-20T13:08:05.649320,KXBTCD-25MAY2017-T105999.99,DELTA,93,1000,98,14,542,yes,92,1250
2025-05-20T13:08:05.809177,KXBTCD-25MAY2017-T105999.99,DELTA,93,1000,98,14,543,yes,87,500
2025-05-20T13:08:05.809377,KXBTCD-25MAY2017-T105999.99,DELTA,93,1000,98,14,544,no,1,500
2025-05-20T13:08:06.167998,KXBTCD-25MAY2017-T105999.99,DELTA,94,500,98,14,545,yes,94,500
2025-05-20T13:08:06.169099,KXBTCD-25MAY2017-T105999.99,DELTA,94,500,98,14,546,yes,84,-500
2025-05-20T13:08:06.300250,KXBTCD-25MAY2017-T105999.99,DELTA,94,500,98,14,547,yes,93,-1000
2025-05-20T13:08:06.301049,KXBTCD-25MAY2017-T105999.99,DELTA,94,1500,98,14,548,yes,94,1000
2025-05-20T13:08:06.486705,KXBTCD-25MAY2017-T105999.99,DELTA,94,1500,98,14,549,yes,92,100
2025-05-20T13:08:06.888409,KXBTCD-25MAY2017-T105999.99,DELTA,94,1500,98,14,550,yes,87,-500
2025-05-20T13:08:06.911372,KXBTCD-25MAY2017-T105999.99,DELTA,94,1500,98,14,551,no,1,-500
2025-05-20T13:08:10.078054,KXBTCD-25MAY2017-T105999.99,DELTA,94,1500,98,14,552,yes,87,500
2025-05-20T13:08:10.078675,KXBTCD-25MAY2017-T105999.99,DELTA,94,1500,98,14,553,no,1,500
2025-05-20T13:08:10.079109,KXBTCD-25MAY2017-T105999.99,DELTA,94,1500,98,14,554,yes,87,-500
2025-05-20T13:08:10.079495,KXBTCD-25MAY2017-T105999.99,DELTA,94,1500,98,14,555,no,1,-500
2025-05-20T13:08:10.206817,KXBTCD-25MAY2017-T105999.99,DELTA,94,1500,98,14,556,yes,91,-2000
2025-05-20T13:08:10.207725,KXBTCD-25MAY2017-T105999.99,DELTA,94,500,98,14,557,yes,94,-1000
2025-05-20T13:08:10.230168,KXBTCD-25MAY2017-T105999.99,DELTA,94,500,98,14,558,yes,92,-1250
2025-05-20T13:08:10.230944,KXBTCD-25MAY2017-T105999.99,DELTA,94,500,98,14,559,no,1,-1000
2025-05-20T13:08:10.288229,KXBTCD-25MAY2017-T105999.99,DELTA,94,500,98,14,560,yes,93,1000
2025-05-20T13:08:10.289025,KXBTCD-25MAY2017-T105999.99,DELTA,94,500,98,14,561,yes,90,2000
2025-05-20T13:08:10.289681,KXBTCD-25MAY2017-T105999.99,DELTA,94,500,98,14,562,yes,91,1250
2025-05-20T13:08:10.308673,KXBTCD-25MAY2017-T105999.99,DELTA,94,500,98,1014,563,no,2,1000
2025-05-20T13:08:10.505535,KXBTCD-25MAY2017-T105999.99,DELTA,94,500,98,1014,564,yes,87,500
2025-05-20T13:08:10.505760,KXBTCD-25MAY2017-T105999.99,DELTA,94,500,98,1014,565,no,1,500
2025-05-20T13:08:11.574233,KXBTCD-25MAY2017-T105999.99,DELTA,94,500,98,1014,566,yes,10,-3240
2025-05-20T13:08:11.575052,KXBTCD-25MAY2017-T105999.99,DELTA,94,500,98,1014,567,yes,12,2700
2025-05-20T13:08:11.633248,KXBTCD-25MAY2017-T105999.99,DELTA,94,500,98,1014,568,yes,11,-20000
2025-05-20T13:08:12.157504,KXBTCD-25MAY2017-T105999.99,DELTA,94,500,98,1014,569,yes,84,500
2025-05-20T13:08:12.194690,KXBTCD-25MAY2017-T105999.99,DELTA,93,1000,98,1014,570,yes,94,-500
2025-05-20T13:08:13.233179,KXBTCD-25MAY2017-T105999.99,DELTA,93,1000,98,1014,571,yes,87,-500
2025-05-20T13:08:13.279198,KXBTCD-25MAY2017-T105999.99,DELTA,93,1000,98,1014,572,yes,86,500
2025-05-20T13:08:14.708712,KXBTCD-25MAY2017-T105999.99,DELTA,93,1000,98,1014,573,yes,90,-30
2025-05-20T13:08:14.709032,KXBTCD-25MAY2017-T105999.99,DELTA,93,1000,98,1014,574,yes,88,30
2025-05-20T13:08:18.577991,KXBTCD-25MAY2017-T105999.99,DELTA,93,1000,98,1014,575,yes,12,-2700
2025-05-20T13:08:18.578640,KXBTCD-25MAY2017-T105999.99,DELTA,93,1000,98,1014,576,yes,4,8100
2025-05-20T13:08:18.629685,KXBTCD-25MAY2017-T105999.99,DELTA,93,1000,98,1014,577,yes,5,20000
2025-05-20T13:08:25.865864,KXBTCD-25MAY2017-T105999.99,DELTA,93,1000,98,1014,578,yes,4,-8100
2025-05-20T13:08:25.866313,KXBTCD-25MAY2017-T105999.99,DELTA,93,1000,98,1014,579,yes,6,5400
2025-05-20T13:08:25.890811,KXBTCD-25MAY2017-T105999.99,DELTA,93,1000,98,1014,580,yes,5,-20000
2025-05-20T13:08:25.927371,KXBTCD-25MAY2017-T105999.99,DELTA,93,1000,98,1014,581,yes,7,20000
2025-05-20T13:08:32.160763,KXBTCD-25MAY2017-T105999.99,DELTA,93,1000,98,1014,582,yes,84,-500
2025-05-20T13:08:32.161611,KXBTCD-25MAY2017-T105999.99,DELTA,94,500,98,1014,583,yes,94,500
2025-05-20T13:08:33.849243,KXBTCD-25MAY2017-T105999.99,DELTA,94,500,98,1014,584,yes,6,-5400
2025-05-20T13:08:33.850376,KXBTCD-25MAY2017-T105999.99,DELTA,94,500,98,1014,585,yes,8,4050
2025-05-20T13:08:33.851129,KXBTCD-25MAY2017-T105999.99,DELTA,94,500,98,1014,586,yes,7,-20000
2025-05-20T13:08:33.872453,KXBTCD-25MAY2017-T105999.99,DELTA,94,500,98,1014,587,yes,9,20000
2025-05-20T13:08:36.859547,KXBTCD-25MAY2017-T105999.99,DELTA,94,500,98,1014,588,yes,86,-500
2025-05-20T13:08:36.860328,KXBTCD-25MAY2017-T105999.99,DELTA,94,500,98,1014,589,no,1,-500
2025-05-20T13:08:36.932102,KXBTCD-25MAY2017-T105999.99,DELTA,94,500,98,1014,590,yes,90,-2000
2025-05-20T13:08:36.932240,KXBTCD-25MAY2017-T105999.99,DELTA,94,500,98,1014,591,yes,87,500
2025-05-20T13:08:36.932325,KXBTCD-25MAY2017-T105999.99,DELTA,94,500,98,1014,592,no,1,500
2025-05-20T13:08:36.932392,KXBTCD-25MAY2017-T105999.99,DELTA,94,500,98,1014,593,yes,93,-1000
2025-05-20T13:08:36.958739,KXBTCD-25MAY2017-T105999.99,DELTA,94,500,98,1014,594,yes,91,-1250
2025-05-20T13:08:36.958851,KXBTCD-25MAY2017-T105999.99,DELTA,94,500,98,14,595,no,2,-1000
2025-05-20T13:08:37.115663,KXBTCD-25MAY2017-T105999.99,DELTA,94,500,98,14,596,no,1,1000
2025-05-20T13:08:37.116483,KXBTCD-25MAY2017-T105999.99,DELTA,94,1500,98,14,597,yes,94,1000
2025-05-20T13:08:37.116936,KXBTCD-25MAY2017-T105999.99,DELTA,94,1500,98,14,598,yes,92,1250
2025-05-20T13:08:37.117309,KXBTCD-25MAY2017-T105999.99,DELTA,94,1500,98,14,599,yes,91,2000
2025-05-20T13:08:37.233118,KXBTCD-25MAY2017-T105999.99,DELTA,94,1500,98,14,600,yes,88,-30
2025-05-20T13:08:37.233939,KXBTCD-25MAY2017-T105999.99,DELTA,94,1500,98,14,601,yes,90,30
2025-05-20T13:08:37.318912,KXBTCD-25MAY2017-T105999.99,DELTA,94,1500,98,14,602,no,1,-100
2025-05-20T13:08:37.327271,KXBTCD-25MAY2017-T105999.99,DELTA,94,1500,98,14,603,yes,92,-100
2025-05-20T13:08:37.417655,KXBTCD-25MAY2017-T105999.99,DELTA,94,1500,98,14,604,yes,91,-2000
2025-05-20T13:08:37.418423,KXBTCD-25MAY2017-T105999.99,DELTA,94,500,98,14,605,yes,94,-1000
2025-05-20T13:08:37.432442,KXBTCD-25MAY2017-T105999.99,DELTA,94,500,98,14,606,yes,92,-1250
2025-05-20T13:08:37.433042,KXBTCD-25MAY2017-T105999.99,DELTA,94,500,98,14,607,no,1,-1000
2025-05-20T13:08:37.515245,KXBTCD-25MAY2017-T105999.99,DELTA,94,500,98,14,608,yes,91,1250
2025-05-20T13:08:37.515373,KXBTCD-25MAY2017-T105999.99,DELTA,94,500,98,1014,609,no,2,1000
2025-05-20T13:08:37.515441,KXBTCD-25MAY2017-T105999.99,DELTA,94,500,98,1014,610,yes,93,1000
2025-05-20T13:08:37.515507,KXBTCD-25MAY2017-T105999.99,DELTA,94,500,98,1014,611,yes,90,2000
2025-05-20T13:08:38.457604,KXBTCD-25MAY2017-T105999.99,DELTA,94,500,98,1014,612,yes,93,100
2025-05-20T13:08:40.922221,KXBTCD-25MAY2017-T105999.99,DELTA,94,500,98,1014,613,yes,8,-4050
2025-05-20T13:08:40.922968,KXBTCD-25MAY2017-T105999.99,DELTA,94,500,98,1014,614,yes,10,3240
2025-05-20T13:08:40.923443,KXBTCD-25MAY2017-T105999.99,DELTA,94,500,98,1014,615,yes,9,-20000
2025-05-20T13:08:40.923861,KXBTCD-25MAY2017-T105999.99,DELTA,94,500,98,1014,616,yes,11,20000
2025-05-20T13:08:42.479896,KXBTCD-25MAY2017-T105999.99,DELTA,94,500,98,1014,617,yes,90,-2000
2025-05-20T13:08:42.480885,KXBTCD-25MAY2017-T105999.99,DELTA,94,500,98,1014,618,yes,93,-1000
2025-05-20T13:08:42.481614,KXBTCD-25MAY2017-T105999.99,DELTA,94,500,98,1014,619,yes,91,-1250
2025-05-20T13:08:42.482183,KXBTCD-25MAY2017-T105999.99,DELTA,94,500,98,14,620,no,2,-1000
2025-05-20T13:08:42.526767,KXBTCD-25MAY2017-T105999.99,DELTA,94,500,98,14,621,yes,91,2000
2025-05-20T13:08:42.527627,KXBTCD-25MAY2017-T105999.99,DELTA,94,500,98,14,622,yes,92,1250
2025-05-20T13:08:42.528359,KXBTCD-25MAY2017-T105999.99,DELTA,94,500,98,14,623,no,1,1000
2025-05-20T13:08:42.529692,KXBTCD-25MAY2017-T105999.99,DELTA,94,1500,98,14,624,yes,94,1000
2025-05-20T13:08:42.615125,KXBTCD-25MAY2017-T105999.99,DELTA,94,1500,98,14,625,yes,87,-500
2025-05-20T13:08:42.638656,KXBTCD-25MAY2017-T105999.99,DELTA,94,1500,98,14,626,no,1,-500
2025-05-20T13:08:47.209114,KXBTCD-25MAY2017-T105999.99,DELTA,94,1500,98,14,627,yes,87,500
2025-05-20T13:08:47.406250,KXBTCD-25MAY2017-T105999.99,DELTA,94,1500,98,14,628,no,1,500
2025-05-20T13:08:47.795711,KXBTCD-25MAY2017-T105999.99,DELTA,94,1500,98,14,629,yes,91,-2000
2025-05-20T13:08:47.917376,KXBTCD-25MAY2017-T105999.99,DELTA,94,500,98,14,630,yes,94,-1000
2025-05-20T13:08:47.997660,KXBTCD-25MAY2017-T105999.99,DELTA,94,500,98,14,631,yes,92,-1250
2025-05-20T13:08:48.001428,KXBTCD-25MAY2017-T105999.99,DELTA,94,500,98,14,632,no,1,-1000
2025-05-20T13:08:48.122656,KXBTCD-25MAY2017-T105999.99,DELTA,94,500,98,14,633,yes,91,1250
2025-05-20T13:08:48.123543,KXBTCD-25MAY2017-T105999.99,DELTA,94,500,98,1014,634,no,2,1000
2025-05-20T13:08:48.124049,KXBTCD-25MAY2017-T105999.99,DELTA,94,500,98,1014,635,yes,93,1000
2025-05-20T13:08:48.124462,KXBTCD-25MAY2017-T105999.99,DELTA,94,500,98,1014,636,yes,90,2000
2025-05-20T13:08:48.260485,KXBTCD-25MAY2017-T105999.99,DELTA,93,1100,98,1014,637,yes,94,-500
2025-05-20T13:08:48.261416,KXBTCD-25MAY2017-T105999.99,DELTA,93,1100,98,1014,638,yes,84,500
2025-05-20T13:08:48.789828,KXBTCD-25MAY2017-T105999.99,DELTA,93,1100,98,1014,639,yes,84,-500
2025-05-20T13:08:48.919455,KXBTCD-25MAY2017-T105999.99,DELTA,93,1100,98,1014,640,yes,87,-500
2025-05-20T13:08:49.140848,KXBTCD-25MAY2017-T105999.99,DELTA,93,1100,98,1014,641,yes,86,500
2025-05-20T13:08:49.650535,KXBTCD-25MAY2017-T105999.99,DELTA,93,1100,98,1014,642,yes,10,-3240
2025-05-20T13:08:49.651369,KXBTCD-25MAY2017-T105999.99,DELTA,93,1100,98,1014,643,yes,52,623
2025-05-20T13:08:49.721590,KXBTCD-25MAY2017-T105999.99,DELTA,93,1100,98,1014,644,yes,11,-20000
2025-05-20T13:08:51.974858,KXBTCD-25MAY2017-T105999.99,DELTA,93,1100,98,1014,645,yes,90,-30
2025-05-20T13:08:51.975022,KXBTCD-25MAY2017-T105999.99,DELTA,93,1100,98,1014,646,yes,88,30
2025-05-20T13:08:52.124661,KXBTCD-25MAY2017-T105999.99,DELTA,93,1100,98,1014,647,yes,84,500
2025-05-20T13:08:54.188929,KXBTCD-25MAY2017-T105999.99,DELTA,94,500,98,1014,648,yes,94,500
2025-05-20T13:08:54.207051,KXBTCD-25MAY2017-T105999.99,DELTA,94,500,98,1014,649,yes,84,-500
2025-05-20T13:08:57.198622,KXBTCD-25MAY2017-T105999.99,DELTA,94,500,98,1014,650,yes,52,-623
2025-05-20T13:08:57.199841,KXBTCD-25MAY2017-T105999.99,DELTA,94,500,98,1014,651,yes,4,8100
2025-05-20T13:08:57.200787,KXBTCD-25MAY2017-T105999.99,DELTA,94,500,98,1014,652,yes,5,20000
2025-05-20T13:09:00.303963,KXBTCD-25MAY2017-T105999.99,DELTA,94,500,98,1014,653,yes,93,-100
2025-05-20T13:09:00.549020,KXBTCD-25MAY2017-T105999.99,DELTA,94,500,98,1014,654,no,1,100
2025-05-20T13:09:01.189339,KXBTCD-25MAY2017-T105999.99,DELTA,94,500,98,1014,655,yes,91,100
2025-05-20T13:09:04.369504,KXBTCD-25MAY2017-T105999.99,DELTA,94,500,98,1014,656,yes,4,-8100
2025-05-20T13:09:04.370697,KXBTCD-25MAY2017-T105999.99,DELTA,94,500,98,1014,657,yes,6,5400
2025-05-20T13:09:04.490697,KXBTCD-25MAY2017-T105999.99,DELTA,94,500,98,1014,658,yes,5,-20000
2025-05-20T13:09:04.491773,KXBTCD-25MAY2017-T105999.99,DELTA,94,500,98,1014,659,yes,7,20000
2025-05-20T13:09:08.176695,KXBTCD-25MAY2017-T105999.99,DELTA,94,500,98,1014,660,yes,84,500
2025-05-20T13:09:08.187260,KXBTCD-25MAY2017-T105999.99,DELTA,93,1000,98,1014,661,yes,94,-500
2025-05-20T13:09:11.122856,KXBTCD-25MAY2017-T105999.99,DELTA,93,1000,98,1014,662,yes,6,-5400
2025-05-20T13:09:11.123856,KXBTCD-25MAY2017-T105999.99,DELTA,93,1000,98,1014,663,yes,8,4050
2025-05-20T13:09:11.124446,KXBTCD-25MAY2017-T105999.99,DELTA,93,1000,98,1014,664,yes,7,-20000
2025-05-20T13:09:11.138981,KXBTCD-25MAY2017-T105999.99,DELTA,93,1000,98,1014,665,yes,9,20000
2025-05-20T13:09:15.327401,KXBTCD-25MAY2017-T105999.99,DELTA,93,1000,98,1014,666,no,1,-100
2025-05-20T13:09:16.429314,KXBTCD-25MAY2017-T105999.99,DELTA,93,1000,98,1014,667,no,1,100
2025-05-20T13:09:18.774916,KXBTCD-25MAY2017-T105999.99,DELTA,93,1000,98,1014,668,yes,8,-4050
2025-05-20T13:09:18.775773,KXBTCD-25MAY2017-T105999.99,DELTA,93,1000,98,1014,669,yes,10,3240
2025-05-20T13:09:18.829741,KXBTCD-25MAY2017-T105999.99,DELTA,93,1000,98,1014,670,yes,9,-20000
2025-05-20T13:09:18.871896,KXBTCD-25MAY2017-T105999.99,DELTA,93,1000,98,1014,671,yes,11,20000
2025-05-20T13:09:22.127430,KXBTCD-25MAY2017-T105999.99,DELTA,94,500,98,1014,672,yes,94,500
2025-05-20T13:09:22.147706,KXBTCD-25MAY2017-T105999.99,DELTA,94,500,98,1014,673,yes,84,-500
2025-05-20T13:09:22.906305,KXBTCD-25MAY2017-T105999.99,DELTA,94,500,98,1014,674,yes,91,-100
2025-05-20T13:09:24.009479,KXBTCD-25MAY2017-T105999.99,DELTA,94,500,98,1014,675,yes,91,100
2025-05-20T13:09:24.068236,KXBTCD-25MAY2017-T105999.99,DELTA,94,500,98,1014,676,yes,10,-3240
2025-05-20T13:09:24.149682,KXBTCD-25MAY2017-T105999.99,DELTA,94,500,98,1014,677,yes,11,-20000
2025-05-20T13:09:26.128940,KXBTCD-25MAY2017-T105999.99,DELTA,93,1000,98,1014,678,yes,94,-500
2025-05-20T13:09:26.130061,KXBTCD-25MAY2017-T105999.99,DELTA,93,1000,98,1014,679,yes,84,500
2025-05-20T13:09:28.160346,KXBTCD-25MAY2017-T105999.99,DELTA,93,1000,98,1014,680,yes,84,-500
2025-05-20T13:09:28.161296,KXBTCD-25MAY2017-T105999.99,DELTA,94,500,98,1014,681,yes,94,500
2025-05-20T13:09:28.272685,KXBTCD-25MAY2017-T105999.99,DELTA,94,500,98,1014,682,yes,91,-100
2025-05-20T13:09:29.234349,KXBTCD-25MAY2017-T105999.99,DELTA,94,500,98,1014,683,yes,92,100
2025-05-20T13:09:31.308150,KXBTCD-25MAY2017-T105999.99,DELTA,94,500,98,1014,684,yes,86,-500
2025-05-20T13:09:31.310181,KXBTCD-25MAY2017-T105999.99,DELTA,94,500,98,1014,685,no,1,-500
2025-05-20T13:09:31.311187,KXBTCD-25MAY2017-T105999.99,DELTA,94,500,98,1014,686,yes,87,500
2025-05-20T13:09:31.311791,KXBTCD-25MAY2017-T105999.99,DELTA,94,500,98,1014,687,no,1,500
2025-05-20T13:09:31.312643,KXBTCD-25MAY2017-T105999.99,DELTA,94,500,98,1014,688,yes,87,-500
2025-05-20T13:09:31.331641,KXBTCD-25MAY2017-T105999.99,DELTA,94,500,98,1014,689,no,1,-500
2025-05-20T13:09:32.471741,KXBTCD-25MAY2017-T105999.99,DELTA,94,500,98,1014,690,yes,4,8100
2025-05-20T13:09:32.531727,KXBTCD-25MAY2017-T105999.99,DELTA,94,500,98,1014,691,yes,5,20000
2025-05-20T13:09:35.954968,KXBTCD-25MAY2017-T105999.99,DELTA,94,500,98,1014,692,yes,90,-2000
2025-05-20T13:09:35.955622,KXBTCD-25MAY2017-T105999.99,DELTA,94,500,98,1014,693,yes,93,-1000
2025-05-20T13:09:35.972482,KXBTCD-25MAY2017-T105999.99,DELTA,94,500,98,1014,694,yes,91,-1250
2025-05-20T13:09:35.973086,KXBTCD-25MAY2017-T105999.99,DELTA,94,500,98,14,695,no,2,-1000
2025-05-20T13:09:36.008325,KXBTCD-25MAY2017-T105999.99,DELTA,94,500,98,14,696,yes,92,1250
2025-05-20T13:09:36.009449,KXBTCD-25MAY2017-T105999.99,DELTA,94,500,98,14,697,yes,91,2000
2025-05-20T13:09:36.010320,KXBTCD-25MAY2017-T105999.99,DELTA,94,1500,98,14,698,yes,94,1000
2025-05-20T13:09:36.033822,KXBTCD-25MAY2017-T105999.99,DELTA,94,1500,98,14,699,no,1,1000
2025-05-20T13:09:39.429294,KXBTCD-25MAY2017-T105999.99,DELTA,94,1500,98,14,700,yes,4,-8100
2025-05-20T13:09:39.430472,KXBTCD-25MAY2017-T105999.99,DELTA,94,1500,98,14,701,yes,6,5400
2025-05-20T13:09:39.491123,KXBTCD-25MAY2017-T105999.99,DELTA,94,1500,98,14,702,yes,5,-20000
2025-05-20T13:09:39.527459,KXBTCD-25MAY2017-T105999.99,DELTA,94,1500,98,14,703,yes,7,20000
2025-05-20T13:09:41.358473,KXBTCD-25MAY2017-T105999.99,DELTA,94,1500,98,14,704,yes,90,30
2025-05-20T13:09:41.367079,KXBTCD-25MAY2017-T105999.99,DELTA,94,1500,98,14,705,yes,88,-30
2025-05-20T13:09:42.091404,KXBTCD-25MAY2017-T105999.99,DELTA,94,1500,98,14,706,yes,92,-100
2025-05-20T13:09:42.096314,KXBTCD-25MAY2017-T105999.99,DELTA,94,1500,98,14,707,no,1,-100
2025-05-20T13:09:43.026237,KXBTCD-25MAY2017-T105999.99,DELTA,94,1500,98,14,708,yes,93,100
2025-05-20T13:09:48.014041,KXBTCD-25MAY2017-T105999.99,DELTA,94,1500,98,14,709,yes,6,-5400
2025-05-20T13:09:48.015135,KXBTCD-25MAY2017-T105999.99,DELTA,94,1500,98,14,710,yes,8,4050
2025-05-20T13:09:48.027448,KXBTCD-25MAY2017-T105999.99,DELTA,94,1500,98,14,711,yes,7,-20000
2025-05-20T13:09:48.071414,KXBTCD-25MAY2017-T105999.99,DELTA,94,1500,98,14,712,yes,9,20000
2025-05-20T13:09:54.467773,KXBTCD-25MAY2017-T105999.99,DELTA,94,1500,98,14,713,yes,8,-4050
2025-05-20T13:09:54.468888,KXBTCD-25MAY2017-T105999.99,DELTA,94,1500,98,14,714,yes,10,3240
2025-05-20T13:09:54.528292,KXBTCD-25MAY2017-T105999.99,DELTA,94,1500,98,14,715,yes,9,-20000
2025-05-20T13:09:54.567118,KXBTCD-25MAY2017-T105999.99,DELTA,94,1500,98,14,716,yes,11,20000
2025-05-20T13:09:56.402855,KXBTCD-25MAY2017-T105999.99,DELTA,94,1500,98,14,717,yes,90,14
2025-05-20T13:09:56.403784,KXBTCD-25MAY2017-T105999.99,DELTA,94,1500,98,14,718,yes,88,-14
2025-05-20T13:09:56.404401,KXBTCD-25MAY2017-T105999.99,DELTA,94,1500,98,14,719,no,1,14
2025-05-20T13:09:56.404839,KXBTCD-25MAY2017-T105999.99,DELTA,94,1500,99,1194,720,no,2,-14
2025-05-20T13:10:01.393007,KXBTCD-25MAY2017-T105999.99,DELTA,94,1500,99,1194,721,yes,10,-3240
2025-05-20T13:10:01.393944,KXBTCD-25MAY2017-T105999.99,DELTA,94,1500,99,1194,722,yes,12,2700
2025-05-20T13:10:01.546846,KXBTCD-25MAY2017-T105999.99,DELTA,94,1500,99,1194,723,yes,11,-20000
2025-05-20T13:10:07.686779,KXBTCD-25MAY2017-T105999.99,DELTA,94,1500,99,1194,724,yes,91,30
2025-05-20T13:10:07.707365,KXBTCD-25MAY2017-T105999.99,DELTA,94,1500,99,1194,725,yes,90,-30
2025-05-20T13:10:10.107223,KXBTCD-25MAY2017-T105999.99,DELTA,94,1500,99,1194,726,yes,12,-2700
2025-05-20T13:10:10.108199,KXBTCD-25MAY2017-T105999.99,DELTA,94,1500,99,1194,727,yes,4,7290
2025-05-20T13:10:10.108886,KXBTCD-25MAY2017-T105999.99,DELTA,94,1500,99,1194,728,yes,5,20000
2025-05-20T13:10:15.030717,KXBTCD-25MAY2017-T105999.99,DELTA,94,1500,99,1194,729,yes,93,-100
2025-05-20T13:10:15.635223,KXBTCD-25MAY2017-T105999.99,DELTA,94,1500,99,1194,730,yes,93,100
2025-05-20T13:10:15.805001,KXBTCD-25MAY2017-T105999.99,DELTA,94,1500,99,1194,731,yes,93,-100
2025-05-20T13:10:16.669597,KXBTCD-25MAY2017-T105999.99,DELTA,94,1500,99,1194,732,yes,93,100
2025-05-20T13:10:16.870263,KXBTCD-25MAY2017-T105999.99,DELTA,94,1500,99,1194,733,yes,93,-100
2025-05-20T13:10:17.381324,KXBTCD-25MAY2017-T105999.99,DELTA,94,1500,99,1194,734,yes,91,14
2025-05-20T13:10:17.387474,KXBTCD-25MAY2017-T105999.99,DELTA,94,1500,99,1194,735,yes,90,-14
2025-05-20T13:10:17.388281,KXBTCD-25MAY2017-T105999.99,DELTA,94,1500,99,1180,736,no,1,-14
2025-05-20T13:10:17.528373,KXBTCD-25MAY2017-T105999.99,DELTA,94,1500,99,1180,737,yes,4,-7290
2025-05-20T13:10:17.529492,KXBTCD-25MAY2017-T105999.99,DELTA,94,1500,99,1180,738,yes,6,4860
2025-05-20T13:10:17.548253,KXBTCD-25MAY2017-T105999.99,DELTA,94,1500,99,1180,739,yes,93,100
2025-05-20T13:10:17.592970,KXBTCD-25MAY2017-T105999.99,DELTA,94,1500,99,1180,740,yes,5,-20000
2025-05-20T13:10:17.635559,KXBTCD-25MAY2017-T105999.99,DELTA,94,1500,99,1180,741,yes,7,20000
2025-05-20T13:10:17.731169,KXBTCD-25MAY2017-T105999.99,DELTA,94,1500,99,1180,742,yes,93,-100
2025-05-20T13:10:18.863147,KXBTCD-25MAY2017-T105999.99,DELTA,94,1500,99,1180,743,yes,93,100
2025-05-20T13:10:20.520881,KXBTCD-25MAY2017-T105999.99,DELTA,94,1500,99,1180,744,yes,7,-20000
2025-05-20T13:10:20.521275,KXBTCD-25MAY2017-T105999.99,DELTA,94,1500,99,1180,745,yes,91,-2000
2025-05-20T13:10:20.521629,KXBTCD-25MAY2017-T105999.99,DELTA,94,1500,99,1180,746,yes,92,-1250
2025-05-20T13:10:20.764091,KXBTCD-25MAY2017-T105999.99,DELTA,94,1500,99,1180,747,yes,93,-100
2025-05-20T13:10:21.828720,KXBTCD-25MAY2017-T105999.99,DELTA,94,1600,99,1180,748,yes,94,100
2025-05-20T13:10:25.288871,KXBTCD-25MAY2017-T105999.99,DELTA,94,1600,99,1180,749,yes,6,-4860
2025-05-20T13:10:25.289656,KXBTCD-25MAY2017-T105999.99,DELTA,94,1600,99,1180,750,yes,4,7290
2025-05-20T13:10:25.527778,KXBTCD-25MAY2017-T105999.99,DELTA,94,1600,99,1180,751,yes,5,20000
2025-05-20T13:10:33.188486,KXBTCD-25MAY2017-T105999.99,DELTA,94,1600,99,1180,752,yes,4,-7290
2025-05-20T13:10:33.189517,KXBTCD-25MAY2017-T105999.99,DELTA,94,1600,99,1180,753,yes,6,4860
2025-05-20T13:10:33.248700,KXBTCD-25MAY2017-T105999.99,DELTA,94,1600,99,1180,754,yes,5,-20000
2025-05-20T13:10:33.299026,KXBTCD-25MAY2017-T105999.99,DELTA,94,1600,99,1180,755,yes,7,20000
2025-05-20T13:10:40.326985,KXBTCD-25MAY2017-T105999.99,DELTA,94,1600,99,1180,756,yes,6,-4860
2025-05-20T13:10:40.327959,KXBTCD-25MAY2017-T105999.99,DELTA,94,1600,99,1180,757,yes,8,3645
2025-05-20T13:10:40.440570,KXBTCD-25MAY2017-T105999.99,DELTA,94,1600,99,1180,758,yes,7,-20000
2025-05-20T13:10:40.441749,KXBTCD-25MAY2017-T105999.99,DELTA,94,1600,99,1180,759,yes,9,20000
2025-05-20T13:10:47.389542,KXBTCD-25MAY2017-T105999.99,DELTA,94,1600,99,1180,760,yes,8,-3645
2025-05-20T13:10:47.390358,KXBTCD-25MAY2017-T105999.99,DELTA,94,1600,99,1180,761,yes,52,560
2025-05-20T13:10:47.455187,KXBTCD-25MAY2017-T105999.99,DELTA,94,1600,99,1180,762,yes,9,-20000
2025-05-20T13:10:59.565289,KXBTCD-25MAY2017-T105999.99,DELTA,94,1600,99,1180,763,yes,92,1250
2025-05-20T13:10:59.566510,KXBTCD-25MAY2017-T105999.99,DELTA,94,1600,99,1180,764,yes,91,2000
2025-05-20T13:11:28.376065,KXBTCD-25MAY2017-T105999.99,DELTA,94,1600,99,1180,765,yes,91,-2000
2025-05-20T13:11:28.388479,KXBTCD-25MAY2017-T105999.99,DELTA,94,600,99,1180,766,yes,94,-1000
2025-05-20T13:11:28.402099,KXBTCD-25MAY2017-T105999.99,DELTA,94,600,99,1180,767,yes,92,-1250
2025-05-20T13:11:28.402981,KXBTCD-25MAY2017-T105999.99,DELTA,94,600,99,180,768,no,1,-1000
2025-05-20T13:11:28.451003,KXBTCD-25MAY2017-T105999.99,DELTA,94,600,99,180,769,yes,92,2000
2025-05-20T13:11:28.451685,KXBTCD-25MAY2017-T105999.99,DELTA,94,600,99,180,770,yes,93,1250
2025-05-20T13:11:28.452184,KXBTCD-25MAY2017-T105999.99,DELTA,95,1000,99,180,771,yes,95,1000
2025-05-20T13:11:29.076584,KXBTCD-25MAY2017-T105999.99,DELTA,97,100,99,180,772,yes,97,100
2025-05-20T13:11:29.095365,KXBTCD-25MAY2017-T105999.99,DELTA,97,100,99,180,773,yes,93,30
2025-05-20T13:11:29.096247,KXBTCD-25MAY2017-T105999.99,DELTA,97,100,99,180,774,yes,91,-30
2025-05-20T13:11:44.735687,KXBTCD-25MAY2017-T105999.99,DELTA,97,48,99,180,775,yes,97,-52
2025-05-20T13:11:46.669943,KXBTCD-25MAY2017-T105999.99,DELTA,97,48,99,180,776,yes,93,14
2025-05-20T13:11:46.671113,KXBTCD-25MAY2017-T105999.99,DELTA,97,48,99,180,777,yes,91,-14
2025-05-20T13:12:10.530239,KXBTCD-25MAY2017-T105999.99,DELTA,97,48,99,180,778,yes,92,-2000
2025-05-20T13:12:10.531112,KXBTCD-25MAY2017-T105999.99,DELTA,97,48,99,180,779,yes,93,-1250
2025-05-20T13:12:17.347509,KXBTCD-25MAY2017-T105999.99,DELTA,97,48,99,180,780,yes,94,1250
2025-05-20T13:12:17.348493,KXBTCD-25MAY2017-T105999.99,DELTA,97,48,99,180,781,yes,93,2000
2025-05-20T13:12:18.825201,KXBTCD-25MAY2017-T105999.99,DELTA,97,48,99,180,782,yes,93,-2000
2025-05-20T13:12:18.826178,KXBTCD-25MAY2017-T105999.99,DELTA,97,48,99,180,783,yes,94,-1250
2025-05-20T13:12:18.852791,KXBTCD-25MAY2017-T105999.99,DELTA,97,48,99,180,784,yes,93,1250
2025-05-20T13:12:18.853633,KXBTCD-25MAY2017-T105999.99,DELTA,97,48,99,180,785,yes,92,2000
2025-05-20T13:12:31.126193,KXBTCD-25MAY2017-T105999.99,DELTA,97,48,99,180,786,yes,92,-2000
2025-05-20T13:12:31.127355,KXBTCD-25MAY2017-T105999.99,DELTA,97,48,99,1180,787,no,1,1000
2025-05-20T13:12:31.128223,KXBTCD-25MAY2017-T105999.99,DELTA,97,48,99,1180,788,yes,95,-1000
2025-05-20T13:12:31.128884,KXBTCD-25MAY2017-T105999.99,DELTA,97,48,99,1180,789,yes,93,-1250
2025-05-20T13:12:31.150580,KXBTCD-25MAY2017-T105999.99,DELTA,97,48,99,1180,790,yes,94,1000
2025-05-20T13:12:31.151234,KXBTCD-25MAY2017-T105999.99,DELTA,97,48,99,1180,791,yes,91,2000
2025-05-20T13:12:31.151830,KXBTCD-25MAY2017-T105999.99,DELTA,97,48,99,1180,792,yes,92,1250
2025-05-20T13:12:32.115738,KXBTCD-25MAY2017-T105999.99,DELTA,97,48,99,1180,793,yes,52,-560
2025-05-20T13:12:36.880725,KXBTCD-25MAY2017-T105999.99,DELTA,97,48,99,1180,794,yes,91,-2000
2025-05-20T13:12:36.881943,KXBTCD-25MAY2017-T105999.99,DELTA,97,48,99,1180,795,yes,94,-1000
2025-05-20T13:12:36.886234,KXBTCD-25MAY2017-T105999.99,DELTA,97,48,99,1180,796,yes,92,-1250
2025-05-20T13:12:36.887081,KXBTCD-25MAY2017-T105999.99,DELTA,97,48,99,180,797,no,1,-1000
2025-05-20T13:12:36.948169,KXBTCD-25MAY2017-T105999.99,DELTA,97,48,99,180,798,yes,93,1250
2025-05-20T13:12:36.949020,KXBTCD-25MAY2017-T105999.99,DELTA,97,48,99,180,799,yes,92,2000
2025-05-20T13:12:36.949501,KXBTCD-25MAY2017-T105999.99,DELTA,97,48,99,180,800,yes,95,1000
2025-05-20T13:12:37.023768,KXBTCD-25MAY2017-T105999.99,DELTA,97,48,99,1180,801,no,1,1000
2025-05-20T13:12:37.024605,KXBTCD-25MAY2017-T105999.99,DELTA,97,48,99,1180,802,yes,92,-2000
2025-05-20T13:12:37.028532,KXBTCD-25MAY2017-T105999.99,DELTA,97,48,99,1180,803,yes,95,-1000
2025-05-20T13:12:37.029014,KXBTCD-25MAY2017-T105999.99,DELTA,97,48,99,1180,804,yes,93,-1250
2025-05-20T13:12:37.095762,KXBTCD-25MAY2017-T105999.99,DELTA,97,48,99,1180,805,yes,94,1000
2025-05-20T13:12:37.096215,KXBTCD-25MAY2017-T105999.99,DELTA,97,48,99,1180,806,yes,91,2000
2025-05-20T13:12:37.096460,KXBTCD-25MAY2017-T105999.99,DELTA,97,48,99,1180,807,yes,92,1250
2025-05-20T13:12:37.394816,KXBTCD-25MAY2017-T105999.99,DELTA,97,48,99,1180,808,yes,91,-2000
2025-05-20T13:12:37.417407,KXBTCD-25MAY2017-T105999.99,DELTA,97,48,99,1180,809,yes,94,-1000
2025-05-20T13:12:37.418440,KXBTCD-25MAY2017-T105999.99,DELTA,97,48,99,1180,810,yes,92,-1250
2025-05-20T13:12:37.450187,KXBTCD-25MAY2017-T105999.99,DELTA,97,48,99,180,811,no,1,-1000
2025-05-20T13:12:37.473756,KXBTCD-25MAY2017-T105999.99,DELTA,97,48,99,180,812,yes,92,2000
2025-05-20T13:12:37.474521,KXBTCD-25MAY2017-T105999.99,DELTA,97,48,99,180,813,yes,95,1000
2025-05-20T13:12:37.475035,KXBTCD-25MAY2017-T105999.99,DELTA,97,48,99,180,814,yes,93,1250
2025-05-20T13:12:42.084181,KXBTCD-25MAY2017-T105999.99,DELTA,97,48,99,180,815,yes,52,560
2025-05-20T13:12:50.463664,KXBTCD-25MAY2017-T105999.99,DELTA,97,48,99,180,816,yes,52,-560
2025-05-20T13:12:50.464533,KXBTCD-25MAY2017-T105999.99,DELTA,97,48,99,180,817,yes,53,550
2025-05-20T13:12:59.409761,KXBTCD-25MAY2017-T105999.99,DELTA,97,48,99,180,818,yes,53,-550
2025-05-20T13:12:59.410740,KXBTCD-25MAY2017-T105999.99,DELTA,97,48,99,180,819,yes,52,560
2025-05-20T13:13:05.527037,KXBTCD-25MAY2017-T105999.99,DELTA,97,48,99,1180,820,no,1,1000
2025-05-20T13:13:05.527182,KXBTCD-25MAY2017-T105999.99,DELTA,97,48,99,1180,821,yes,92,-2000
2025-05-20T13:13:05.527275,KXBTCD-25MAY2017-T105999.99,DELTA,97,48,99,1180,822,yes,95,-1000
2025-05-20T13:13:05.547897,KXBTCD-25MAY2017-T105999.99,DELTA,97,48,99,1180,823,yes,93,-1250
2025-05-20T13:13:05.664248,KXBTCD-25MAY2017-T105999.99,DELTA,97,48,99,1180,824,yes,91,2000
2025-05-20T13:13:05.665132,KXBTCD-25MAY2017-T105999.99,DELTA,97,48,99,1180,825,yes,92,1250
2025-05-20T13:13:05.665711,KXBTCD-25MAY2017-T105999.99,DELTA,97,48,99,1180,826,yes,94,1000
2025-05-20T13:13:11.190565,KXBTCD-25MAY2017-T105999.99,DELTA,97,48,99,1180,827,yes,91,-2000
2025-05-20T13:13:11.191591,KXBTCD-25MAY2017-T105999.99,DELTA,97,48,99,1180,828,yes,94,-1000
2025-05-20T13:13:11.213113,KXBTCD-25MAY2017-T105999.99,DELTA,97,48,99,1180,829,yes,92,-1250
2025-05-20T13:13:11.214044,KXBTCD-25MAY2017-T105999.99,DELTA,97,48,99,180,830,no,1,-1000
2025-05-20T13:13:11.267916,KXBTCD-25MAY2017-T105999.99,DELTA,97,48,99,180,831,yes,95,1000
2025-05-20T13:13:11.268893,KXBTCD-25MAY2017-T105999.99,DELTA,97,48,99,180,832,yes,92,2000
2025-05-20T13:13:11.269676,KXBTCD-25MAY2017-T105999.99,DELTA,97,48,99,180,833,yes,93,1250
2025-05-20T13:13:19.707489,KXBTCD-25MAY2017-T105999.99,DELTA,97,48,99,1180,834,no,1,1000
2025-05-20T13:13:19.708384,KXBTCD-25MAY2017-T105999.99,DELTA,97,48,99,1180,835,yes,92,-2000
2025-05-20T13:13:19.730781,KXBTCD-25MAY2017-T105999.99,DELTA,97,48,99,1180,836,yes,95,-1000
2025-05-20T13:13:19.731530,KXBTCD-25MAY2017-T105999.99,DELTA,97,48,99,1180,837,yes,93,-1250
2025-05-20T13:13:19.826830,KXBTCD-25MAY2017-T105999.99,DELTA,97,48,99,1180,838,yes,91,2000
2025-05-20T13:13:19.827705,KXBTCD-25MAY2017-T105999.99,DELTA,97,48,99,1180,839,yes,94,1000
2025-05-20T13:13:19.828421,KXBTCD-25MAY2017-T105999.99,DELTA,97,48,99,1180,840,yes,92,1250
2025-05-20T13:13:20.908168,KXBTCD-25MAY2017-T105999.99,DELTA,97,48,99,1180,841,yes,91,-2000
2025-05-20T13:13:20.933443,KXBTCD-25MAY2017-T105999.99,DELTA,97,48,99,1180,842,yes,94,-1000
2025-05-20T13:13:20.934127,KXBTCD-25MAY2017-T105999.99,DELTA,97,48,99,1180,843,yes,92,-1250
2025-05-20T13:13:20.946149,KXBTCD-25MAY2017-T105999.99,DELTA,97,48,99,180,844,no,1,-1000
2025-05-20T13:13:20.991236,KXBTCD-25MAY2017-T105999.99,DELTA,97,48,99,180,845,yes,95,1000
2025-05-20T13:13:21.011972,KXBTCD-25MAY2017-T105999.99,DELTA,97,48,99,180,846,yes,93,1250
2025-05-20T13:13:21.028638,KXBTCD-25MAY2017-T105999.99,DELTA,97,48,99,180,847,yes,92,2000
2025-05-20T13:13:31.363081,KXBTCD-25MAY2017-T105999.99,DELTA,97,48,99,180,848,yes,92,-2000
2025-05-20T13:13:31.363903,KXBTCD-25MAY2017-T105999.99,DELTA,97,48,99,1180,849,no,1,1000
2025-05-20T13:13:31.364556,KXBTCD-25MAY2017-T105999.99,DELTA,97,48,99,1180,850,yes,95,-1000
2025-05-20T13:13:31.365144,KXBTCD-25MAY2017-T105999.99,DELTA,97,48,99,1180,851,yes,93,-1250
2025-05-20T13:13:31.368635,KXBTCD-25MAY2017-T105999.99,DELTA,97,48,99,1180,852,yes,91,2000
2025-05-20T13:13:31.369100,KXBTCD-25MAY2017-T105999.99,DELTA,97,48,99,1180,853,yes,92,1250
2025-05-20T13:13:31.369588,KXBTCD-25MAY2017-T105999.99,DELTA,97,48,99,1180,854,yes,94,1000
2025-05-20T13:13:31.885114,KXBTCD-25MAY2017-T105999.99,DELTA,97,48,99,1180,855,yes,91,-2000
2025-05-20T13:13:31.885991,KXBTCD-25MAY2017-T105999.99,DELTA,97,48,99,1180,856,yes,94,-1000
2025-05-20T13:13:31.886700,KXBTCD-25MAY2017-T105999.99,DELTA,97,48,99,1180,857,yes,92,-1250
2025-05-20T13:13:31.887370,KXBTCD-25MAY2017-T105999.99,DELTA,97,48,99,180,858,no,1,-1000
2025-05-20T13:13:31.888605,KXBTCD-25MAY2017-T105999.99,DELTA,97,48,99,180,859,yes,92,2000
2025-05-20T13:13:31.889315,KXBTCD-25MAY2017-T105999.99,DELTA,97,48,99,180,860,yes,95,1000
2025-05-20T13:13:31.889942,KXBTCD-25MAY2017-T105999.99,DELTA,97,48,99,180,861,yes,93,1250
2025-05-20T13:13:32.251899,KXBTCD-25MAY2017-T105999.99,DELTA,97,48,99,1180,862,no,1,1000
2025-05-20T13:13:32.252702,KXBTCD-25MAY2017-T105999.99,DELTA,97,48,99,1180,863,yes,92,-2000
2025-05-20T13:13:32.275860,KXBTCD-25MAY2017-T105999.99,DELTA,97,48,99,1180,864,yes,95,-1000
2025-05-20T13:13:32.276617,KXBTCD-25MAY2017-T105999.99,DELTA,97,48,99,1180,865,yes,93,-1250
2025-05-20T13:13:32.412452,KXBTCD-25MAY2017-T105999.99,DELTA,97,48,99,1180,866,yes,92,1250
2025-05-20T13:13:32.412623,KXBTCD-25MAY2017-T105999.99,DELTA,97,48,99,1180,867,yes,94,1000
2025-05-20T13:13:32.414915,KXBTCD-25MAY2017-T105999.99,DELTA,97,48,99,1180,868,yes,91,2000
2025-05-20T13:13:34.504776,KXBTCD-25MAY2017-T105999.99,DELTA,94,1600,99,1180,869,yes,97,-48
2025-05-20T13:13:47.393622,KXBTCD-25MAY2017-T105999.99,DELTA,94,1600,99,1180,870,yes,91,-2000
2025-05-20T13:13:47.394234,KXBTCD-25MAY2017-T105999.99,DELTA,94,1600,99,1180,871,yes,92,-1250
2025-05-20T13:13:51.136205,KXBTCD-25MAY2017-T105999.99,DELTA,94,1600,99,1180,872,yes,84,500
2025-05-20T13:13:51.205071,KXBTCD-25MAY2017-T105999.99,DELTA,94,1100,99,1180,873,yes,94,-500
2025-05-20T13:13:52.019513,KXBTCD-25MAY2017-T105999.99,DELTA,94,100,99,1180,874,yes,94,-1000
2025-05-20T13:13:52.020389,KXBTCD-25MAY2017-T105999.99,DELTA,94,100,99,180,875,no,1,-1000
2025-05-20T13:13:52.073489,KXBTCD-25MAY2017-T105999.99,DELTA,94,100,98,1000,876,no,2,1000
2025-05-20T13:13:52.118514,KXBTCD-25MAY2017-T105999.99,DELTA,94,100,98,1000,877,yes,82,500
2025-05-20T13:13:52.163633,KXBTCD-25MAY2017-T105999.99,DELTA,94,100,98,1000,878,yes,93,1000
2025-05-20T13:13:52.164330,KXBTCD-25MAY2017-T105999.99,DELTA,94,100,98,1000,879,yes,92,-500
2025-05-20T13:13:52.345296,KXBTCD-25MAY2017-T105999.99,DELTA,94,100,98,1000,880,yes,91,1250
2025-05-20T13:13:52.417511,KXBTCD-25MAY2017-T105999.99,DELTA,94,100,98,1000,881,yes,90,2000
2025-05-20T13:13:52.459075,KXBTCD-25MAY2017-T105999.99,DELTA,94,100,98,1000,882,yes,82,-500
2025-05-20T13:13:52.460000,KXBTCD-25MAY2017-T105999.99,DELTA,94,100,98,1000,883,yes,92,500
2025-05-20T13:13:55.633516,KXBTCD-25MAY2017-T105999.99,DELTA,94,100,98,1000,884,yes,90,-2000
2025-05-20T13:13:55.660022,KXBTCD-25MAY2017-T105999.99,DELTA,94,100,98,1000,885,yes,93,-1000
2025-05-20T13:13:55.660172,KXBTCD-25MAY2017-T105999.99,DELTA,94,100,98,1000,886,yes,91,-1250
2025-05-20T13:13:55.676936,KXBTCD-25MAY2017-T105999.99,DELTA,94,100,99,180,887,no,2,-1000
2025-05-20T13:13:55.708419,KXBTCD-25MAY2017-T105999.99,DELTA,94,100,99,180,888,yes,82,500
2025-05-20T13:13:55.708566,KXBTCD-25MAY2017-T105999.99,DELTA,94,100,99,180,889,yes,92,-500
2025-05-20T13:13:55.739294,KXBTCD-25MAY2017-T105999.99,DELTA,94,100,99,1180,890,no,1,1000
2025-05-20T13:13:55.739492,KXBTCD-25MAY2017-T105999.99,DELTA,94,100,99,1180,891,yes,92,1250
2025-05-20T13:13:55.739577,KXBTCD-25MAY2017-T105999.99,DELTA,94,1100,99,1180,892,yes,94,1000
2025-05-20T13:13:55.739706,KXBTCD-25MAY2017-T105999.99,DELTA,94,1100,99,1180,893,yes,91,2000
2025-05-20T13:13:55.739808,KXBTCD-25MAY2017-T105999.99,DELTA,94,1100,99,1180,894,yes,52,-560
2025-05-20T13:13:55.739878,KXBTCD-25MAY2017-T105999.99,DELTA,94,1100,99,1180,895,yes,4,7290
2025-05-20T13:13:55.811400,KXBTCD-25MAY2017-T105999.99,DELTA,94,1100,99,1180,896,yes,92,-1250
2025-05-20T13:13:56.014977,KXBTCD-25MAY2017-T105999.99,DELTA,94,1100,99,1180,897,yes,5,20000
2025-05-20T13:13:56.015496,KXBTCD-25MAY2017-T105999.99,DELTA,94,1100,99,1180,898,yes,91,1250
2025-05-20T13:13:56.059037,KXBTCD-25MAY2017-T105999.99,DELTA,94,1100,99,1180,899,yes,91,-2000
2025-05-20T13:13:56.060047,KXBTCD-25MAY2017-T105999.99,DELTA,94,1100,99,180,900,no,1,-1000
2025-05-20T13:13:56.060681,KXBTCD-25MAY2017-T105999.99,DELTA,94,100,99,180,901,yes,94,-1000
2025-05-20T13:13:56.143852,KXBTCD-25MAY2017-T105999.99,DELTA,94,100,99,180,902,yes,90,2000
2025-05-20T13:13:56.144600,KXBTCD-25MAY2017-T105999.99,DELTA,94,100,99,180,903,yes,93,1000
2025-05-20T13:13:56.156995,KXBTCD-25MAY2017-T105999.99,DELTA,94,100,99,180,904,yes,92,500
2025-05-20T13:13:56.157602,KXBTCD-25MAY2017-T105999.99,DELTA,94,100,99,180,905,yes,82,-500
2025-05-20T13:13:56.551495,KXBTCD-25MAY2017-T105999.99,DELTA,94,100,98,1000,906,no,2,1000
2025-05-20T13:13:56.814792,KXBTCD-25MAY2017-T105999.99,DELTA,94,100,98,1000,907,yes,90,-2000
2025-05-20T13:13:56.815127,KXBTCD-25MAY2017-T105999.99,DELTA,94,100,98,1000,908,yes,93,-1000
2025-05-20T13:13:56.831673,KXBTCD-25MAY2017-T105999.99,DELTA,94,100,98,1000,909,yes,91,-1250
2025-05-20T13:13:56.832245,KXBTCD-25MAY2017-T105999.99,DELTA,94,100,99,180,910,no,2,-1000
2025-05-20T13:13:56.867997,KXBTCD-25MAY2017-T105999.99,DELTA,94,100,99,180,911,yes,92,-500
2025-05-20T13:13:56.868679,KXBTCD-25MAY2017-T105999.99,DELTA,94,1100,99,180,912,yes,94,1000
2025-05-20T13:13:56.869217,KXBTCD-25MAY2017-T105999.99,DELTA,94,1100,99,180,913,yes,91,2000
2025-05-20T13:13:56.895853,KXBTCD-25MAY2017-T105999.99,DELTA,94,1100,99,180,914,yes,82,500
2025-05-20T13:13:56.896661,KXBTCD-25MAY2017-T105999.99,DELTA,94,1100,99,180,915,yes,92,1250
2025-05-20T13:13:56.897152,KXBTCD-25MAY2017-T105999.99,DELTA,94,1100,99,1180,916,no,1,1000
2025-05-20T13:13:56.952474,KXBTCD-25MAY2017-T105999.99,DELTA,94,1100,99,1180,917,yes,92,-1250
2025-05-20T13:13:57.063962,KXBTCD-25MAY2017-T105999.99,DELTA,94,1100,99,1180,918,yes,91,1250
2025-05-20T13:13:57.299078,KXBTCD-25MAY2017-T105999.99,DELTA,94,1000,99,1180,919,yes,94,-100
2025-05-20T13:13:57.388711,KXBTCD-25MAY2017-T105999.99,DELTA,94,1000,99,1180,920,yes,91,-2000
2025-05-20T13:13:57.389557,KXBTCD-25MAY2017-T105999.99,DELTA,93,44,99,1180,921,yes,94,-1000
2025-05-20T13:13:57.413634,KXBTCD-25MAY2017-T105999.99,DELTA,93,44,99,180,922,no,1,-1000
2025-05-20T13:13:57.439504,KXBTCD-25MAY2017-T105999.99,DELTA,93,44,99,180,923,yes,82,-500
2025-05-20T13:13:57.439981,KXBTCD-25MAY2017-T105999.99,DELTA,93,44,99,180,924,yes,92,500
2025-05-20T13:13:57.474816,KXBTCD-25MAY2017-T105999.99,DELTA,93,44,99,1180,925,no,1,1000
2025-05-20T13:13:57.475309,KXBTCD-25MAY2017-T105999.99,DELTA,93,44,99,1180,926,yes,91,2000
2025-05-20T13:13:57.595447,KXBTCD-25MAY2017-T105999.99,DELTA,94,1000,99,1180,927,yes,94,1000
2025-05-20T13:13:57.596158,KXBTCD-25MAY2017-T105999.99,DELTA,94,1000,99,1180,928,yes,91,-1250
2025-05-20T13:13:57.596820,KXBTCD-25MAY2017-T105999.99,DELTA,94,1000,99,1180,929,yes,92,1250
2025-05-20T13:13:58.104428,KXBTCD-25MAY2017-T105999.99,DELTA,94,1000,99,1180,930,yes,92,100
2025-05-20T13:13:58.253586,KXBTCD-25MAY2017-T105999.99,DELTA,94,1000,99,1180,931,yes,92,-100
2025-05-20T13:13:59.360778,KXBTCD-25MAY2017-T105999.99,DELTA,94,1000,99,1180,932,yes,93,100
2025-05-20T13:14:03.876056,KXBTCD-25MAY2017-T105999.99,DELTA,94,1000,99,1180,933,yes,4,-7290
2025-05-20T13:14:03.876979,KXBTCD-25MAY2017-T105999.99,DELTA,94,1000,99,1180,934,yes,6,4860
2025-05-20T13:14:03.989345,KXBTCD-25MAY2017-T105999.99,DELTA,94,1000,99,1180,935,yes,5,-20000
2025-05-20T13:14:04.028842,KXBTCD-25MAY2017-T105999.99,DELTA,94,1000,99,1180,936,yes,7,20000
2025-05-20T13:14:11.060128,KXBTCD-25MAY2017-T105999.99,DELTA,94,1000,99,1180,937,yes,6,-4860
2025-05-20T13:14:11.061220,KXBTCD-25MAY2017-T105999.99,DELTA,94,1000,99,1180,938,yes,8,3645
2025-05-20T13:14:11.089212,KXBTCD-25MAY2017-T105999.99,DELTA,94,1000,99,1180,939,yes,7,-20000
2025-05-20T13:14:11.127515,KXBTCD-25MAY2017-T105999.99,DELTA,94,1000,99,1180,940,yes,9,20000
2025-05-20T13:14:15.049414,KXBTCD-25MAY2017-T105999.99,DELTA,94,1000,99,1180,941,yes,91,14
2025-05-20T13:14:15.050436,KXBTCD-25MAY2017-T105999.99,DELTA,94,1000,99,1180,942,yes,93,-14
2025-05-20T13:14:16.101632,KXBTCD-25MAY2017-T105999.99,DELTA,94,1000,99,1180,943,yes,91,-2000
2025-05-20T13:14:16.121598,KXBTCD-25MAY2017-T105999.99,DELTA,93,130,99,1180,944,yes,94,-1000
2025-05-20T13:14:16.122469,KXBTCD-25MAY2017-T105999.99,DELTA,93,130,99,1180,945,yes,92,-1250
2025-05-20T13:14:16.134625,KXBTCD-25MAY2017-T105999.99,DELTA,93,130,99,180,946,no,1,-1000
2025-05-20T13:14:16.183025,KXBTCD-25MAY2017-T105999.99,DELTA,93,130,98,1000,947,no,2,1000
2025-05-20T13:14:16.183980,KXBTCD-25MAY2017-T105999.99,DELTA,93,130,98,1000,948,yes,91,1250
2025-05-20T13:14:16.184694,KXBTCD-25MAY2017-T105999.99,DELTA,93,1130,98,1000,949,yes,93,1000
2025-05-20T13:14:16.201049,KXBTCD-25MAY2017-T105999.99,DELTA,93,1130,98,1000,950,yes,90,2000
2025-05-20T13:14:18.748192,KXBTCD-25MAY2017-T105999.99,DELTA,93,1130,98,1000,951,yes,8,-3645
2025-05-20T13:14:18.749174,KXBTCD-25MAY2017-T105999.99,DELTA,93,1130,98,1000,952,yes,10,2916
2025-05-20T13:14:18.807101,KXBTCD-25MAY2017-T105999.99,DELTA,93,1130,98,1000,953,yes,9,-20000
2025-05-20T13:14:21.467519,KXBTCD-25MAY2017-T105999.99,DELTA,93,1100,98,1000,954,yes,93,-30
2025-05-20T13:14:21.503207,KXBTCD-25MAY2017-T105999.99,DELTA,93,1100,98,1000,955,yes,91,30
2025-05-20T13:14:25.176378,KXBTCD-25MAY2017-T105999.99,DELTA,93,1100,98,1000,956,yes,87,500
2025-05-20T13:14:25.192453,KXBTCD-25MAY2017-T105999.99,DELTA,93,1100,98,1000,957,no,1,500
2025-05-20T13:14:25.902619,KXBTCD-25MAY2017-T105999.99,DELTA,93,1100,98,1000,958,yes,10,-2916
2025-05-20T13:14:25.903140,KXBTCD-25MAY2017-T105999.99,DELTA,93,1100,98,1000,959,yes,4,7290
2025-05-20T13:14:26.534019,KXBTCD-25MAY2017-T105999.99,DELTA,93,1100,98,1000,960,yes,5,20000
2025-05-20T13:14:28.367111,KXBTCD-25MAY2017-T105999.99,DELTA,93,1100,98,1000,961,yes,87,-500
2025-05-20T13:14:28.398183,KXBTCD-25MAY2017-T105999.99,DELTA,93,1100,98,1000,962,no,1,-500
2025-05-20T13:14:29.052571,KXBTCD-25MAY2017-T105999.99,DELTA,93,1100,98,1000,963,yes,87,500
2025-05-20T13:14:29.058503,KXBTCD-25MAY2017-T105999.99,DELTA,93,1100,98,1000,964,no,1,500
2025-05-20T13:14:32.834966,KXBTCD-25MAY2017-T105999.99,DELTA,93,1100,98,1000,965,yes,4,-7290
2025-05-20T13:14:32.836003,KXBTCD-25MAY2017-T105999.99,DELTA,93,1100,98,1000,966,yes,6,4860
2025-05-20T13:14:32.895636,KXBTCD-25MAY2017-T105999.99,DELTA,93,1100,98,1000,967,yes,5,-20000
2025-05-20T13:14:32.932576,KXBTCD-25MAY2017-T105999.99,DELTA,93,1100,98,1000,968,yes,7,20000
2025-05-20T13:14:36.927987,KXBTCD-25MAY2017-T105999.99,DELTA,93,1100,98,1000,969,yes,87,-500
2025-05-20T13:14:36.947409,KXBTCD-25MAY2017-T105999.99,DELTA,93,1100,98,1000,970,no,1,-500
2025-05-20T13:14:39.405961,KXBTCD-25MAY2017-T105999.99,DELTA,93,1100,98,1000,971,yes,87,500
2025-05-20T13:14:39.532324,KXBTCD-25MAY2017-T105999.99,DELTA,93,1100,98,1000,972,no,1,500
2025-05-20T13:14:39.722617,KXBTCD-25MAY2017-T105999.99,DELTA,93,1100,98,1000,973,yes,87,-500
2025-05-20T13:14:39.723106,KXBTCD-25MAY2017-T105999.99,DELTA,93,1100,98,1000,974,no,1,-500
2025-05-20T13:14:40.987823,KXBTCD-25MAY2017-T105999.99,DELTA,93,1100,98,1000,975,yes,6,-4860
2025-05-20T13:14:40.988837,KXBTCD-25MAY2017-T105999.99,DELTA,93,1100,98,1000,976,yes,8,3645
2025-05-20T13:14:41.103479,KXBTCD-25MAY2017-T105999.99,DELTA,93,1100,98,1000,977,yes,8,-3645
2025-05-20T13:14:41.927527,KXBTCD-25MAY2017-T105999.99,DELTA,93,1100,98,1000,978,yes,7,-20000
2025-05-20T13:14:47.608200,KXBTCD-25MAY2017-T105999.99,DELTA,93,1100,98,1000,979,yes,4,7290
2025-05-20T13:14:47.668855,KXBTCD-25MAY2017-T105999.99,DELTA,93,1100,98,1000,980,yes,5,20000
2025-05-20T13:14:48.127429,KXBTCD-25MAY2017-T105999.99,DELTA,93,1100,98,1000,981,yes,87,500
2025-05-20T13:14:48.128237,KXBTCD-25MAY2017-T105999.99,DELTA,93,1100,98,1000,982,no,1,500
2025-05-20T13:14:48.527870,KXBTCD-25MAY2017-T105999.99,DELTA,93,1100,98,1000,983,yes,10,100
2025-05-20T13:14:48.746608,KXBTCD-25MAY2017-T105999.99,DELTA,93,1100,98,1000,984,yes,87,-500
2025-05-20T13:14:48.746878,KXBTCD-25MAY2017-T105999.99,DELTA,93,1100,98,1000,985,no,1,-500
2025-05-20T13:14:55.295257,KXBTCD-25MAY2017-T105999.99,DELTA,93,1100,98,1000,986,yes,4,-7290
2025-05-20T13:14:55.295880,KXBTCD-25MAY2017-T105999.99,DELTA,93,1100,98,1000,987,yes,11,2650
2025-05-20T13:14:56.090191,KXBTCD-25MAY2017-T105999.99,DELTA,93,1100,98,1000,988,yes,5,-20000
2025-05-20T13:14:56.726691,KXBTCD-25MAY2017-T105999.99,DELTA,93,1100,98,1000,989,yes,87,500
2025-05-20T13:14:56.833858,KXBTCD-25MAY2017-T105999.99,DELTA,93,1100,98,1000,990,no,1,500
2025-05-20T13:14:59.147719,KXBTCD-25MAY2017-T105999.99,DELTA,93,1100,98,1000,991,yes,91,-14
2025-05-20T13:14:59.168596,KXBTCD-25MAY2017-T105999.99,DELTA,93,1100,98,1000,992,yes,90,14
2025-05-20T13:14:59.169202,KXBTCD-25MAY2017-T105999.99,DELTA,93,1100,98,1000,993,no,1,14
2025-05-20T13:14:59.248475,KXBTCD-25MAY2017-T105999.99,DELTA,93,1100,98,1000,994,yes,90,-2000
2025-05-20T13:14:59.270721,KXBTCD-25MAY2017-T105999.99,DELTA,93,100,98,1000,995,yes,93,-1000
2025-05-20T13:14:59.272623,KXBTCD-25MAY2017-T105999.99,DELTA,93,100,98,1000,996,yes,91,-1250
2025-05-20T13:14:59.347583,KXBTCD-25MAY2017-T105999.99,DELTA,93,100,98,1000,997,yes,89,2000
2025-05-20T13:14:59.368626,KXBTCD-25MAY2017-T105999.99,DELTA,93,100,98,1000,998,yes,90,1250
2025-05-20T13:14:59.457633,KXBTCD-25MAY2017-T105999.99,DELTA,93,100,98,1000,999,no,1,80000
2025-05-20T13:14:59.469027,KXBTCD-25MAY2017-T105999.99,DELTA,93,100,98,1000,1000,yes,87,-500
2025-05-20T13:14:59.527395,KXBTCD-25MAY2017-T105999.99,DELTA,93,100,98,1000,1001,yes,86,500
2025-05-20T13:14:59.647892,KXBTCD-25MAY2017-T105999.99,DELTA,93,100,98,1000,1002,yes,92,1000
2025-05-20T13:14:59.808488,KXBTCD-25MAY2017-T105999.99,DELTA,93,100,98,1000,1003,no,1,1250
2025-05-20T13:15:00.047603,KXBTCD-25MAY2017-T105999.99,DELTA,93,100,98,1000,1004,yes,90,30
2025-05-20T13:15:00.048422,KXBTCD-25MAY2017-T105999.99,DELTA,93,100,98,1000,1005,yes,91,-30
2025-05-20T13:15:00.209113,KXBTCD-25MAY2017-T105999.99,DELTA,93,100,98,1000,1006,yes,92,-500
2025-05-20T13:15:00.226670,KXBTCD-25MAY2017-T105999.99,DELTA,93,100,98,1000,1007,yes,82,500
2025-05-20T13:15:00.267937,KXBTCD-25MAY2017-T105999.99,DELTA,93,100,98,1000,1008,yes,92,-1000
2025-05-20T13:15:00.327529,KXBTCD-25MAY2017-T105999.99,DELTA,93,100,98,1000,1009,yes,91,1000
2025-05-20T13:15:00.510872,KXBTCD-25MAY2017-T105999.99,DELTA,91,1000,98,1000,1010,yes,93,-100
2025-05-20T13:15:01.745345,KXBTCD-25MAY2017-T105999.99,DELTA,91,1000,98,1000,1011,no,1,100
2025-05-20T13:15:01.746143,KXBTCD-25MAY2017-T105999.99,DELTA,91,1100,98,1000,1012,yes,91,100
2025-05-20T13:15:02.601552,KXBTCD-25MAY2017-T105999.99,DELTA,91,100,98,1000,1013,yes,91,-1000
2025-05-20T13:15:02.602462,KXBTCD-25MAY2017-T105999.99,DELTA,92,1000,98,1000,1014,yes,92,1000
2025-05-20T13:15:03.447026,KXBTCD-25MAY2017-T105999.99,DELTA,92,1000,98,1000,1015,yes,91,-100
2025-05-20T13:15:03.947230,KXBTCD-25MAY2017-T105999.99,DELTA,90,1794,98,1000,1016,yes,92,-1000
2025-05-20T13:15:04.027008,KXBTCD-25MAY2017-T105999.99,DELTA,91,1000,98,1000,1017,yes,91,1000
2025-05-20T13:15:05.057109,KXBTCD-25MAY2017-T105999.99,DELTA,91,1100,98,1000,1018,yes,91,100
2025-05-20T13:15:05.648914,KXBTCD-25MAY2017-T105999.99,DELTA,91,100,98,1000,1019,yes,91,-1000
2025-05-20T13:15:05.750917,KXBTCD-25MAY2017-T105999.99,DELTA,92,1000,98,1000,1020,yes,92,1000
2025-05-20T13:15:06.906949,KXBTCD-25MAY2017-T105999.99,DELTA,92,990,98,1000,1021,yes,92,-10
2025-05-20T13:15:15.628543,KXBTCD-25MAY2017-T105999.99,DELTA,92,990,98,1000,1022,no,1,-100
2025-05-20T13:15:16.266994,KXBTCD-25MAY2017-T105999.99,DELTA,92,990,98,1000,1023,yes,89,-2000
2025-05-20T13:15:16.267719,KXBTCD-25MAY2017-T105999.99,DELTA,91,100,98,1000,1024,yes,92,-990
2025-05-20T13:15:16.287820,KXBTCD-25MAY2017-T105999.99,DELTA,91,100,98,1000,1025,yes,90,-1250
2025-05-20T13:15:16.288388,KXBTCD-25MAY2017-T105999.99,DELTA,91,100,98,1000,1026,no,1,-1250
2025-05-20T13:15:16.307496,KXBTCD-25MAY2017-T105999.99,DELTA,91,100,98,1000,1027,no,1,-80000
2025-05-20T13:15:16.450406,KXBTCD-25MAY2017-T105999.99,DELTA,91,100,98,1000,1028,yes,89,1250
2025-05-20T13:15:16.450775,KXBTCD-25MAY2017-T105999.99,DELTA,91,1100,98,1000,1029,yes,91,1000
2025-05-20T13:15:16.451179,KXBTCD-25MAY2017-T105999.99,DELTA,91,1100,98,1000,1030,no,1,100
2025-05-20T13:15:16.508518,KXBTCD-25MAY2017-T105999.99,DELTA,91,1100,98,2250,1031,no,2,1250
2025-05-20T13:15:16.508918,KXBTCD-25MAY2017-T105999.99,DELTA,91,1100,98,2250,1032,yes,88,2000
2025-05-20T13:15:16.509279,KXBTCD-25MAY2017-T105999.99,DELTA,91,1100,98,82250,1033,no,2,80000
2025-05-20T13:15:16.650658,KXBTCD-25MAY2017-T105999.99,DELTA,91,1100,98,82250,1034,no,1,-100
2025-05-20T13:15:16.848495,KXBTCD-25MAY2017-T105999.99,DELTA,91,1100,98,82250,1035,yes,86,-500
2025-05-20T13:15:16.974741,KXBTCD-25MAY2017-T105999.99,DELTA,91,1100,98,82250,1036,no,1,2000
2025-05-20T13:15:17.008893,KXBTCD-25MAY2017-T105999.99,DELTA,91,1100,98,82250,1037,yes,85,500
2025-05-20T13:15:17.109334,KXBTCD-25MAY2017-T105999.99,DELTA,91,1100,98,82250,1038,no,1,-500
2025-05-20T13:15:17.127122,KXBTCD-25MAY2017-T105999.99,DELTA,91,1100,98,82750,1039,no,2,500
2025-05-20T13:15:17.188114,KXBTCD-25MAY2017-T105999.99,DELTA,91,1100,98,81500,1040,no,2,-1250
2025-05-20T13:15:17.305521,KXBTCD-25MAY2017-T105999.99,DELTA,91,1100,98,82750,1041,no,2,1250
2025-05-20T13:15:17.499136,KXBTCD-25MAY2017-T105999.99,DELTA,91,1100,98,82850,1042,no,2,100
2025-05-20T13:15:17.832378,KXBTCD-25MAY2017-T105999.99,DELTA,91,1100,98,81850,1043,no,2,-1000
2025-05-20T13:15:18.128276,KXBTCD-25MAY2017-T105999.99,DELTA,91,1100,97,1000,1044,no,3,1000
2025-05-20T13:15:18.768753,KXBTCD-25MAY2017-T105999.99,DELTA,91,1100,97,1000,1045,yes,88,14
2025-05-20T13:15:18.769655,KXBTCD-25MAY2017-T105999.99,DELTA,91,1100,97,1000,1046,yes,90,-14
2025-05-20T13:15:18.788051,KXBTCD-25MAY2017-T105999.99,DELTA,91,1100,97,1000,1047,no,1,-14
2025-05-20T13:15:18.788643,KXBTCD-25MAY2017-T105999.99,DELTA,91,1100,97,1000,1048,no,2,14
2025-05-20T13:15:18.988757,KXBTCD-25MAY2017-T105999.99,DELTA,91,1100,97,1000,1049,yes,88,-2000
2025-05-20T13:15:19.070936,KXBTCD-25MAY2017-T105999.99,DELTA,91,100,97,1000,1050,yes,91,-1000
2025-05-20T13:15:19.071493,KXBTCD-25MAY2017-T105999.99,DELTA,91,100,97,1000,1051,yes,89,-1250
2025-05-20T13:15:19.071944,KXBTCD-25MAY2017-T105999.99,DELTA,91,100,97,1000,1052,no,1,-2000
2025-05-20T13:15:19.072150,KXBTCD-25MAY2017-T105999.99,DELTA,91,100,97,1000,1053,no,2,-1250
2025-05-20T13:15:19.072327,KXBTCD-25MAY2017-T105999.99,DELTA,91,100,97,1000,1054,no,2,-80000
2025-05-20T13:15:19.151913,KXBTCD-25MAY2017-T105999.99,DELTA,91,100,97,1000,1055,yes,90,1250
2025-05-20T13:15:19.152686,KXBTCD-25MAY2017-T105999.99,DELTA,92,1000,97,1000,1056,yes,92,1000
2025-05-20T13:15:19.153332,KXBTCD-25MAY2017-T105999.99,DELTA,92,1000,97,1000,1057,no,1,80000
2025-05-20T13:15:19.153843,KXBTCD-25MAY2017-T105999.99,DELTA,92,1000,97,1000,1058,yes,89,2000
2025-05-20T13:15:19.154348,KXBTCD-25MAY2017-T105999.99,DELTA,92,1000,97,1000,1059,yes,80,500
2025-05-20T13:15:19.154759,KXBTCD-25MAY2017-T105999.99,DELTA,92,1000,97,1000,1060,yes,90,-500
2025-05-20T13:15:19.206769,KXBTCD-25MAY2017-T105999.99,DELTA,92,1000,97,1000,1061,yes,80,-500
2025-05-20T13:15:19.207616,KXBTCD-25MAY2017-T105999.99,DELTA,92,1000,97,1000,1062,yes,90,-1250
2025-05-20T13:15:19.267733,KXBTCD-25MAY2017-T105999.99,DELTA,92,1000,97,1000,1063,yes,89,1250
2025-05-20T13:15:20.177259,KXBTCD-25MAY2017-T105999.99,DELTA,92,1000,97,1000,1064,no,2,1250
2025-05-20T13:15:20.177876,KXBTCD-25MAY2017-T105999.99,DELTA,92,1000,97,1000,1065,yes,89,-2000
2025-05-20T13:15:20.178358,KXBTCD-25MAY2017-T105999.99,DELTA,92,1000,97,1000,1066,no,1,2000
2025-05-20T13:15:20.186772,KXBTCD-25MAY2017-T105999.99,DELTA,91,100,97,1000,1067,yes,92,-1000
2025-05-20T13:15:20.309259,KXBTCD-25MAY2017-T105999.99,DELTA,91,100,97,1000,1068,no,1,-80000
2025-05-20T13:15:20.509204,KXBTCD-25MAY2017-T105999.99,DELTA,91,100,97,1000,1069,yes,88,2000
2025-05-20T13:15:20.509799,KXBTCD-25MAY2017-T105999.99,DELTA,91,100,97,1000,1070,no,2,80000
2025-05-20T13:15:20.510198,KXBTCD-25MAY2017-T105999.99,DELTA,91,1100,97,1000,1071,yes,91,1000
2025-05-20T13:15:23.147653,KXBTCD-25MAY2017-T105999.99,DELTA,91,1100,97,1000,1072,yes,88,-2000
2025-05-20T13:15:23.148356,KXBTCD-25MAY2017-T105999.99,DELTA,91,100,97,1000,1073,yes,91,-1000
2025-05-20T13:15:23.149004,KXBTCD-25MAY2017-T105999.99,DELTA,91,100,97,1000,1074,no,1,-2000
2025-05-20T13:15:23.149414,KXBTCD-25MAY2017-T105999.99,DELTA,91,100,97,1000,1075,no,2,-1250
2025-05-20T13:15:23.167308,KXBTCD-25MAY2017-T105999.99,DELTA,91,100,97,1000,1076,no,2,-80000
2025-05-20T13:15:23.225754,KXBTCD-25MAY2017-T105999.99,DELTA,91,100,97,1000,1077,no,1,80000
2025-05-20T13:15:23.226537,KXBTCD-25MAY2017-T105999.99,DELTA,91,100,97,1000,1078,yes,89,2000
2025-05-20T13:15:23.227270,KXBTCD-25MAY2017-T105999.99,DELTA,92,1000,97,1000,1079,yes,92,1000
2025-05-20T13:15:31.033750,KXBTCD-25MAY2017-T105999.99,DELTA,92,1000,97,1000,1080,no,2,1250
2025-05-20T13:15:31.034616,KXBTCD-25MAY2017-T105999.99,DELTA,92,1000,97,1000,1081,yes,89,-2000
2025-05-20T13:15:31.035162,KXBTCD-25MAY2017-T105999.99,DELTA,91,100,97,1000,1082,yes,92,-1000
2025-05-20T13:15:31.035531,KXBTCD-25MAY2017-T105999.99,DELTA,91,100,97,1000,1083,no,1,2000
2025-05-20T13:15:31.048607,KXBTCD-25MAY2017-T105999.99,DELTA,91,100,97,1000,1084,no,1,-80000
