timestamp,market_ticker,type,yes_bid_price_cents,yes_bid_qty,yes_ask_price_cents,yes_ask_qty_on_no_side,sequence_num,delta_side,delta_price_cents,delta_quantity
2025-05-21T19:00:42.504987,KXBTCD-25MAY2123-T109749.99,SNAPSHOT,41,9,70,9,1,,,
2025-05-21T19:00:43.477482,KXBTCD-25MAY2123-T109749.99,DELTA,63,100,70,9,2,yes,63,100
2025-05-21T19:00:43.558198,KXBTCD-25MAY2123-T109749.99,DELTA,63,100,70,9,3,yes,41,9
2025-05-21T19:00:43.559239,KXBTCD-25MAY2123-T109749.99,DELTA,63,100,70,9,4,yes,2,-9
2025-05-21T19:00:43.559731,KXBTCD-25MAY2123-T109749.99,DELTA,63,100,71,100,5,no,30,-9
2025-05-21T19:00:43.578016,KXBTCD-25MAY2123-T109749.99,DELTA,63,100,71,100,6,yes,41,-9
2025-05-21T19:00:43.738139,KXBTCD-25MAY2123-T109749.99,DELTA,41,9,71,100,7,yes,63,-100
2025-05-21T19:00:44.406916,KXBTCD-25MAY2123-T109749.99,DELTA,41,9,98,9,8,no,29,-100
2025-05-21T19:00:44.519015,KXBTCD-25MAY2123-T109749.99,DELTA,40,200,98,9,9,yes,41,-9
2025-05-21T19:00:44.538010,KXBTCD-25MAY2123-T109749.99,DELTA,40,200,98,9,10,yes,2,9
2025-05-21T19:00:44.538142,KXBTCD-25MAY2123-T109749.99,DELTA,40,200,99,32400,11,no,2,-9
2025-05-21T19:00:44.597467,KXBTCD-25MAY2123-T109749.99,DELTA,64,100,99,32400,12,yes,64,100
2025-05-21T19:00:44.817540,KXBTCD-25MAY2123-T109749.99,DELTA,64,100,99,32400,13,yes,1,-32400
2025-05-21T19:00:44.818684,KXBTCD-25MAY2123-T109749.99,DELTA,64,100,99,32400,14,yes,3,10800
2025-05-21T19:00:45.038208,KXBTCD-25MAY2123-T109749.99,DELTA,40,200,99,32400,15,yes,64,-100
2025-05-21T19:00:45.161335,KXBTCD-25MAY2123-T109749.99,DELTA,40,200,73,100,16,no,27,100
2025-05-21T19:00:45.284363,KXBTCD-25MAY2123-T109749.99,DELTA,40,200,73,100,17,yes,2,-9
2025-05-21T19:00:45.285104,KXBTCD-25MAY2123-T109749.99,DELTA,40,200,73,100,18,yes,4,9
2025-05-21T19:00:45.285600,KXBTCD-25MAY2123-T109749.99,DELTA,40,200,73,100,19,no,2,9
2025-05-21T19:00:45.423185,KXBTCD-25MAY2123-T109749.99,DELTA,41,9,73,100,20,yes,41,9
2025-05-21T19:00:45.423620,KXBTCD-25MAY2123-T109749.99,DELTA,41,9,72,9,21,no,28,9
2025-05-21T19:00:45.772368,KXBTCD-25MAY2123-T109749.99,DELTA,41,9,72,9,22,yes,3,-10800
2025-05-21T19:00:45.772695,KXBTCD-25MAY2123-T109749.99,DELTA,41,9,72,9,23,yes,1,32400
2025-05-21T19:00:46.100547,KXBTCD-25MAY2123-T109749.99,DELTA,66,100,72,9,24,yes,66,100
2025-05-21T19:00:46.197726,KXBTCD-25MAY2123-T109749.99,DELTA,66,100,72,9,25,yes,4,-9
2025-05-21T19:00:46.217455,KXBTCD-25MAY2123-T109749.99,DELTA,66,100,72,9,26,yes,41,9
2025-05-21T19:00:46.317542,KXBTCD-25MAY2123-T109749.99,DELTA,66,100,73,100,27,no,28,-9
2025-05-21T19:00:46.337503,KXBTCD-25MAY2123-T109749.99,DELTA,66,100,73,100,28,yes,41,-9
2025-05-21T19:00:48.341091,KXBTCD-25MAY2123-T109749.99,DELTA,66,100,73,100,29,no,12,3000
2025-05-21T19:00:48.366482,KXBTCD-25MAY2123-T109749.99,DELTA,66,100,73,100,30,yes,3,80000
2025-05-21T19:00:48.366793,KXBTCD-25MAY2123-T109749.99,DELTA,66,100,73,100,31,yes,5,8000
2025-05-21T19:00:48.366994,KXBTCD-25MAY2123-T109749.99,DELTA,66,100,73,100,32,yes,40,3000
2025-05-21T19:00:48.381677,KXBTCD-25MAY2123-T109749.99,DELTA,66,100,73,100,33,no,3,80000
2025-05-21T19:00:48.536642,KXBTCD-25MAY2123-T109749.99,DELTA,66,100,73,100,34,no,2,-9
2025-05-21T19:00:48.557583,KXBTCD-25MAY2123-T109749.99,DELTA,66,100,73,100,35,no,13,9
2025-05-21T19:00:49.377425,KXBTCD-25MAY2123-T109749.99,DELTA,66,100,73,100,36,yes,2,20000
2025-05-21T19:00:49.403970,KXBTCD-25MAY2123-T109749.99,DELTA,66,100,73,100,37,yes,41,1000
2025-05-21T19:00:49.404253,KXBTCD-25MAY2123-T109749.99,DELTA,66,100,73,100,38,yes,41,2000
2025-05-21T19:00:49.404385,KXBTCD-25MAY2123-T109749.99,DELTA,66,100,73,100,39,no,2,20000
2025-05-21T19:00:49.404485,KXBTCD-25MAY2123-T109749.99,DELTA,66,100,73,100,40,no,2,2000
2025-05-21T19:00:49.404588,KXBTCD-25MAY2123-T109749.99,DELTA,66,100,72,1000,41,no,28,1000
2025-05-21T19:00:50.159108,KXBTCD-25MAY2123-T109749.99,DELTA,41,3009,72,1000,42,yes,66,-100
2025-05-21T19:00:50.196173,KXBTCD-25MAY2123-T109749.99,DELTA,41,3009,72,1000,43,no,27,-100
2025-05-21T19:00:50.257223,KXBTCD-25MAY2123-T109749.99,DELTA,41,3009,87,9,44,no,28,-1000
2025-05-21T19:00:50.297339,KXBTCD-25MAY2123-T109749.99,DELTA,41,3000,87,9,45,yes,41,-9
2025-05-21T19:00:50.297613,KXBTCD-25MAY2123-T109749.99,DELTA,41,3000,87,9,46,no,2,1000
2025-05-21T19:00:50.316572,KXBTCD-25MAY2123-T109749.99,DELTA,41,3000,88,3000,47,no,13,-9
2025-05-21T19:00:50.321131,KXBTCD-25MAY2123-T109749.99,DELTA,42,9,88,3000,48,yes,42,9
2025-05-21T19:00:50.321295,KXBTCD-25MAY2123-T109749.99,DELTA,42,9,71,9,49,no,29,9
2025-05-21T19:00:51.225480,KXBTCD-25MAY2123-T109749.99,DELTA,64,100,71,9,50,yes,64,100
2025-05-21T19:00:51.237213,KXBTCD-25MAY2123-T109749.99,DELTA,64,100,71,9,51,no,28,100
2025-05-21T19:00:51.297217,KXBTCD-25MAY2123-T109749.99,DELTA,64,100,71,9,52,no,2,-1000
2025-05-21T19:00:51.337249,KXBTCD-25MAY2123-T109749.99,DELTA,64,100,71,1009,53,no,29,1000
2025-05-21T19:00:51.357959,KXBTCD-25MAY2123-T109749.99,DELTA,64,100,71,1000,54,no,29,-9
2025-05-21T19:00:51.358091,KXBTCD-25MAY2123-T109749.99,DELTA,64,100,71,1000,55,no,13,9
2025-05-21T19:00:51.377580,KXBTCD-25MAY2123-T109749.99,DELTA,64,100,71,1000,56,yes,42,9
2025-05-21T19:00:51.377686,KXBTCD-25MAY2123-T109749.99,DELTA,64,100,71,1000,57,yes,42,-9
2025-05-21T19:00:51.377771,KXBTCD-25MAY2123-T109749.99,DELTA,65,9,71,1000,58,yes,65,9
2025-05-21T19:00:52.017973,KXBTCD-25MAY2123-T109749.99,DELTA,65,9,71,1000,59,yes,63,24
2025-05-21T19:00:52.038648,KXBTCD-25MAY2123-T109749.99,DELTA,65,9,71,1000,60,no,19,24
2025-05-21T19:00:52.137458,KXBTCD-25MAY2123-T109749.99,DELTA,65,9,71,1000,61,no,13,-9
2025-05-21T19:00:52.137758,KXBTCD-25MAY2123-T109749.99,DELTA,64,100,71,1000,62,yes,65,-9
2025-05-21T19:00:52.618335,KXBTCD-25MAY2123-T109749.99,DELTA,64,100,71,1000,63,yes,1,-32400
2025-05-21T19:00:52.618792,KXBTCD-25MAY2123-T109749.99,DELTA,64,100,71,1000,64,yes,6,5400
2025-05-21T19:00:52.680069,KXBTCD-25MAY2123-T109749.99,DELTA,64,100,71,1000,65,no,1,-32400
2025-05-21T19:00:52.681012,KXBTCD-25MAY2123-T109749.99,DELTA,64,100,71,1000,66,no,4,8100
2025-05-21T19:00:52.681527,KXBTCD-25MAY2123-T109749.99,DELTA,64,100,71,1000,67,yes,2,-20000
2025-05-21T19:00:52.717024,KXBTCD-25MAY2123-T109749.99,DELTA,64,100,71,1000,68,yes,7,20000
2025-05-21T19:00:52.738188,KXBTCD-25MAY2123-T109749.99,DELTA,64,100,71,1000,69,no,2,-20000
2025-05-21T19:00:52.738478,KXBTCD-25MAY2123-T109749.99,DELTA,64,100,71,1000,70,no,2,-2000
2025-05-21T19:00:52.796914,KXBTCD-25MAY2123-T109749.99,DELTA,64,100,71,1000,71,no,5,20000
2025-05-21T19:00:52.797064,KXBTCD-25MAY2123-T109749.99,DELTA,64,100,71,1000,72,no,5,2000
2025-05-21T19:00:55.523902,KXBTCD-25MAY2123-T109749.99,DELTA,64,100,71,1000,73,yes,6,-5400
2025-05-21T19:00:55.524485,KXBTCD-25MAY2123-T109749.99,DELTA,64,100,71,1000,74,yes,8,4050
2025-05-21T19:00:55.559699,KXBTCD-25MAY2123-T109749.99,DELTA,64,100,71,1000,75,no,4,-8100
2025-05-21T19:00:55.560420,KXBTCD-25MAY2123-T109749.99,DELTA,64,100,71,1000,76,no,6,5400
2025-05-21T19:00:55.580644,KXBTCD-25MAY2123-T109749.99,DELTA,64,100,71,1000,77,yes,7,-20000
2025-05-21T19:00:55.633241,KXBTCD-25MAY2123-T109749.99,DELTA,64,100,71,1000,78,no,5,-20000
2025-05-21T19:00:55.633487,KXBTCD-25MAY2123-T109749.99,DELTA,64,100,71,1000,79,yes,9,20000
2025-05-21T19:00:55.718681,KXBTCD-25MAY2123-T109749.99,DELTA,64,100,71,1000,80,no,5,-2000
2025-05-21T19:00:55.755272,KXBTCD-25MAY2123-T109749.99,DELTA,64,100,71,1000,81,no,7,2000
2025-05-21T19:00:55.755445,KXBTCD-25MAY2123-T109749.99,DELTA,64,100,71,1000,82,no,7,20000
2025-05-21T19:00:56.517101,KXBTCD-25MAY2123-T109749.99,DELTA,64,100,71,1000,83,no,28,-100
2025-05-21T19:00:56.578905,KXBTCD-25MAY2123-T109749.99,DELTA,64,100,81,24,84,no,29,-1000
2025-05-21T19:00:56.617033,KXBTCD-25MAY2123-T109749.99,DELTA,64,100,81,24,85,no,7,1000
2025-05-21T19:00:56.837890,KXBTCD-25MAY2123-T109749.99,DELTA,64,100,81,24,86,yes,8,-4050
2025-05-21T19:00:56.838366,KXBTCD-25MAY2123-T109749.99,DELTA,64,100,81,24,87,yes,10,3240
2025-05-21T19:00:56.897675,KXBTCD-25MAY2123-T109749.99,DELTA,64,100,81,24,88,no,6,-5400
2025-05-21T19:00:56.898064,KXBTCD-25MAY2123-T109749.99,DELTA,64,100,81,24,89,no,8,4050
2025-05-21T19:00:56.898199,KXBTCD-25MAY2123-T109749.99,DELTA,64,100,81,24,90,yes,9,-20000
2025-05-21T19:00:56.937587,KXBTCD-25MAY2123-T109749.99,DELTA,64,100,81,24,91,yes,11,20000
2025-05-21T19:00:56.957388,KXBTCD-25MAY2123-T109749.99,DELTA,64,100,81,24,92,no,7,-20000
2025-05-21T19:00:56.957792,KXBTCD-25MAY2123-T109749.99,DELTA,64,100,81,24,93,no,7,-2000
2025-05-21T19:00:56.978029,KXBTCD-25MAY2123-T109749.99,DELTA,64,100,81,24,94,no,7,-1000
2025-05-21T19:00:57.017336,KXBTCD-25MAY2123-T109749.99,DELTA,64,100,81,24,95,no,9,20000
2025-05-21T19:00:57.017847,KXBTCD-25MAY2123-T109749.99,DELTA,64,100,81,24,96,no,9,2000
2025-05-21T19:00:57.018504,KXBTCD-25MAY2123-T109749.99,DELTA,64,100,81,24,97,no,9,1000
2025-05-21T19:00:57.057630,KXBTCD-25MAY2123-T109749.99,DELTA,64,100,81,24,98,no,13,9
2025-05-21T19:00:57.057933,KXBTCD-25MAY2123-T109749.99,DELTA,65,9,81,24,99,yes,65,9
2025-05-21T19:00:57.717908,KXBTCD-25MAY2123-T109749.99,DELTA,65,9,72,100,100,no,28,100
2025-05-21T19:00:57.796986,KXBTCD-25MAY2123-T109749.99,DELTA,65,9,72,100,101,no,9,-1000
2025-05-21T19:00:57.836468,KXBTCD-25MAY2123-T109749.99,DELTA,65,9,71,1000,102,no,29,1000
2025-05-21T19:00:57.857803,KXBTCD-25MAY2123-T109749.99,DELTA,65,9,71,1000,103,no,13,-9
2025-05-21T19:00:57.861863,KXBTCD-25MAY2123-T109749.99,DELTA,65,9,71,1000,104,no,20,9
2025-05-21T19:00:57.862009,KXBTCD-25MAY2123-T109749.99,DELTA,64,100,71,1000,105,yes,65,-9
2025-05-21T19:00:58.097639,KXBTCD-25MAY2123-T109749.99,DELTA,64,100,71,1000,106,yes,10,-3240
2025-05-21T19:00:58.098532,KXBTCD-25MAY2123-T109749.99,DELTA,64,100,71,1000,107,yes,12,2700
2025-05-21T19:00:58.160302,KXBTCD-25MAY2123-T109749.99,DELTA,64,100,71,1000,108,yes,11,-20000
2025-05-21T19:00:58.161265,KXBTCD-25MAY2123-T109749.99,DELTA,64,100,71,1000,109,no,8,-4050
2025-05-21T19:00:58.162149,KXBTCD-25MAY2123-T109749.99,DELTA,64,100,71,1000,110,no,4,8100
2025-05-21T19:00:58.217882,KXBTCD-25MAY2123-T109749.99,DELTA,64,100,71,1000,111,no,9,-20000
2025-05-21T19:00:58.237888,KXBTCD-25MAY2123-T109749.99,DELTA,64,100,71,1000,112,no,9,-2000
2025-05-21T19:00:58.277536,KXBTCD-25MAY2123-T109749.99,DELTA,64,100,71,1000,113,no,5,2000
2025-05-21T19:00:58.277979,KXBTCD-25MAY2123-T109749.99,DELTA,64,100,71,1000,114,no,5,20000
2025-05-21T19:00:58.437660,KXBTCD-25MAY2123-T109749.99,DELTA,64,100,71,1000,115,no,28,-100
2025-05-21T19:00:58.517527,KXBTCD-25MAY2123-T109749.99,DELTA,64,100,80,9,116,no,29,-1000
2025-05-21T19:00:58.577530,KXBTCD-25MAY2123-T109749.99,DELTA,64,100,80,9,117,no,5,1000
2025-05-21T19:00:58.639202,KXBTCD-25MAY2123-T109749.99,DELTA,64,100,81,24,118,no,20,-9
2025-05-21T19:00:58.656630,KXBTCD-25MAY2123-T109749.99,DELTA,64,100,81,24,119,no,13,9
2025-05-21T19:00:59.339009,KXBTCD-25MAY2123-T109749.99,DELTA,64,100,72,100,120,no,28,100
2025-05-21T19:00:59.339818,KXBTCD-25MAY2123-T109749.99,DELTA,64,100,72,100,121,yes,12,-2700
2025-05-21T19:00:59.340421,KXBTCD-25MAY2123-T109749.99,DELTA,64,100,72,100,122,yes,6,5400
2025-05-21T19:00:59.397780,KXBTCD-25MAY2123-T109749.99,DELTA,64,100,72,100,123,no,4,-8100
2025-05-21T19:00:59.398649,KXBTCD-25MAY2123-T109749.99,DELTA,64,100,72,100,124,no,6,5400
2025-05-21T19:00:59.399651,KXBTCD-25MAY2123-T109749.99,DELTA,64,100,72,100,125,no,5,-1000
2025-05-21T19:00:59.399894,KXBTCD-25MAY2123-T109749.99,DELTA,64,100,72,100,126,yes,7,20000
2025-05-21T19:00:59.437511,KXBTCD-25MAY2123-T109749.99,DELTA,64,100,72,100,127,no,13,-9
2025-05-21T19:00:59.460028,KXBTCD-25MAY2123-T109749.99,DELTA,64,100,72,100,128,no,20,9
2025-05-21T19:00:59.460354,KXBTCD-25MAY2123-T109749.99,DELTA,64,100,71,1000,129,no,29,1000
2025-05-21T19:00:59.460528,KXBTCD-25MAY2123-T109749.99,DELTA,64,100,71,1000,130,no,5,-20000
2025-05-21T19:00:59.460712,KXBTCD-25MAY2123-T109749.99,DELTA,64,100,71,1000,131,no,5,-2000
2025-05-21T19:00:59.518346,KXBTCD-25MAY2123-T109749.99,DELTA,64,100,71,1000,132,no,7,2000
2025-05-21T19:00:59.518475,KXBTCD-25MAY2123-T109749.99,DELTA,64,100,71,1000,133,no,7,20000
2025-05-21T19:00:59.577216,KXBTCD-25MAY2123-T109749.99,DELTA,64,100,71,1000,134,no,28,-100
2025-05-21T19:00:59.757282,KXBTCD-25MAY2123-T109749.99,DELTA,64,100,80,9,135,no,29,-1000
2025-05-21T19:00:59.818256,KXBTCD-25MAY2123-T109749.99,DELTA,64,100,80,9,136,no,7,1000
2025-05-21T19:00:59.882543,KXBTCD-25MAY2123-T109749.99,DELTA,65,9,80,9,137,yes,65,9
2025-05-21T19:00:59.883142,KXBTCD-25MAY2123-T109749.99,DELTA,65,9,80,9,138,no,13,9
2025-05-21T19:01:00.417419,KXBTCD-25MAY2123-T109749.99,DELTA,65,9,72,100,139,no,28,100
2025-05-21T19:01:00.497368,KXBTCD-25MAY2123-T109749.99,DELTA,65,9,72,100,140,no,7,-1000
2025-05-21T19:01:00.518210,KXBTCD-25MAY2123-T109749.99,DELTA,64,100,72,100,141,yes,65,-9
2025-05-21T19:01:00.518457,KXBTCD-25MAY2123-T109749.99,DELTA,64,100,72,100,142,no,13,-9
2025-05-21T19:01:00.536510,KXBTCD-25MAY2123-T109749.99,DELTA,64,100,71,1000,143,no,29,1000
2025-05-21T19:01:00.618487,KXBTCD-25MAY2123-T109749.99,DELTA,64,100,71,1000,144,no,28,-100
2025-05-21T19:01:00.619143,KXBTCD-25MAY2123-T109749.99,DELTA,64,100,71,1000,145,yes,6,-5400
2025-05-21T19:01:00.619338,KXBTCD-25MAY2123-T109749.99,DELTA,64,100,71,1000,146,yes,8,4050
2025-05-21T19:01:00.737914,KXBTCD-25MAY2123-T109749.99,DELTA,64,100,71,1000,147,no,6,-5400
2025-05-21T19:01:00.738855,KXBTCD-25MAY2123-T109749.99,DELTA,64,100,71,1000,148,no,8,4050
2025-05-21T19:01:00.739505,KXBTCD-25MAY2123-T109749.99,DELTA,64,100,71,1000,149,yes,7,-20000
2025-05-21T19:01:00.744108,KXBTCD-25MAY2123-T109749.99,DELTA,64,100,80,9,150,no,29,-1000
2025-05-21T19:01:00.771573,KXBTCD-25MAY2123-T109749.99,DELTA,64,100,80,9,151,yes,9,20000
2025-05-21T19:01:00.772393,KXBTCD-25MAY2123-T109749.99,DELTA,64,100,80,9,152,no,7,1000
2025-05-21T19:01:00.802315,KXBTCD-25MAY2123-T109749.99,DELTA,64,100,80,9,153,no,7,-20000
2025-05-21T19:01:00.803122,KXBTCD-25MAY2123-T109749.99,DELTA,64,100,80,9,154,no,7,-2000
2025-05-21T19:01:00.831477,KXBTCD-25MAY2123-T109749.99,DELTA,64,100,80,9,155,no,7,-1000
2025-05-21T19:01:00.855681,KXBTCD-25MAY2123-T109749.99,DELTA,64,100,80,9,156,no,9,20000
2025-05-21T19:01:00.856360,KXBTCD-25MAY2123-T109749.99,DELTA,64,100,80,9,157,no,9,1000
2025-05-21T19:01:00.856893,KXBTCD-25MAY2123-T109749.99,DELTA,64,100,80,9,158,no,9,2000
2025-05-21T19:01:00.957825,KXBTCD-25MAY2123-T109749.99,DELTA,64,100,80,9,159,no,13,9
2025-05-21T19:01:00.958260,KXBTCD-25MAY2123-T109749.99,DELTA,65,9,80,9,160,yes,65,9
2025-05-21T19:01:01.797457,KXBTCD-25MAY2123-T109749.99,DELTA,65,9,72,100,161,no,28,100
2025-05-21T19:01:01.859910,KXBTCD-25MAY2123-T109749.99,DELTA,65,9,72,100,162,no,9,-1000
2025-05-21T19:01:01.898569,KXBTCD-25MAY2123-T109749.99,DELTA,65,9,71,1000,163,no,29,1000
2025-05-21T19:01:01.918131,KXBTCD-25MAY2123-T109749.99,DELTA,64,100,71,1000,164,yes,65,-9
2025-05-21T19:01:01.959177,KXBTCD-25MAY2123-T109749.99,DELTA,64,100,71,1000,165,no,13,-9
2025-05-21T19:01:03.547546,KXBTCD-25MAY2123-T109749.99,DELTA,63,24,71,1000,166,yes,64,-100
2025-05-21T19:01:03.637742,KXBTCD-25MAY2123-T109749.99,DELTA,63,24,71,1000,167,no,20,-9
2025-05-21T19:01:04.498407,KXBTCD-25MAY2123-T109749.99,DELTA,64,100,71,1000,168,yes,64,100
2025-05-21T19:01:07.458733,KXBTCD-25MAY2123-T109749.99,DELTA,64,100,71,1000,169,yes,8,-4050
2025-05-21T19:01:07.459233,KXBTCD-25MAY2123-T109749.99,DELTA,64,100,71,1000,170,yes,10,3240
2025-05-21T19:01:07.516875,KXBTCD-25MAY2123-T109749.99,DELTA,64,100,71,1000,171,no,8,-4050
2025-05-21T19:01:07.517260,KXBTCD-25MAY2123-T109749.99,DELTA,64,100,71,1000,172,no,4,8100
2025-05-21T19:01:07.517694,KXBTCD-25MAY2123-T109749.99,DELTA,64,100,71,1000,173,yes,9,-20000
2025-05-21T19:01:07.557008,KXBTCD-25MAY2123-T109749.99,DELTA,64,100,71,1000,174,yes,11,20000
2025-05-21T19:01:07.576409,KXBTCD-25MAY2123-T109749.99,DELTA,64,100,71,1000,175,no,9,-20000
2025-05-21T19:01:07.599018,KXBTCD-25MAY2123-T109749.99,DELTA,64,100,71,1000,176,no,9,-2000
2025-05-21T19:01:07.637277,KXBTCD-25MAY2123-T109749.99,DELTA,64,100,71,1000,177,no,5,2000
2025-05-21T19:01:07.638115,KXBTCD-25MAY2123-T109749.99,DELTA,64,100,71,1000,178,no,5,20000
2025-05-21T19:01:08.437375,KXBTCD-25MAY2123-T109749.99,DELTA,64,100,71,1000,179,yes,62,24
2025-05-21T19:01:08.437960,KXBTCD-25MAY2123-T109749.99,DELTA,64,100,71,1000,180,yes,63,-24
2025-05-21T19:01:08.438434,KXBTCD-25MAY2123-T109749.99,DELTA,64,100,71,1000,181,no,19,-24
2025-05-21T19:01:08.438625,KXBTCD-25MAY2123-T109749.99,DELTA,64,100,71,1000,182,no,21,24
2025-05-21T19:01:08.997442,KXBTCD-25MAY2123-T109749.99,DELTA,62,24,71,1000,183,yes,64,-100
2025-05-21T19:01:09.017663,KXBTCD-25MAY2123-T109749.99,DELTA,62,24,71,1000,184,no,28,-100
2025-05-21T19:01:09.078180,KXBTCD-25MAY2123-T109749.99,DELTA,62,24,79,24,185,no,29,-1000
2025-05-21T19:01:09.117791,KXBTCD-25MAY2123-T109749.99,DELTA,62,24,79,24,186,no,5,1000
2025-05-21T19:01:10.197327,KXBTCD-25MAY2123-T109749.99,DELTA,62,24,79,24,187,yes,10,-3240
2025-05-21T19:01:10.197617,KXBTCD-25MAY2123-T109749.99,DELTA,62,24,79,24,188,yes,12,2700
2025-05-21T19:01:10.219331,KXBTCD-25MAY2123-T109749.99,DELTA,62,124,79,24,189,yes,62,100
2025-05-21T19:01:10.219916,KXBTCD-25MAY2123-T109749.99,DELTA,62,124,70,100,190,no,30,100
2025-05-21T19:01:10.262168,KXBTCD-25MAY2123-T109749.99,DELTA,62,124,70,100,191,no,4,-8100
2025-05-21T19:01:10.263014,KXBTCD-25MAY2123-T109749.99,DELTA,62,124,70,100,192,no,6,5400
2025-05-21T19:01:10.263729,KXBTCD-25MAY2123-T109749.99,DELTA,62,124,70,100,193,yes,11,-20000
2025-05-21T19:01:10.278742,KXBTCD-25MAY2123-T109749.99,DELTA,62,124,70,100,194,no,5,-1000
2025-05-21T19:01:10.321495,KXBTCD-25MAY2123-T109749.99,DELTA,62,124,69,1000,195,no,31,1000
2025-05-21T19:01:10.344911,KXBTCD-25MAY2123-T109749.99,DELTA,62,124,69,1000,196,no,13,9
2025-05-21T19:01:10.345301,KXBTCD-25MAY2123-T109749.99,DELTA,62,124,69,1000,197,no,13,9
2025-05-21T19:01:10.360660,KXBTCD-25MAY2123-T109749.99,DELTA,62,124,69,1000,198,yes,42,9
2025-05-21T19:01:10.361377,KXBTCD-25MAY2123-T109749.99,DELTA,62,124,69,1000,199,no,5,-20000
2025-05-21T19:01:10.382509,KXBTCD-25MAY2123-T109749.99,DELTA,62,124,69,1000,200,no,5,-2000
2025-05-21T19:01:10.418580,KXBTCD-25MAY2123-T109749.99,DELTA,62,124,69,1000,201,no,7,20000
2025-05-21T19:01:10.419518,KXBTCD-25MAY2123-T109749.99,DELTA,62,124,69,1000,202,no,7,2000
2025-05-21T19:01:11.180927,KXBTCD-25MAY2123-T109749.99,DELTA,62,124,69,1000,203,yes,60,24
2025-05-21T19:01:11.181727,KXBTCD-25MAY2123-T109749.99,DELTA,62,100,69,1000,204,yes,62,-24
2025-05-21T19:01:11.182144,KXBTCD-25MAY2123-T109749.99,DELTA,62,100,69,1000,205,no,22,24
2025-05-21T19:01:11.200155,KXBTCD-25MAY2123-T109749.99,DELTA,62,100,69,1000,206,no,21,-24
2025-05-21T19:01:11.319371,KXBTCD-25MAY2123-T109749.99,DELTA,62,100,69,1000,207,no,13,-9
2025-05-21T19:01:11.339795,KXBTCD-25MAY2123-T109749.99,DELTA,62,100,69,1000,208,no,13,-9
2025-05-21T19:01:11.340317,KXBTCD-25MAY2123-T109749.99,DELTA,62,100,69,1000,209,yes,42,-9
2025-05-21T19:01:11.478611,KXBTCD-25MAY2123-T109749.99,DELTA,62,100,69,1000,210,yes,60,-24
2025-05-21T19:01:11.479381,KXBTCD-25MAY2123-T109749.99,DELTA,62,100,69,1000,211,yes,58,24
2025-05-21T19:01:11.480383,KXBTCD-25MAY2123-T109749.99,DELTA,62,100,69,1000,212,no,24,24
2025-05-21T19:01:11.480674,KXBTCD-25MAY2123-T109749.99,DELTA,62,100,69,1000,213,no,22,-24
2025-05-21T19:01:11.480900,KXBTCD-25MAY2123-T109749.99,DELTA,62,100,69,1000,214,yes,12,-2700
2025-05-21T19:01:11.481149,KXBTCD-25MAY2123-T109749.99,DELTA,62,100,69,1000,215,yes,6,5400
2025-05-21T19:01:11.538657,KXBTCD-25MAY2123-T109749.99,DELTA,62,100,69,1000,216,no,6,-5400
2025-05-21T19:01:11.539603,KXBTCD-25MAY2123-T109749.99,DELTA,62,100,69,1000,217,no,7,4628
2025-05-21T19:01:11.540233,KXBTCD-25MAY2123-T109749.99,DELTA,62,100,69,1000,218,yes,7,20000
2025-05-21T19:01:11.597602,KXBTCD-25MAY2123-T109749.99,DELTA,62,100,69,1000,219,no,7,-20000
2025-05-21T19:01:11.598414,KXBTCD-25MAY2123-T109749.99,DELTA,62,100,69,1000,220,no,7,-2000
2025-05-21T19:01:11.638846,KXBTCD-25MAY2123-T109749.99,DELTA,62,100,69,1000,221,no,8,2000
2025-05-21T19:01:11.658225,KXBTCD-25MAY2123-T109749.99,DELTA,62,100,69,1000,222,no,8,20000
2025-05-21T19:01:11.898593,KXBTCD-25MAY2123-T109749.99,DELTA,62,100,69,1000,223,no,30,-100
2025-05-21T19:01:11.957267,KXBTCD-25MAY2123-T109749.99,DELTA,62,100,76,24,224,no,31,-1000
2025-05-21T19:01:12.017269,KXBTCD-25MAY2123-T109749.99,DELTA,62,100,76,24,225,no,8,1000
2025-05-21T19:01:12.057034,KXBTCD-25MAY2123-T109749.99,DELTA,62,100,76,24,226,yes,40,-3000
2025-05-21T19:01:12.077771,KXBTCD-25MAY2123-T109749.99,DELTA,62,100,76,24,227,no,13,9
2025-05-21T19:01:12.116669,KXBTCD-25MAY2123-T109749.99,DELTA,62,100,76,24,228,yes,32,3000
2025-05-21T19:01:12.118888,KXBTCD-25MAY2123-T109749.99,DELTA,58,24,76,24,229,yes,62,-100
2025-05-21T19:01:12.317322,KXBTCD-25MAY2123-T109749.99,DELTA,58,24,76,24,230,yes,40,-200
2025-05-21T19:01:12.318148,KXBTCD-25MAY2123-T109749.99,DELTA,58,24,76,24,231,yes,30,200
2025-05-21T19:01:12.377909,KXBTCD-25MAY2123-T109749.99,DELTA,58,24,76,24,232,yes,41,-2000
2025-05-21T19:01:12.397371,KXBTCD-25MAY2123-T109749.99,DELTA,58,24,76,24,233,yes,41,-1000
2025-05-21T19:01:12.437718,KXBTCD-25MAY2123-T109749.99,DELTA,58,24,76,24,234,yes,31,2000
2025-05-21T19:01:12.438575,KXBTCD-25MAY2123-T109749.99,DELTA,58,24,76,24,235,yes,31,1000
2025-05-21T19:01:12.817578,KXBTCD-25MAY2123-T109749.99,DELTA,58,24,67,100,236,no,33,100
2025-05-21T19:01:12.837644,KXBTCD-25MAY2123-T109749.99,DELTA,58,24,67,100,237,yes,6,-5400
2025-05-21T19:01:12.837816,KXBTCD-25MAY2123-T109749.99,DELTA,58,24,67,100,238,yes,8,4050
2025-05-21T19:01:12.899439,KXBTCD-25MAY2123-T109749.99,DELTA,58,24,67,100,239,no,8,-1000
2025-05-21T19:01:12.899915,KXBTCD-25MAY2123-T109749.99,DELTA,58,24,67,100,240,no,7,-4628
2025-05-21T19:01:12.900229,KXBTCD-25MAY2123-T109749.99,DELTA,58,24,67,100,241,no,4,8100
2025-05-21T19:01:12.900506,KXBTCD-25MAY2123-T109749.99,DELTA,58,24,67,100,242,yes,7,-20000
2025-05-21T19:01:12.938635,KXBTCD-25MAY2123-T109749.99,DELTA,58,24,66,1000,243,no,34,1000
2025-05-21T19:01:12.939277,KXBTCD-25MAY2123-T109749.99,DELTA,58,24,66,1000,244,yes,9,20000
2025-05-21T19:01:12.961093,KXBTCD-25MAY2123-T109749.99,DELTA,58,24,66,1000,245,no,8,-20000
2025-05-21T19:01:12.962025,KXBTCD-25MAY2123-T109749.99,DELTA,58,24,66,1000,246,yes,33,9
2025-05-21T19:01:12.962805,KXBTCD-25MAY2123-T109749.99,DELTA,58,24,66,1000,247,yes,42,-9
2025-05-21T19:01:12.963331,KXBTCD-25MAY2123-T109749.99,DELTA,58,24,66,1000,248,no,13,-9
2025-05-21T19:01:12.978077,KXBTCD-25MAY2123-T109749.99,DELTA,58,24,66,1000,249,no,8,-2000
2025-05-21T19:01:12.979655,KXBTCD-25MAY2123-T109749.99,DELTA,58,24,66,1000,250,no,25,9
2025-05-21T19:01:12.998669,KXBTCD-25MAY2123-T109749.99,DELTA,58,24,66,1000,251,no,5,2000
2025-05-21T19:01:13.017379,KXBTCD-25MAY2123-T109749.99,DELTA,58,24,66,1000,252,no,5,20000
2025-05-21T19:01:13.592904,KXBTCD-25MAY2123-T109749.99,DELTA,59,100,66,1000,253,yes,59,100
2025-05-21T19:01:14.057687,KXBTCD-25MAY2123-T109749.99,DELTA,59,100,66,1000,254,yes,8,-4050
2025-05-21T19:01:14.057910,KXBTCD-25MAY2123-T109749.99,DELTA,59,100,66,1000,255,yes,10,3240
2025-05-21T19:01:14.118401,KXBTCD-25MAY2123-T109749.99,DELTA,59,100,66,1000,256,no,4,-8100
2025-05-21T19:01:14.118534,KXBTCD-25MAY2123-T109749.99,DELTA,59,100,66,1000,257,no,6,5400
2025-05-21T19:01:14.118814,KXBTCD-25MAY2123-T109749.99,DELTA,59,100,66,1000,258,yes,9,-20000
2025-05-21T19:01:14.156507,KXBTCD-25MAY2123-T109749.99,DELTA,59,100,66,1000,259,yes,11,20000
2025-05-21T19:01:14.176094,KXBTCD-25MAY2123-T109749.99,DELTA,59,100,66,1000,260,no,25,-9
2025-05-21T19:01:14.179074,KXBTCD-25MAY2123-T109749.99,DELTA,59,100,66,1000,261,no,5,-20000
2025-05-21T19:01:14.179190,KXBTCD-25MAY2123-T109749.99,DELTA,59,100,66,1000,262,no,5,-2000
2025-05-21T19:01:14.216906,KXBTCD-25MAY2123-T109749.99,DELTA,59,100,66,1000,263,no,7,2000
2025-05-21T19:01:14.237271,KXBTCD-25MAY2123-T109749.99,DELTA,59,100,66,1000,264,no,7,20000
2025-05-21T19:01:14.297208,KXBTCD-25MAY2123-T109749.99,DELTA,59,100,66,1000,265,no,33,-100
2025-05-21T19:01:14.358548,KXBTCD-25MAY2123-T109749.99,DELTA,59,100,76,24,266,no,34,-1000
2025-05-21T19:01:14.399125,KXBTCD-25MAY2123-T109749.99,DELTA,59,100,76,24,267,no,7,1000
2025-05-21T19:01:15.258627,KXBTCD-25MAY2123-T109749.99,DELTA,59,100,76,24,268,yes,10,-3240
2025-05-21T19:01:15.259631,KXBTCD-25MAY2123-T109749.99,DELTA,59,100,76,24,269,yes,12,2700
2025-05-21T19:01:15.318496,KXBTCD-25MAY2123-T109749.99,DELTA,59,100,76,24,270,no,6,-5400
2025-05-21T19:01:15.319245,KXBTCD-25MAY2123-T109749.99,DELTA,59,100,76,24,271,no,4,8100
2025-05-21T19:01:15.319941,KXBTCD-25MAY2123-T109749.99,DELTA,59,100,76,24,272,yes,11,-20000
2025-05-21T19:01:15.377790,KXBTCD-25MAY2123-T109749.99,DELTA,59,100,76,24,273,no,13,9
2025-05-21T19:01:15.378697,KXBTCD-25MAY2123-T109749.99,DELTA,60,9,76,24,274,yes,60,9
2025-05-21T19:01:15.379253,KXBTCD-25MAY2123-T109749.99,DELTA,60,9,76,24,275,no,13,9
2025-05-21T19:01:15.397259,KXBTCD-25MAY2123-T109749.99,DELTA,60,9,76,24,276,no,7,-20000
2025-05-21T19:01:15.397768,KXBTCD-25MAY2123-T109749.99,DELTA,60,9,76,24,277,no,7,-2000
2025-05-21T19:01:15.418131,KXBTCD-25MAY2123-T109749.99,DELTA,60,9,76,24,278,no,7,-1000
2025-05-21T19:01:15.458828,KXBTCD-25MAY2123-T109749.99,DELTA,60,9,76,24,279,no,5,2000
2025-05-21T19:01:15.459210,KXBTCD-25MAY2123-T109749.99,DELTA,60,9,76,24,280,no,5,20000
2025-05-21T19:01:15.459363,KXBTCD-25MAY2123-T109749.99,DELTA,60,9,76,24,281,no,5,1000
2025-05-21T19:01:15.598652,KXBTCD-25MAY2123-T109749.99,DELTA,60,9,67,100,282,no,33,100
2025-05-21T19:01:15.656793,KXBTCD-25MAY2123-T109749.99,DELTA,60,9,67,100,283,no,5,-1000
2025-05-21T19:01:15.780314,KXBTCD-25MAY2123-T109749.99,DELTA,60,9,66,1000,284,no,34,1000
2025-05-21T19:01:15.781643,KXBTCD-25MAY2123-T109749.99,DELTA,60,9,66,1000,285,no,13,-9
2025-05-21T19:01:15.818667,KXBTCD-25MAY2123-T109749.99,DELTA,59,100,66,1000,286,yes,60,-9
2025-05-21T19:01:15.918405,KXBTCD-25MAY2123-T109749.99,DELTA,59,100,66,1000,287,no,33,-100
2025-05-21T19:01:15.977612,KXBTCD-25MAY2123-T109749.99,DELTA,59,100,76,24,288,no,34,-1000
2025-05-21T19:01:16.099334,KXBTCD-25MAY2123-T109749.99,DELTA,59,100,76,24,289,no,5,1000
2025-05-21T19:01:16.218458,KXBTCD-25MAY2123-T109749.99,DELTA,60,9,76,24,290,yes,60,9
2025-05-21T19:01:16.219354,KXBTCD-25MAY2123-T109749.99,DELTA,60,9,76,24,291,no,13,9
2025-05-21T19:01:16.957743,KXBTCD-25MAY2123-T109749.99,DELTA,60,9,76,24,292,yes,59,-100
2025-05-21T19:01:17.080074,KXBTCD-25MAY2123-T109749.99,DELTA,60,9,68,100,293,no,32,100
2025-05-21T19:01:17.080301,KXBTCD-25MAY2123-T109749.99,DELTA,58,24,68,100,294,yes,60,-9
2025-05-21T19:01:17.080401,KXBTCD-25MAY2123-T109749.99,DELTA,58,24,68,100,295,yes,33,9
2025-05-21T19:01:17.137719,KXBTCD-25MAY2123-T109749.99,DELTA,58,24,68,100,296,no,5,-1000
2025-05-21T19:01:17.177466,KXBTCD-25MAY2123-T109749.99,DELTA,58,24,67,1000,297,no,33,1000
2025-05-21T19:01:17.859279,KXBTCD-25MAY2123-T109749.99,DELTA,58,24,67,1000,298,yes,30,-200
2025-05-21T19:01:17.859546,KXBTCD-25MAY2123-T109749.99,DELTA,58,24,67,1000,299,yes,40,200
2025-05-21T19:01:17.938334,KXBTCD-25MAY2123-T109749.99,DELTA,58,24,67,1000,300,yes,31,-2000
2025-05-21T19:01:17.938685,KXBTCD-25MAY2123-T109749.99,DELTA,58,24,67,1000,301,yes,31,-1000
2025-05-21T19:01:17.977169,KXBTCD-25MAY2123-T109749.99,DELTA,58,24,67,1000,302,no,13,-9
2025-05-21T19:01:17.998177,KXBTCD-25MAY2123-T109749.99,DELTA,58,24,67,1000,303,yes,41,2000
2025-05-21T19:01:18.000285,KXBTCD-25MAY2123-T109749.99,DELTA,58,24,67,1000,304,no,13,-9
2025-05-21T19:01:18.000950,KXBTCD-25MAY2123-T109749.99,DELTA,58,24,67,1000,305,yes,33,-9
2025-05-21T19:01:18.002106,KXBTCD-25MAY2123-T109749.99,DELTA,58,24,67,1000,306,yes,33,-9
2025-05-21T19:01:18.002724,KXBTCD-25MAY2123-T109749.99,DELTA,58,24,67,1000,307,yes,41,9
2025-05-21T19:01:18.017661,KXBTCD-25MAY2123-T109749.99,DELTA,58,24,67,1000,308,yes,41,1000
2025-05-21T19:01:18.488438,KXBTCD-25MAY2123-T109749.99,DELTA,60,100,67,1000,309,yes,60,100
2025-05-21T19:01:19.639389,KXBTCD-25MAY2123-T109749.99,DELTA,60,124,67,1000,310,yes,60,24
2025-05-21T19:01:19.640030,KXBTCD-25MAY2123-T109749.99,DELTA,60,124,67,1000,311,yes,58,-24
2025-05-21T19:01:19.657754,KXBTCD-25MAY2123-T109749.99,DELTA,60,124,67,1000,312,no,24,-24
2025-05-21T19:01:19.658376,KXBTCD-25MAY2123-T109749.99,DELTA,60,124,67,1000,313,no,23,24
2025-05-21T19:01:19.758306,KXBTCD-25MAY2123-T109749.99,DELTA,60,124,67,1000,314,yes,42,9
2025-05-21T19:01:19.759194,KXBTCD-25MAY2123-T109749.99,DELTA,60,124,67,1000,315,yes,41,-9
2025-05-21T19:01:19.913449,KXBTCD-25MAY2123-T109749.99,DELTA,60,124,67,1000,316,yes,12,-2700
2025-05-21T19:01:19.914563,KXBTCD-25MAY2123-T109749.99,DELTA,60,124,67,1000,317,yes,6,5400
2025-05-21T19:01:19.958235,KXBTCD-25MAY2123-T109749.99,DELTA,60,124,67,1000,318,no,4,-8100
2025-05-21T19:01:19.959335,KXBTCD-25MAY2123-T109749.99,DELTA,60,124,67,1000,319,no,6,5400
2025-05-21T19:01:19.959968,KXBTCD-25MAY2123-T109749.99,DELTA,60,124,67,1000,320,yes,7,20000
2025-05-21T19:01:20.018439,KXBTCD-25MAY2123-T109749.99,DELTA,60,124,67,1000,321,no,5,-20000
2025-05-21T19:01:20.042965,KXBTCD-25MAY2123-T109749.99,DELTA,60,124,67,1000,322,no,5,-2000
2025-05-21T19:01:20.043752,KXBTCD-25MAY2123-T109749.99,DELTA,62,24,67,1000,323,yes,62,24
2025-05-21T19:01:20.062326,KXBTCD-25MAY2123-T109749.99,DELTA,62,24,67,1000,324,no,21,24
2025-05-21T19:01:20.062720,KXBTCD-25MAY2123-T109749.99,DELTA,62,24,67,1000,325,yes,60,-24
2025-05-21T19:01:20.062915,KXBTCD-25MAY2123-T109749.99,DELTA,62,24,67,1000,326,no,23,-24
2025-05-21T19:01:20.078085,KXBTCD-25MAY2123-T109749.99,DELTA,62,24,67,1000,327,no,7,2000
2025-05-21T19:01:20.078268,KXBTCD-25MAY2123-T109749.99,DELTA,62,24,67,1000,328,no,7,20000
2025-05-21T19:01:20.498607,KXBTCD-25MAY2123-T109749.99,DELTA,62,24,67,1000,329,yes,41,-1000
2025-05-21T19:01:20.539232,KXBTCD-25MAY2123-T109749.99,DELTA,62,24,67,1000,330,yes,60,1000
2025-05-21T19:01:20.697551,KXBTCD-25MAY2123-T109749.99,DELTA,62,24,67,1000,331,no,32,-100
2025-05-21T19:01:20.698413,KXBTCD-25MAY2123-T109749.99,DELTA,62,24,67,1000,332,yes,60,-100
2025-05-21T19:01:20.758341,KXBTCD-25MAY2123-T109749.99,DELTA,62,24,67,1000,333,yes,60,-1000
2025-05-21T19:01:20.777359,KXBTCD-25MAY2123-T109749.99,DELTA,62,24,79,24,334,no,33,-1000
2025-05-21T19:01:20.817663,KXBTCD-25MAY2123-T109749.99,DELTA,62,24,79,24,335,no,7,1000
2025-05-21T19:01:20.817991,KXBTCD-25MAY2123-T109749.99,DELTA,62,24,79,24,336,yes,41,1000
2025-05-21T19:01:21.697692,KXBTCD-25MAY2123-T109749.99,DELTA,63,100,79,24,337,yes,63,100
2025-05-21T19:01:21.698360,KXBTCD-25MAY2123-T109749.99,DELTA,63,100,71,100,338,no,29,100
2025-05-21T19:01:21.757994,KXBTCD-25MAY2123-T109749.99,DELTA,63,100,71,100,339,no,7,-1000
2025-05-21T19:01:21.817909,KXBTCD-25MAY2123-T109749.99,DELTA,63,100,70,1000,340,no,30,1000
2025-05-21T19:01:21.819387,KXBTCD-25MAY2123-T109749.99,DELTA,63,100,70,1000,341,no,22,9
2025-05-21T19:01:22.538245,KXBTCD-25MAY2123-T109749.99,DELTA,63,100,70,1000,342,yes,6,-5400
2025-05-21T19:01:22.539347,KXBTCD-25MAY2123-T109749.99,DELTA,63,100,70,1000,343,yes,8,4050
2025-05-21T19:01:22.578428,KXBTCD-25MAY2123-T109749.99,DELTA,63,100,70,1000,344,no,6,-5400
2025-05-21T19:01:22.579357,KXBTCD-25MAY2123-T109749.99,DELTA,63,100,70,1000,345,no,4,8100
2025-05-21T19:01:22.597363,KXBTCD-25MAY2123-T109749.99,DELTA,63,100,70,1000,346,yes,7,-20000
2025-05-21T19:01:22.637978,KXBTCD-25MAY2123-T109749.99,DELTA,63,100,70,1000,347,yes,9,20000
2025-05-21T19:01:22.638989,KXBTCD-25MAY2123-T109749.99,DELTA,63,100,70,1000,348,no,22,-9
2025-05-21T19:01:22.639532,KXBTCD-25MAY2123-T109749.99,DELTA,63,100,70,1000,349,no,7,-20000
2025-05-21T19:01:22.657276,KXBTCD-25MAY2123-T109749.99,DELTA,63,100,70,1000,350,no,7,-2000
2025-05-21T19:01:22.698259,KXBTCD-25MAY2123-T109749.99,DELTA,63,100,70,1000,351,no,5,2000
2025-05-21T19:01:22.698952,KXBTCD-25MAY2123-T109749.99,DELTA,63,100,70,1000,352,no,5,20000
2025-05-21T19:01:23.599188,KXBTCD-25MAY2123-T109749.99,DELTA,63,100,70,1000,353,yes,60,24
2025-05-21T19:01:23.599619,KXBTCD-25MAY2123-T109749.99,DELTA,63,100,70,1000,354,yes,62,-24
2025-05-21T19:01:23.599931,KXBTCD-25MAY2123-T109749.99,DELTA,63,100,70,1000,355,no,22,24
2025-05-21T19:01:23.600179,KXBTCD-25MAY2123-T109749.99,DELTA,63,100,70,1000,356,no,21,-24
2025-05-21T19:01:23.725981,KXBTCD-25MAY2123-T109749.99,DELTA,63,100,70,1000,357,yes,8,-4050
2025-05-21T19:01:23.726853,KXBTCD-25MAY2123-T109749.99,DELTA,63,100,70,1000,358,yes,10,3240
2025-05-21T19:01:23.798820,KXBTCD-25MAY2123-T109749.99,DELTA,63,100,70,1000,359,no,4,-8100
2025-05-21T19:01:23.799418,KXBTCD-25MAY2123-T109749.99,DELTA,63,100,70,1000,360,no,6,5400
2025-05-21T19:01:23.800152,KXBTCD-25MAY2123-T109749.99,DELTA,63,100,70,1000,361,yes,9,-20000
2025-05-21T19:01:23.858150,KXBTCD-25MAY2123-T109749.99,DELTA,63,100,70,1000,362,yes,11,20000
2025-05-21T19:01:23.859341,KXBTCD-25MAY2123-T109749.99,DELTA,63,100,70,1000,363,no,5,-20000
2025-05-21T19:01:23.876169,KXBTCD-25MAY2123-T109749.99,DELTA,63,100,70,1000,364,no,5,-2000
2025-05-21T19:01:23.918464,KXBTCD-25MAY2123-T109749.99,DELTA,63,100,70,1000,365,no,7,2000
2025-05-21T19:01:23.918606,KXBTCD-25MAY2123-T109749.99,DELTA,63,100,70,1000,366,no,7,20000
2025-05-21T19:01:24.063375,KXBTCD-25MAY2123-T109749.99,DELTA,63,100,70,1000,367,yes,58,24
2025-05-21T19:01:24.064033,KXBTCD-25MAY2123-T109749.99,DELTA,63,100,70,1000,368,no,25,24
2025-05-21T19:01:24.080164,KXBTCD-25MAY2123-T109749.99,DELTA,63,100,70,1000,369,yes,60,-24
2025-05-21T19:01:24.080797,KXBTCD-25MAY2123-T109749.99,DELTA,63,100,70,1000,370,no,22,-24
2025-05-21T19:01:24.338956,KXBTCD-25MAY2123-T109749.99,DELTA,58,24,70,1000,371,yes,63,-100
2025-05-21T19:01:24.339713,KXBTCD-25MAY2123-T109749.99,DELTA,58,24,70,1000,372,no,29,-100
2025-05-21T19:01:24.398652,KXBTCD-25MAY2123-T109749.99,DELTA,58,24,75,24,373,no,30,-1000
2025-05-21T19:01:24.437568,KXBTCD-25MAY2123-T109749.99,DELTA,58,24,75,24,374,no,7,1000
2025-05-21T19:01:24.516832,KXBTCD-25MAY2123-T109749.99,DELTA,58,24,75,24,375,no,13,9
2025-05-21T19:01:24.618755,KXBTCD-25MAY2123-T109749.99,DELTA,58,24,75,24,376,no,13,9
2025-05-21T19:01:24.619241,KXBTCD-25MAY2123-T109749.99,DELTA,58,24,75,24,377,yes,42,9
2025-05-21T19:01:24.958225,KXBTCD-25MAY2123-T109749.99,DELTA,58,24,75,24,378,yes,10,-3240
2025-05-21T19:01:24.959008,KXBTCD-25MAY2123-T109749.99,DELTA,58,24,75,24,379,yes,12,2700
2025-05-21T19:01:25.021434,KXBTCD-25MAY2123-T109749.99,DELTA,58,24,75,24,380,no,6,-5400
2025-05-21T19:01:25.022090,KXBTCD-25MAY2123-T109749.99,DELTA,58,24,75,24,381,no,4,8100
2025-05-21T19:01:25.022526,KXBTCD-25MAY2123-T109749.99,DELTA,58,24,75,24,382,yes,11,-20000
2025-05-21T19:01:25.078850,KXBTCD-25MAY2123-T109749.99,DELTA,58,24,75,24,383,no,7,-20000
2025-05-21T19:01:25.079202,KXBTCD-25MAY2123-T109749.99,DELTA,58,24,75,24,384,no,7,-2000
2025-05-21T19:01:25.098866,KXBTCD-25MAY2123-T109749.99,DELTA,58,24,75,24,385,no,7,-1000
2025-05-21T19:01:25.098964,KXBTCD-25MAY2123-T109749.99,DELTA,58,24,75,24,386,yes,40,-200
2025-05-21T19:01:25.099033,KXBTCD-25MAY2123-T109749.99,DELTA,58,24,75,24,387,yes,30,200
2025-05-21T19:01:25.157515,KXBTCD-25MAY2123-T109749.99,DELTA,58,24,75,24,388,no,5,1000
2025-05-21T19:01:25.158791,KXBTCD-25MAY2123-T109749.99,DELTA,58,24,75,24,389,no,5,20000
2025-05-21T19:01:25.158895,KXBTCD-25MAY2123-T109749.99,DELTA,58,24,75,24,390,no,5,2000
2025-05-21T19:01:25.158986,KXBTCD-25MAY2123-T109749.99,DELTA,58,24,75,24,391,yes,41,-2000
2025-05-21T19:01:25.176881,KXBTCD-25MAY2123-T109749.99,DELTA,58,24,75,24,392,yes,41,-1000
2025-05-21T19:01:25.217147,KXBTCD-25MAY2123-T109749.99,DELTA,58,24,75,24,393,yes,31,1000
2025-05-21T19:01:25.217430,KXBTCD-25MAY2123-T109749.99,DELTA,58,24,75,24,394,yes,31,2000
2025-05-21T19:01:25.239248,KXBTCD-25MAY2123-T109749.99,DELTA,58,24,75,24,395,yes,56,24
2025-05-21T19:01:25.239619,KXBTCD-25MAY2123-T109749.99,DELTA,56,24,75,24,396,yes,58,-24
2025-05-21T19:01:25.239912,KXBTCD-25MAY2123-T109749.99,DELTA,56,24,74,24,397,no,26,24
2025-05-21T19:01:25.240164,KXBTCD-25MAY2123-T109749.99,DELTA,56,24,74,24,398,no,25,-24
2025-05-21T19:01:25.618665,KXBTCD-25MAY2123-T109749.99,DELTA,56,24,67,100,399,no,33,100
2025-05-21T19:01:25.637082,KXBTCD-25MAY2123-T109749.99,DELTA,59,100,67,100,400,yes,59,100
2025-05-21T19:01:25.680236,KXBTCD-25MAY2123-T109749.99,DELTA,59,100,67,100,401,no,5,-1000
2025-05-21T19:01:25.740527,KXBTCD-25MAY2123-T109749.99,DELTA,59,100,66,1000,402,no,34,1000
2025-05-21T19:01:25.758404,KXBTCD-25MAY2123-T109749.99,DELTA,59,100,66,1000,403,no,13,-9
2025-05-21T19:01:25.759524,KXBTCD-25MAY2123-T109749.99,DELTA,59,100,66,1009,404,no,34,9
2025-05-21T19:01:25.760087,KXBTCD-25MAY2123-T109749.99,DELTA,59,100,66,1009,405,yes,42,-9
2025-05-21T19:01:25.760368,KXBTCD-25MAY2123-T109749.99,DELTA,59,100,66,1009,406,yes,33,9
2025-05-21T19:01:25.898875,KXBTCD-25MAY2123-T109749.99,DELTA,59,100,66,1009,407,no,33,-100
2025-05-21T19:01:25.959205,KXBTCD-25MAY2123-T109749.99,DELTA,59,100,66,9,408,no,34,-1000
2025-05-21T19:01:26.078369,KXBTCD-25MAY2123-T109749.99,DELTA,59,100,66,9,409,yes,42,-9
2025-05-21T19:01:26.079527,KXBTCD-25MAY2123-T109749.99,DELTA,59,100,66,9,410,yes,33,9
2025-05-21T19:01:26.117847,KXBTCD-25MAY2123-T109749.99,DELTA,59,100,66,9,411,yes,12,-2700
2025-05-21T19:01:26.118628,KXBTCD-25MAY2123-T109749.99,DELTA,59,100,66,9,412,yes,6,5400
2025-05-21T19:01:26.180258,KXBTCD-25MAY2123-T109749.99,DELTA,59,100,66,9,413,yes,7,20000
2025-05-21T19:01:26.198689,KXBTCD-25MAY2123-T109749.99,DELTA,59,100,74,24,414,no,34,-9
2025-05-21T19:01:26.199277,KXBTCD-25MAY2123-T109749.99,DELTA,59,100,74,24,415,no,13,9
2025-05-21T19:01:26.199553,KXBTCD-25MAY2123-T109749.99,DELTA,59,100,74,24,416,yes,33,-9
2025-05-21T19:01:26.199766,KXBTCD-25MAY2123-T109749.99,DELTA,60,9,74,24,417,yes,60,9
2025-05-21T19:01:26.199950,KXBTCD-25MAY2123-T109749.99,DELTA,60,9,74,24,418,no,4,-8100
2025-05-21T19:01:26.200112,KXBTCD-25MAY2123-T109749.99,DELTA,60,9,74,24,419,no,6,5400
2025-05-21T19:01:26.298555,KXBTCD-25MAY2123-T109749.99,DELTA,60,9,74,24,420,no,5,1000
2025-05-21T19:01:26.337883,KXBTCD-25MAY2123-T109749.99,DELTA,60,9,74,24,421,no,5,-20000
2025-05-21T19:01:26.361252,KXBTCD-25MAY2123-T109749.99,DELTA,60,9,74,24,422,no,5,-2000
2025-05-21T19:01:26.361682,KXBTCD-25MAY2123-T109749.99,DELTA,60,9,74,24,423,no,5,-1000
2025-05-21T19:01:26.397697,KXBTCD-25MAY2123-T109749.99,DELTA,60,9,74,24,424,no,7,20000
2025-05-21T19:01:26.416718,KXBTCD-25MAY2123-T109749.99,DELTA,60,9,74,24,425,no,7,2000
2025-05-21T19:01:26.416864,KXBTCD-25MAY2123-T109749.99,DELTA,60,9,74,24,426,no,7,1000
2025-05-21T19:01:26.939304,KXBTCD-25MAY2123-T109749.99,DELTA,60,9,66,100,427,no,34,100
2025-05-21T19:01:27.017270,KXBTCD-25MAY2123-T109749.99,DELTA,60,9,66,100,428,no,7,-1000
2025-05-21T19:01:27.061058,KXBTCD-25MAY2123-T109749.99,DELTA,60,9,65,1000,429,no,35,1000
2025-05-21T19:01:27.116495,KXBTCD-25MAY2123-T109749.99,DELTA,60,9,65,1000,430,no,13,-9
2025-05-21T19:01:27.116750,KXBTCD-25MAY2123-T109749.99,DELTA,60,9,65,1000,431,no,13,-9
2025-05-21T19:01:27.116859,KXBTCD-25MAY2123-T109749.99,DELTA,59,100,65,1000,432,yes,60,-9
2025-05-21T19:01:27.116954,KXBTCD-25MAY2123-T109749.99,DELTA,59,100,65,1000,433,no,27,9
2025-05-21T19:01:27.438266,KXBTCD-25MAY2123-T109749.99,DELTA,59,100,65,1000,434,yes,6,-5400
2025-05-21T19:01:27.439302,KXBTCD-25MAY2123-T109749.99,DELTA,59,100,65,1000,435,yes,8,4050
2025-05-21T19:01:27.478423,KXBTCD-25MAY2123-T109749.99,DELTA,59,100,65,1000,436,no,6,-5400
2025-05-21T19:01:27.479528,KXBTCD-25MAY2123-T109749.99,DELTA,59,100,65,1000,437,no,4,8100
2025-05-21T19:01:27.497540,KXBTCD-25MAY2123-T109749.99,DELTA,59,100,65,1000,438,yes,7,-20000
2025-05-21T19:01:27.538909,KXBTCD-25MAY2123-T109749.99,DELTA,59,100,65,1000,439,yes,9,20000
2025-05-21T19:01:27.578310,KXBTCD-25MAY2123-T109749.99,DELTA,59,100,65,1000,440,no,7,-20000
2025-05-21T19:01:27.598380,KXBTCD-25MAY2123-T109749.99,DELTA,59,100,65,1000,441,no,7,-2000
2025-05-21T19:01:27.638036,KXBTCD-25MAY2123-T109749.99,DELTA,59,100,65,1000,442,no,5,2000
2025-05-21T19:01:27.638981,KXBTCD-25MAY2123-T109749.99,DELTA,59,100,65,1000,443,no,5,20000
2025-05-21T19:01:30.538913,KXBTCD-25MAY2123-T109749.99,DELTA,59,100,65,1000,444,no,34,-100
2025-05-21T19:01:30.598711,KXBTCD-25MAY2123-T109749.99,DELTA,59,100,73,9,445,no,35,-1000
2025-05-21T19:01:30.639329,KXBTCD-25MAY2123-T109749.99,DELTA,59,100,73,9,446,no,5,1000
2025-05-21T19:01:30.658767,KXBTCD-25MAY2123-T109749.99,DELTA,59,100,74,24,447,no,27,-9
2025-05-21T19:01:31.737625,KXBTCD-25MAY2123-T109749.99,DELTA,59,100,67,100,448,no,33,100
2025-05-21T19:01:31.798081,KXBTCD-25MAY2123-T109749.99,DELTA,59,100,67,100,449,no,5,-1000
2025-05-21T19:01:31.837640,KXBTCD-25MAY2123-T109749.99,DELTA,59,100,66,1000,450,no,34,1000
2025-05-21T19:01:31.861237,KXBTCD-25MAY2123-T109749.99,DELTA,59,100,66,1000,451,no,27,9
2025-05-21T19:01:31.938825,KXBTCD-25MAY2123-T109749.99,DELTA,59,100,66,1000,452,no,33,-100
2025-05-21T19:01:31.999854,KXBTCD-25MAY2123-T109749.99,DELTA,59,100,73,9,453,no,34,-1000
2025-05-21T19:01:32.097286,KXBTCD-25MAY2123-T109749.99,DELTA,59,100,73,9,454,no,5,1000
2025-05-21T19:01:32.097460,KXBTCD-25MAY2123-T109749.99,DELTA,59,100,73,9,455,yes,8,-4050
2025-05-21T19:01:32.097561,KXBTCD-25MAY2123-T109749.99,DELTA,59,100,73,9,456,yes,10,3240
2025-05-21T19:01:32.170971,KXBTCD-25MAY2123-T109749.99,DELTA,59,100,73,9,457,yes,9,-20000
2025-05-21T19:01:32.239259,KXBTCD-25MAY2123-T109749.99,DELTA,59,100,73,9,458,yes,11,20000
2025-05-21T19:01:32.302353,KXBTCD-25MAY2123-T109749.99,DELTA,59,100,73,9,459,no,4,-8100
2025-05-21T19:01:32.303288,KXBTCD-25MAY2123-T109749.99,DELTA,59,100,73,9,460,no,6,5400
2025-05-21T19:01:32.358186,KXBTCD-25MAY2123-T109749.99,DELTA,59,100,73,9,461,no,5,-20000
2025-05-21T19:01:32.359188,KXBTCD-25MAY2123-T109749.99,DELTA,60,9,73,9,462,yes,60,9
2025-05-21T19:01:32.379821,KXBTCD-25MAY2123-T109749.99,DELTA,60,9,73,9,463,no,5,-2000
2025-05-21T19:01:32.381078,KXBTCD-25MAY2123-T109749.99,DELTA,60,9,73,9,464,no,5,-1000
2025-05-21T19:01:32.397218,KXBTCD-25MAY2123-T109749.99,DELTA,60,9,73,9,465,no,13,9
2025-05-21T19:01:32.417706,KXBTCD-25MAY2123-T109749.99,DELTA,60,9,73,9,466,no,7,2000
2025-05-21T19:01:32.418440,KXBTCD-25MAY2123-T109749.99,DELTA,60,9,73,9,467,no,7,1000
2025-05-21T19:01:32.478542,KXBTCD-25MAY2123-T109749.99,DELTA,60,9,73,9,468,yes,56,-24
2025-05-21T19:01:32.497704,KXBTCD-25MAY2123-T109749.99,DELTA,60,9,73,9,469,no,26,-24
2025-05-21T19:01:32.498750,KXBTCD-25MAY2123-T109749.99,DELTA,60,9,73,9,470,yes,58,24
2025-05-21T19:01:32.499495,KXBTCD-25MAY2123-T109749.99,DELTA,60,9,73,9,471,no,25,24
2025-05-21T19:01:32.517129,KXBTCD-25MAY2123-T109749.99,DELTA,60,9,73,9,472,no,7,20000
2025-05-21T19:01:32.618054,KXBTCD-25MAY2123-T109749.99,DELTA,60,9,73,9,473,no,13,9
2025-05-21T19:01:32.618875,KXBTCD-25MAY2123-T109749.99,DELTA,60,9,75,24,474,no,27,-9
2025-05-21T19:01:33.218895,KXBTCD-25MAY2123-T109749.99,DELTA,60,9,68,100,475,no,32,100
2025-05-21T19:01:33.277527,KXBTCD-25MAY2123-T109749.99,DELTA,60,9,68,100,476,no,7,-1000
2025-05-21T19:01:33.318119,KXBTCD-25MAY2123-T109749.99,DELTA,60,9,67,1000,477,no,33,1000
2025-05-21T19:01:33.337734,KXBTCD-25MAY2123-T109749.99,DELTA,60,9,67,1000,478,no,13,-9
2025-05-21T19:01:33.378517,KXBTCD-25MAY2123-T109749.99,DELTA,59,100,67,1000,479,yes,60,-9
2025-05-21T19:01:33.458375,KXBTCD-25MAY2123-T109749.99,DELTA,59,100,67,1000,480,no,13,-9
2025-05-21T19:01:33.577468,KXBTCD-25MAY2123-T109749.99,DELTA,58,24,67,1000,481,yes,59,-100
2025-05-21T19:01:34.516330,KXBTCD-25MAY2123-T109749.99,DELTA,60,100,67,1000,482,yes,60,100
2025-05-21T19:01:34.877404,KXBTCD-25MAY2123-T109749.99,DELTA,60,100,67,1000,483,yes,10,-3240
2025-05-21T19:01:34.877616,KXBTCD-25MAY2123-T109749.99,DELTA,60,100,67,1000,484,yes,12,2700
2025-05-21T19:01:34.917544,KXBTCD-25MAY2123-T109749.99,DELTA,60,100,67,1000,485,no,6,-5400
2025-05-21T19:01:34.917747,KXBTCD-25MAY2123-T109749.99,DELTA,60,100,67,1000,486,no,4,8100
2025-05-21T19:01:34.937107,KXBTCD-25MAY2123-T109749.99,DELTA,60,100,67,1000,487,yes,11,-20000
2025-05-21T19:01:34.977292,KXBTCD-25MAY2123-T109749.99,DELTA,60,100,67,1000,488,no,7,-20000
2025-05-21T19:01:34.977506,KXBTCD-25MAY2123-T109749.99,DELTA,60,100,67,1000,489,no,7,-2000
2025-05-21T19:01:35.037833,KXBTCD-25MAY2123-T109749.99,DELTA,60,100,67,1000,490,no,5,20000
2025-05-21T19:01:35.037933,KXBTCD-25MAY2123-T109749.99,DELTA,60,100,67,1000,491,no,5,2000
2025-05-21T19:01:36.021560,KXBTCD-25MAY2123-T109749.99,DELTA,60,100,67,1000,492,yes,12,-2700
2025-05-21T19:01:36.022773,KXBTCD-25MAY2123-T109749.99,DELTA,60,100,67,1000,493,yes,6,5400
2025-05-21T19:01:36.058681,KXBTCD-25MAY2123-T109749.99,DELTA,60,100,67,1000,494,no,4,-8100
2025-05-21T19:01:36.059432,KXBTCD-25MAY2123-T109749.99,DELTA,60,100,67,1000,495,no,6,5400
2025-05-21T19:01:36.079286,KXBTCD-25MAY2123-T109749.99,DELTA,60,100,67,1000,496,yes,7,20000
2025-05-21T19:01:36.197628,KXBTCD-25MAY2123-T109749.99,DELTA,60,100,67,1000,497,no,5,-20000
2025-05-21T19:01:36.218907,KXBTCD-25MAY2123-T109749.99,DELTA,60,100,67,1000,498,no,5,-2000
2025-05-21T19:01:36.260013,KXBTCD-25MAY2123-T109749.99,DELTA,60,100,67,1000,499,no,7,20000
2025-05-21T19:01:36.298287,KXBTCD-25MAY2123-T109749.99,DELTA,60,100,67,1000,500,no,7,2000
2025-05-21T19:01:37.276076,KXBTCD-25MAY2123-T109749.99,DELTA,60,100,67,1000,501,yes,6,-5400
2025-05-21T19:01:37.277183,KXBTCD-25MAY2123-T109749.99,DELTA,60,100,67,1000,502,yes,8,4050
2025-05-21T19:01:37.302994,KXBTCD-25MAY2123-T109749.99,DELTA,60,100,67,1000,503,yes,7,-20000
2025-05-21T19:01:37.304092,KXBTCD-25MAY2123-T109749.99,DELTA,60,100,67,1000,504,no,6,-5400
2025-05-21T19:01:37.304795,KXBTCD-25MAY2123-T109749.99,DELTA,60,100,67,1000,505,no,8,4050
2025-05-21T19:01:37.320498,KXBTCD-25MAY2123-T109749.99,DELTA,60,100,67,1000,506,yes,9,20000
2025-05-21T19:01:37.338051,KXBTCD-25MAY2123-T109749.99,DELTA,60,100,67,1000,507,no,7,-20000
2025-05-21T19:01:37.358477,KXBTCD-25MAY2123-T109749.99,DELTA,60,100,67,1000,508,no,7,-2000
2025-05-21T19:01:37.398123,KXBTCD-25MAY2123-T109749.99,DELTA,60,100,67,1000,509,no,9,20000
2025-05-21T19:01:37.399024,KXBTCD-25MAY2123-T109749.99,DELTA,60,100,67,1000,510,no,9,2000
2025-05-21T19:01:38.160200,KXBTCD-25MAY2123-T109749.99,DELTA,60,100,67,1000,511,no,32,-100
2025-05-21T19:01:38.257724,KXBTCD-25MAY2123-T109749.99,DELTA,60,100,75,24,512,no,33,-1000
2025-05-21T19:01:38.258743,KXBTCD-25MAY2123-T109749.99,DELTA,60,100,75,24,513,yes,56,24
2025-05-21T19:01:38.278197,KXBTCD-25MAY2123-T109749.99,DELTA,60,100,75,24,514,yes,58,-24
2025-05-21T19:01:38.279053,KXBTCD-25MAY2123-T109749.99,DELTA,60,100,73,24,515,no,27,24
2025-05-21T19:01:38.279654,KXBTCD-25MAY2123-T109749.99,DELTA,60,100,73,24,516,no,25,-24
2025-05-21T19:01:38.297687,KXBTCD-25MAY2123-T109749.99,DELTA,60,100,73,24,517,no,9,1000
2025-05-21T19:01:38.378997,KXBTCD-25MAY2123-T109749.99,DELTA,60,100,73,24,518,yes,8,-4050
2025-05-21T19:01:38.379978,KXBTCD-25MAY2123-T109749.99,DELTA,60,100,73,24,519,yes,10,3240
2025-05-21T19:01:38.461088,KXBTCD-25MAY2123-T109749.99,DELTA,60,100,73,24,520,no,8,-4050
2025-05-21T19:01:38.461926,KXBTCD-25MAY2123-T109749.99,DELTA,60,100,73,24,521,no,4,8100
2025-05-21T19:01:38.462505,KXBTCD-25MAY2123-T109749.99,DELTA,60,100,73,24,522,yes,9,-20000
2025-05-21T19:01:38.498290,KXBTCD-25MAY2123-T109749.99,DELTA,60,100,73,24,523,yes,11,20000
2025-05-21T19:01:38.517698,KXBTCD-25MAY2123-T109749.99,DELTA,60,100,73,24,524,no,9,-20000
2025-05-21T19:01:38.537832,KXBTCD-25MAY2123-T109749.99,DELTA,60,100,73,24,525,no,9,-2000
2025-05-21T19:01:38.538577,KXBTCD-25MAY2123-T109749.99,DELTA,60,100,73,24,526,no,9,-1000
2025-05-21T19:01:38.577056,KXBTCD-25MAY2123-T109749.99,DELTA,60,100,73,24,527,no,5,2000
2025-05-21T19:01:38.577901,KXBTCD-25MAY2123-T109749.99,DELTA,60,100,73,24,528,no,5,1000
2025-05-21T19:01:38.578537,KXBTCD-25MAY2123-T109749.99,DELTA,60,100,73,24,529,no,5,20000
2025-05-21T19:01:38.697719,KXBTCD-25MAY2123-T109749.99,DELTA,61,9,73,24,530,yes,61,9
2025-05-21T19:01:38.698674,KXBTCD-25MAY2123-T109749.99,DELTA,61,9,73,24,531,no,13,9
2025-05-21T19:01:38.997933,KXBTCD-25MAY2123-T109749.99,DELTA,61,9,73,24,532,yes,60,-100
2025-05-21T19:01:39.118581,KXBTCD-25MAY2123-T109749.99,DELTA,61,9,73,24,533,no,13,9
2025-05-21T19:01:39.119706,KXBTCD-25MAY2123-T109749.99,DELTA,56,24,73,24,534,yes,61,-9
2025-05-21T19:01:39.120532,KXBTCD-25MAY2123-T109749.99,DELTA,56,24,73,24,535,yes,33,9
2025-05-21T19:01:39.562093,KXBTCD-25MAY2123-T109749.99,DELTA,56,24,73,24,536,yes,10,-3240
2025-05-21T19:01:39.562335,KXBTCD-25MAY2123-T109749.99,DELTA,56,24,73,24,537,yes,12,2700
2025-05-21T19:01:39.597667,KXBTCD-25MAY2123-T109749.99,DELTA,56,24,73,24,538,no,4,-8100
2025-05-21T19:01:39.597857,KXBTCD-25MAY2123-T109749.99,DELTA,56,24,73,24,539,no,6,5400
2025-05-21T19:01:39.616698,KXBTCD-25MAY2123-T109749.99,DELTA,56,24,73,24,540,yes,11,-20000
2025-05-21T19:01:39.617108,KXBTCD-25MAY2123-T109749.99,DELTA,56,24,67,100,541,no,33,100
2025-05-21T19:01:39.669147,KXBTCD-25MAY2123-T109749.99,DELTA,56,24,67,100,542,no,5,-20000
2025-05-21T19:01:39.670198,KXBTCD-25MAY2123-T109749.99,DELTA,56,24,67,100,543,no,5,-2000
2025-05-21T19:01:39.680174,KXBTCD-25MAY2123-T109749.99,DELTA,56,24,67,100,544,no,5,-1000
2025-05-21T19:01:39.756046,KXBTCD-25MAY2123-T109749.99,DELTA,56,24,67,100,545,no,7,20000
2025-05-21T19:01:39.757000,KXBTCD-25MAY2123-T109749.99,DELTA,56,24,67,100,546,no,7,2000
2025-05-21T19:01:39.757650,KXBTCD-25MAY2123-T109749.99,DELTA,56,24,66,1000,547,no,34,1000
2025-05-21T19:01:39.898094,KXBTCD-25MAY2123-T109749.99,DELTA,56,24,66,1000,548,no,13,-9
2025-05-21T19:01:40.398026,KXBTCD-25MAY2123-T109749.99,DELTA,59,100,66,1000,549,yes,59,100
2025-05-21T19:01:40.518091,KXBTCD-25MAY2123-T109749.99,DELTA,59,100,66,1000,550,no,13,-9
2025-05-21T19:01:40.537852,KXBTCD-25MAY2123-T109749.99,DELTA,59,100,66,1000,551,yes,33,-9
2025-05-21T19:01:40.598461,KXBTCD-25MAY2123-T109749.99,DELTA,59,100,66,1000,552,yes,58,24
2025-05-21T19:01:40.599154,KXBTCD-25MAY2123-T109749.99,DELTA,59,100,66,1000,553,yes,56,-24
2025-05-21T19:01:40.617273,KXBTCD-25MAY2123-T109749.99,DELTA,59,100,66,1000,554,no,27,-24
2025-05-21T19:01:40.618166,KXBTCD-25MAY2123-T109749.99,DELTA,59,100,66,1000,555,no,25,24
2025-05-21T19:01:40.757793,KXBTCD-25MAY2123-T109749.99,DELTA,58,24,66,1000,556,yes,59,-100
2025-05-21T19:01:42.382508,KXBTCD-25MAY2123-T109749.99,DELTA,60,100,66,1000,557,yes,60,100
2025-05-21T19:01:43.498417,KXBTCD-25MAY2123-T109749.99,DELTA,60,100,66,1000,558,no,33,-100
2025-05-21T19:01:43.603834,KXBTCD-25MAY2123-T109749.99,DELTA,60,100,75,24,559,no,34,-1000
2025-05-21T19:01:43.604723,KXBTCD-25MAY2123-T109749.99,DELTA,58,24,75,24,560,yes,60,-100
2025-05-21T19:01:43.678506,KXBTCD-25MAY2123-T109749.99,DELTA,58,24,75,24,561,no,7,1000
2025-05-21T19:01:45.278478,KXBTCD-25MAY2123-T109749.99,DELTA,58,24,68,100,562,no,32,100
2025-05-21T19:01:45.399530,KXBTCD-25MAY2123-T109749.99,DELTA,58,24,68,100,563,no,7,-1000
2025-05-21T19:01:45.400597,KXBTCD-25MAY2123-T109749.99,DELTA,60,100,68,100,564,yes,60,100
2025-05-21T19:01:45.477499,KXBTCD-25MAY2123-T109749.99,DELTA,60,100,67,9,565,no,33,9
2025-05-21T19:01:45.479538,KXBTCD-25MAY2123-T109749.99,DELTA,60,100,67,9,566,no,26,9
2025-05-21T19:01:45.480350,KXBTCD-25MAY2123-T109749.99,DELTA,60,100,67,9,567,yes,33,9
2025-05-21T19:01:45.481102,KXBTCD-25MAY2123-T109749.99,DELTA,60,100,67,1009,568,no,33,1000
2025-05-21T19:01:46.377618,KXBTCD-25MAY2123-T109749.99,DELTA,60,100,67,1009,569,yes,12,-2700
2025-05-21T19:01:46.378758,KXBTCD-25MAY2123-T109749.99,DELTA,60,100,67,1009,570,yes,6,5400
2025-05-21T19:01:46.498091,KXBTCD-25MAY2123-T109749.99,DELTA,60,100,67,1009,571,yes,7,20000
2025-05-21T19:01:46.597957,KXBTCD-25MAY2123-T109749.99,DELTA,60,100,67,1009,572,no,6,-5400
2025-05-21T19:01:46.599282,KXBTCD-25MAY2123-T109749.99,DELTA,60,100,67,1009,573,no,8,4050
2025-05-21T19:01:46.600175,KXBTCD-25MAY2123-T109749.99,DELTA,60,100,67,1000,574,no,33,-9
2025-05-21T19:01:46.600821,KXBTCD-25MAY2123-T109749.99,DELTA,60,100,67,1000,575,no,26,-9
2025-05-21T19:01:46.601250,KXBTCD-25MAY2123-T109749.99,DELTA,60,100,67,1000,576,yes,33,-9
2025-05-21T19:01:46.778044,KXBTCD-25MAY2123-T109749.99,DELTA,60,100,67,1000,577,no,7,-20000
2025-05-21T19:01:46.797614,KXBTCD-25MAY2123-T109749.99,DELTA,60,100,67,1000,578,no,7,-2000
2025-05-21T19:01:46.878814,KXBTCD-25MAY2123-T109749.99,DELTA,60,100,67,1000,579,no,9,2000
2025-05-21T19:01:46.879890,KXBTCD-25MAY2123-T109749.99,DELTA,60,100,67,1000,580,no,9,20000
2025-05-21T19:01:47.478123,KXBTCD-25MAY2123-T109749.99,DELTA,58,24,67,1000,581,yes,60,-100
2025-05-21T19:01:48.825405,KXBTCD-25MAY2123-T109749.99,DELTA,60,100,67,1000,582,yes,60,100
2025-05-21T19:01:49.202284,KXBTCD-25MAY2123-T109749.99,DELTA,60,100,67,1000,583,yes,6,-5400
2025-05-21T19:01:49.203192,KXBTCD-25MAY2123-T109749.99,DELTA,60,100,67,1000,584,yes,8,4050
2025-05-21T19:01:49.263176,KXBTCD-25MAY2123-T109749.99,DELTA,60,100,67,1000,585,no,8,-4050
2025-05-21T19:01:49.264015,KXBTCD-25MAY2123-T109749.99,DELTA,60,100,67,1000,586,no,4,8100
2025-05-21T19:01:49.276293,KXBTCD-25MAY2123-T109749.99,DELTA,60,100,67,1000,587,yes,7,-20000
2025-05-21T19:01:49.297256,KXBTCD-25MAY2123-T109749.99,DELTA,58,24,67,1000,588,yes,60,-100
2025-05-21T19:01:49.298058,KXBTCD-25MAY2123-T109749.99,DELTA,58,24,67,1000,589,no,9,-20000
2025-05-21T19:01:49.298714,KXBTCD-25MAY2123-T109749.99,DELTA,58,24,67,1000,590,no,9,-2000
2025-05-21T19:01:49.316290,KXBTCD-25MAY2123-T109749.99,DELTA,58,24,67,1000,591,yes,9,20000
2025-05-21T19:01:49.338096,KXBTCD-25MAY2123-T109749.99,DELTA,58,24,67,1000,592,no,5,20000
2025-05-21T19:01:49.338748,KXBTCD-25MAY2123-T109749.99,DELTA,58,24,67,1000,593,no,5,2000
2025-05-21T19:01:50.277109,KXBTCD-25MAY2123-T109749.99,DELTA,58,24,67,1000,594,yes,8,-4050
2025-05-21T19:01:50.278255,KXBTCD-25MAY2123-T109749.99,DELTA,58,24,67,1000,595,yes,10,3240
2025-05-21T19:01:50.339677,KXBTCD-25MAY2123-T109749.99,DELTA,58,24,67,1000,596,no,4,-8100
2025-05-21T19:01:50.340750,KXBTCD-25MAY2123-T109749.99,DELTA,58,24,67,1000,597,no,6,5400
2025-05-21T19:01:50.341533,KXBTCD-25MAY2123-T109749.99,DELTA,58,24,67,1000,598,yes,9,-20000
2025-05-21T19:01:50.397511,KXBTCD-25MAY2123-T109749.99,DELTA,58,24,67,1000,599,yes,11,20000
2025-05-21T19:01:50.398536,KXBTCD-25MAY2123-T109749.99,DELTA,58,24,67,1000,600,no,5,-20000
2025-05-21T19:01:50.417071,KXBTCD-25MAY2123-T109749.99,DELTA,58,24,67,1000,601,no,5,-2000
2025-05-21T19:01:50.457779,KXBTCD-25MAY2123-T109749.99,DELTA,58,24,67,1000,602,no,7,20000
2025-05-21T19:01:50.458687,KXBTCD-25MAY2123-T109749.99,DELTA,58,24,67,1000,603,no,7,2000
2025-05-21T19:01:50.518317,KXBTCD-25MAY2123-T109749.99,DELTA,61,100,67,1000,604,yes,61,100
2025-05-21T19:01:51.377779,KXBTCD-25MAY2123-T109749.99,DELTA,61,100,67,1000,605,yes,10,-3240
2025-05-21T19:01:51.378608,KXBTCD-25MAY2123-T109749.99,DELTA,61,100,67,1000,606,yes,12,2700
2025-05-21T19:01:51.461724,KXBTCD-25MAY2123-T109749.99,DELTA,61,100,67,1000,607,yes,11,-20000
2025-05-21T19:01:51.497701,KXBTCD-25MAY2123-T109749.99,DELTA,61,100,67,1000,608,no,6,-5400
2025-05-21T19:01:51.498684,KXBTCD-25MAY2123-T109749.99,DELTA,61,100,67,1000,609,no,8,4050
2025-05-21T19:01:51.520454,KXBTCD-25MAY2123-T109749.99,DELTA,61,100,67,1000,610,no,32,-100
2025-05-21T19:01:51.557699,KXBTCD-25MAY2123-T109749.99,DELTA,61,100,67,1000,611,no,7,-20000
2025-05-21T19:01:51.558455,KXBTCD-25MAY2123-T109749.99,DELTA,61,100,67,1000,612,no,7,-2000
2025-05-21T19:01:51.578463,KXBTCD-25MAY2123-T109749.99,DELTA,61,100,75,24,613,no,33,-1000
2025-05-21T19:01:51.598476,KXBTCD-25MAY2123-T109749.99,DELTA,61,100,75,24,614,no,9,2000
2025-05-21T19:01:51.620607,KXBTCD-25MAY2123-T109749.99,DELTA,61,100,75,24,615,no,9,20000
2025-05-21T19:01:51.621464,KXBTCD-25MAY2123-T109749.99,DELTA,61,100,75,24,616,no,9,1000
2025-05-21T19:01:51.879808,KXBTCD-25MAY2123-T109749.99,DELTA,61,100,75,24,617,yes,30,-200
2025-05-21T19:01:51.880365,KXBTCD-25MAY2123-T109749.99,DELTA,61,100,75,24,618,yes,40,200
2025-05-21T19:01:51.936819,KXBTCD-25MAY2123-T109749.99,DELTA,61,100,75,24,619,yes,31,-2000
2025-05-21T19:01:51.957386,KXBTCD-25MAY2123-T109749.99,DELTA,61,100,75,24,620,yes,31,-1000
2025-05-21T19:01:51.998379,KXBTCD-25MAY2123-T109749.99,DELTA,61,100,75,24,621,yes,41,1000
2025-05-21T19:01:51.999392,KXBTCD-25MAY2123-T109749.99,DELTA,61,100,75,24,622,yes,41,2000
2025-05-21T19:01:52.000096,KXBTCD-25MAY2123-T109749.99,DELTA,62,9,75,24,623,yes,62,9
2025-05-21T19:01:52.000581,KXBTCD-25MAY2123-T109749.99,DELTA,62,9,75,24,624,no,13,9
2025-05-21T19:01:52.498340,KXBTCD-25MAY2123-T109749.99,DELTA,62,9,75,24,625,yes,12,-2700
2025-05-21T19:01:52.499396,KXBTCD-25MAY2123-T109749.99,DELTA,62,9,75,24,626,yes,6,5400
2025-05-21T19:01:52.537577,KXBTCD-25MAY2123-T109749.99,DELTA,62,9,75,24,627,no,8,-4050
2025-05-21T19:01:52.538437,KXBTCD-25MAY2123-T109749.99,DELTA,62,9,75,24,628,no,9,3600
2025-05-21T19:01:52.557685,KXBTCD-25MAY2123-T109749.99,DELTA,62,9,75,24,629,yes,7,20000
2025-05-21T19:01:52.598028,KXBTCD-25MAY2123-T109749.99,DELTA,62,9,75,24,630,no,9,-20000
2025-05-21T19:01:52.598739,KXBTCD-25MAY2123-T109749.99,DELTA,62,9,75,24,631,no,9,-2000
2025-05-21T19:01:52.617649,KXBTCD-25MAY2123-T109749.99,DELTA,62,9,75,24,632,yes,33,-9
2025-05-21T19:01:52.617965,KXBTCD-25MAY2123-T109749.99,DELTA,62,9,75,24,633,no,9,-1000
2025-05-21T19:01:52.618084,KXBTCD-25MAY2123-T109749.99,DELTA,62,9,75,24,634,yes,42,9
2025-05-21T19:01:52.618172,KXBTCD-25MAY2123-T109749.99,DELTA,62,9,75,24,635,no,13,9
2025-05-21T19:01:52.656961,KXBTCD-25MAY2123-T109749.99,DELTA,62,9,75,24,636,no,10,20000
2025-05-21T19:01:52.659675,KXBTCD-25MAY2123-T109749.99,DELTA,62,9,75,24,637,no,10,2000
2025-05-21T19:01:52.659779,KXBTCD-25MAY2123-T109749.99,DELTA,62,9,75,24,638,no,10,1000
2025-05-21T19:01:53.042196,KXBTCD-25MAY2123-T109749.99,DELTA,62,9,69,100,639,no,31,100
2025-05-21T19:01:53.097927,KXBTCD-25MAY2123-T109749.99,DELTA,62,9,69,100,640,no,10,-1000
2025-05-21T19:01:53.158700,KXBTCD-25MAY2123-T109749.99,DELTA,62,9,68,1000,641,no,32,1000
2025-05-21T19:01:53.178946,KXBTCD-25MAY2123-T109749.99,DELTA,61,100,68,1000,642,yes,62,-9
2025-05-21T19:01:53.217835,KXBTCD-25MAY2123-T109749.99,DELTA,61,100,68,1000,643,no,13,-9
2025-05-21T19:01:53.539207,KXBTCD-25MAY2123-T109749.99,DELTA,61,100,68,1000,644,yes,6,-5400
2025-05-21T19:01:53.539896,KXBTCD-25MAY2123-T109749.99,DELTA,61,100,68,1000,645,yes,8,4050
2025-05-21T19:01:53.598150,KXBTCD-25MAY2123-T109749.99,DELTA,61,100,68,1000,646,yes,7,-20000
2025-05-21T19:01:53.619674,KXBTCD-25MAY2123-T109749.99,DELTA,61,100,68,1000,647,no,9,-3600
2025-05-21T19:01:53.620416,KXBTCD-25MAY2123-T109749.99,DELTA,61,100,68,1000,648,no,4,8100
2025-05-21T19:01:53.637863,KXBTCD-25MAY2123-T109749.99,DELTA,61,100,68,1000,649,yes,9,20000
2025-05-21T19:01:53.638995,KXBTCD-25MAY2123-T109749.99,DELTA,61,100,68,1000,650,no,13,-9
2025-05-21T19:01:53.677134,KXBTCD-25MAY2123-T109749.99,DELTA,61,100,68,1000,651,no,10,-20000
2025-05-21T19:01:53.678041,KXBTCD-25MAY2123-T109749.99,DELTA,61,100,68,1000,652,no,10,-2000
2025-05-21T19:01:53.717159,KXBTCD-25MAY2123-T109749.99,DELTA,61,100,68,1000,653,no,5,2000
2025-05-21T19:01:53.717989,KXBTCD-25MAY2123-T109749.99,DELTA,61,100,68,1000,654,no,5,20000
2025-05-21T19:01:58.377690,KXBTCD-25MAY2123-T109749.99,DELTA,61,100,68,1000,655,yes,8,-4050
2025-05-21T19:01:58.377908,KXBTCD-25MAY2123-T109749.99,DELTA,61,100,68,1000,656,yes,10,3240
2025-05-21T19:01:58.438345,KXBTCD-25MAY2123-T109749.99,DELTA,61,100,68,1000,657,no,4,-8100
2025-05-21T19:01:58.438532,KXBTCD-25MAY2123-T109749.99,DELTA,61,100,68,1000,658,no,6,5400
2025-05-21T19:01:58.438780,KXBTCD-25MAY2123-T109749.99,DELTA,61,100,68,1000,659,yes,9,-20000
2025-05-21T19:01:58.484271,KXBTCD-25MAY2123-T109749.99,DELTA,61,100,68,1000,660,yes,11,20000
2025-05-21T19:01:58.499530,KXBTCD-25MAY2123-T109749.99,DELTA,61,100,68,1000,661,no,5,-20000
2025-05-21T19:01:58.499633,KXBTCD-25MAY2123-T109749.99,DELTA,61,100,68,1000,662,no,5,-2000
2025-05-21T19:01:58.558039,KXBTCD-25MAY2123-T109749.99,DELTA,61,100,68,1000,663,no,7,2000
2025-05-21T19:01:58.558187,KXBTCD-25MAY2123-T109749.99,DELTA,61,100,68,1000,664,no,7,20000
2025-05-21T19:02:01.078805,KXBTCD-25MAY2123-T109749.99,DELTA,61,100,68,1000,665,yes,10,-3240
2025-05-21T19:02:01.079770,KXBTCD-25MAY2123-T109749.99,DELTA,61,100,68,1000,666,yes,12,2700
2025-05-21T19:02:01.139524,KXBTCD-25MAY2123-T109749.99,DELTA,61,100,68,1000,667,no,6,-5400
2025-05-21T19:02:01.140740,KXBTCD-25MAY2123-T109749.99,DELTA,61,100,68,1000,668,no,8,4050
2025-05-21T19:02:01.158271,KXBTCD-25MAY2123-T109749.99,DELTA,61,100,68,1000,669,yes,11,-20000
2025-05-21T19:02:01.197517,KXBTCD-25MAY2123-T109749.99,DELTA,61,100,68,1000,670,no,7,-20000
2025-05-21T19:02:01.217707,KXBTCD-25MAY2123-T109749.99,DELTA,61,100,68,1000,671,no,7,-2000
2025-05-21T19:02:01.257995,KXBTCD-25MAY2123-T109749.99,DELTA,61,100,68,1000,672,no,9,20000
2025-05-21T19:02:01.258949,KXBTCD-25MAY2123-T109749.99,DELTA,61,100,68,1000,673,no,9,2000
2025-05-21T19:02:02.178862,KXBTCD-25MAY2123-T109749.99,DELTA,61,100,68,1000,674,yes,12,-2700
2025-05-21T19:02:02.179890,KXBTCD-25MAY2123-T109749.99,DELTA,61,100,68,1000,675,yes,6,5400
2025-05-21T19:02:02.242360,KXBTCD-25MAY2123-T109749.99,DELTA,61,100,68,1000,676,no,8,-4050
2025-05-21T19:02:02.243136,KXBTCD-25MAY2123-T109749.99,DELTA,61,100,68,1000,677,no,9,3600
2025-05-21T19:02:02.243559,KXBTCD-25MAY2123-T109749.99,DELTA,61,100,68,1000,678,yes,7,20000
2025-05-21T19:02:02.297984,KXBTCD-25MAY2123-T109749.99,DELTA,61,100,68,1000,679,no,9,-20000
2025-05-21T19:02:02.318210,KXBTCD-25MAY2123-T109749.99,DELTA,61,100,68,1000,680,no,9,-2000
2025-05-21T19:02:02.357629,KXBTCD-25MAY2123-T109749.99,DELTA,61,100,68,1000,681,no,10,2000
2025-05-21T19:02:02.358123,KXBTCD-25MAY2123-T109749.99,DELTA,61,100,68,1000,682,no,10,20000
2025-05-21T19:02:03.358836,KXBTCD-25MAY2123-T109749.99,DELTA,61,100,68,1000,683,yes,6,-5400
2025-05-21T19:02:03.360281,KXBTCD-25MAY2123-T109749.99,DELTA,61,100,68,1000,684,yes,8,4050
2025-05-21T19:02:03.399986,KXBTCD-25MAY2123-T109749.99,DELTA,61,100,68,1000,685,no,9,-3600
2025-05-21T19:02:03.401118,KXBTCD-25MAY2123-T109749.99,DELTA,61,100,68,1000,686,no,4,8100
2025-05-21T19:02:03.420234,KXBTCD-25MAY2123-T109749.99,DELTA,61,100,68,1000,687,yes,7,-20000
2025-05-21T19:02:03.457887,KXBTCD-25MAY2123-T109749.99,DELTA,61,100,68,1000,688,yes,9,20000
2025-05-21T19:02:03.459270,KXBTCD-25MAY2123-T109749.99,DELTA,61,100,68,1000,689,no,10,-20000
2025-05-21T19:02:03.459944,KXBTCD-25MAY2123-T109749.99,DELTA,61,100,68,1000,690,no,10,-2000
2025-05-21T19:02:03.496464,KXBTCD-25MAY2123-T109749.99,DELTA,61,100,68,1000,691,no,5,2000
2025-05-21T19:02:03.497202,KXBTCD-25MAY2123-T109749.99,DELTA,61,100,68,1000,692,no,5,20000
2025-05-21T19:02:04.437488,KXBTCD-25MAY2123-T109749.99,DELTA,61,100,68,1000,693,yes,8,-4050
2025-05-21T19:02:04.438661,KXBTCD-25MAY2123-T109749.99,DELTA,61,100,68,1000,694,yes,10,3240
2025-05-21T19:02:04.478093,KXBTCD-25MAY2123-T109749.99,DELTA,61,100,68,1000,695,no,4,-8100
2025-05-21T19:02:04.479125,KXBTCD-25MAY2123-T109749.99,DELTA,61,100,68,1000,696,no,6,5400
2025-05-21T19:02:04.497956,KXBTCD-25MAY2123-T109749.99,DELTA,61,100,68,1000,697,yes,9,-20000
2025-05-21T19:02:04.538150,KXBTCD-25MAY2123-T109749.99,DELTA,61,100,68,1000,698,yes,11,20000
2025-05-21T19:02:04.538401,KXBTCD-25MAY2123-T109749.99,DELTA,61,100,68,1000,699,no,5,-20000
2025-05-21T19:02:04.538513,KXBTCD-25MAY2123-T109749.99,DELTA,61,100,68,1000,700,no,5,-2000
2025-05-21T19:02:04.577165,KXBTCD-25MAY2123-T109749.99,DELTA,61,100,68,1000,701,no,7,2000
2025-05-21T19:02:04.577295,KXBTCD-25MAY2123-T109749.99,DELTA,61,100,68,1000,702,no,7,20000
2025-05-21T19:02:05.557859,KXBTCD-25MAY2123-T109749.99,DELTA,61,100,68,1000,703,yes,10,-3240
2025-05-21T19:02:05.558918,KXBTCD-25MAY2123-T109749.99,DELTA,61,100,68,1000,704,yes,12,2700
2025-05-21T19:02:05.618047,KXBTCD-25MAY2123-T109749.99,DELTA,61,100,68,1000,705,no,6,-5400
2025-05-21T19:02:05.618887,KXBTCD-25MAY2123-T109749.99,DELTA,61,100,68,1000,706,no,8,4050
2025-05-21T19:02:05.639945,KXBTCD-25MAY2123-T109749.99,DELTA,61,100,68,1000,707,yes,11,-20000
2025-05-21T19:02:05.678137,KXBTCD-25MAY2123-T109749.99,DELTA,61,100,68,1000,708,no,7,-20000
2025-05-21T19:02:05.697938,KXBTCD-25MAY2123-T109749.99,DELTA,61,100,68,1000,709,no,7,-2000
2025-05-21T19:02:05.738035,KXBTCD-25MAY2123-T109749.99,DELTA,61,100,68,1000,710,no,9,2000
2025-05-21T19:02:05.739016,KXBTCD-25MAY2123-T109749.99,DELTA,61,100,68,1000,711,no,9,20000
2025-05-21T19:02:09.181246,KXBTCD-25MAY2123-T109749.99,DELTA,61,100,68,1000,712,no,31,-100
2025-05-21T19:02:09.236997,KXBTCD-25MAY2123-T109749.99,DELTA,61,100,75,24,713,no,32,-1000
2025-05-21T19:02:09.238045,KXBTCD-25MAY2123-T109749.99,DELTA,61,100,75,24,714,no,9,1000
2025-05-21T19:02:10.437986,KXBTCD-25MAY2123-T109749.99,DELTA,61,100,68,100,715,no,32,100
2025-05-21T19:02:10.497851,KXBTCD-25MAY2123-T109749.99,DELTA,61,100,68,100,716,no,9,-1000
2025-05-21T19:02:10.538316,KXBTCD-25MAY2123-T109749.99,DELTA,61,100,67,1000,717,no,33,1000
2025-05-21T19:02:10.539148,KXBTCD-25MAY2123-T109749.99,DELTA,61,100,67,1000,718,no,26,9
2025-05-21T19:02:10.937877,KXBTCD-25MAY2123-T109749.99,DELTA,61,100,67,1000,719,yes,12,-2700
2025-05-21T19:02:10.939107,KXBTCD-25MAY2123-T109749.99,DELTA,61,100,67,1000,720,yes,6,5400
2025-05-21T19:02:10.977648,KXBTCD-25MAY2123-T109749.99,DELTA,61,100,67,1000,721,no,8,-4050
2025-05-21T19:02:10.978683,KXBTCD-25MAY2123-T109749.99,DELTA,61,100,67,1000,722,no,9,3600
2025-05-21T19:02:11.018043,KXBTCD-25MAY2123-T109749.99,DELTA,61,100,67,1000,723,yes,7,20000
2025-05-21T19:02:11.038343,KXBTCD-25MAY2123-T109749.99,DELTA,61,100,67,1000,724,no,9,-20000
2025-05-21T19:02:11.039736,KXBTCD-25MAY2123-T109749.99,DELTA,61,100,67,1000,725,no,9,-2000
2025-05-21T19:02:11.097922,KXBTCD-25MAY2123-T109749.99,DELTA,61,100,67,1000,726,no,10,2000
2025-05-21T19:02:11.099017,KXBTCD-25MAY2123-T109749.99,DELTA,61,100,67,1000,727,no,10,20000
2025-05-21T19:02:13.079217,KXBTCD-25MAY2123-T109749.99,DELTA,61,100,67,1000,728,yes,40,-200
2025-05-21T19:02:13.079931,KXBTCD-25MAY2123-T109749.99,DELTA,61,100,67,1000,729,yes,30,200
2025-05-21T19:02:13.165385,KXBTCD-25MAY2123-T109749.99,DELTA,61,100,67,1000,730,yes,56,24
2025-05-21T19:02:13.165949,KXBTCD-25MAY2123-T109749.99,DELTA,61,100,67,1000,731,no,27,24
2025-05-21T19:02:13.166427,KXBTCD-25MAY2123-T109749.99,DELTA,61,100,67,1000,732,yes,41,-2000
2025-05-21T19:02:13.166956,KXBTCD-25MAY2123-T109749.99,DELTA,58,24,67,1000,733,yes,61,-100
2025-05-21T19:02:13.167341,KXBTCD-25MAY2123-T109749.99,DELTA,56,24,67,1000,734,yes,58,-24
2025-05-21T19:02:13.167667,KXBTCD-25MAY2123-T109749.99,DELTA,56,24,67,1000,735,yes,41,-1000
2025-05-21T19:02:13.167970,KXBTCD-25MAY2123-T109749.99,DELTA,56,24,67,1000,736,no,25,-24
2025-05-21T19:02:13.199011,KXBTCD-25MAY2123-T109749.99,DELTA,56,24,67,1000,737,no,26,-9
2025-05-21T19:02:13.199606,KXBTCD-25MAY2123-T109749.99,DELTA,56,24,67,1000,738,yes,31,2000
2025-05-21T19:02:13.199982,KXBTCD-25MAY2123-T109749.99,DELTA,56,24,67,1000,739,yes,31,1000
2025-05-21T19:02:13.379492,KXBTCD-25MAY2123-T109749.99,DELTA,56,24,67,1000,740,no,32,-100
2025-05-21T19:02:13.457644,KXBTCD-25MAY2123-T109749.99,DELTA,56,24,73,24,741,no,33,-1000
2025-05-21T19:02:13.498424,KXBTCD-25MAY2123-T109749.99,DELTA,56,24,73,24,742,no,10,1000
2025-05-21T19:02:13.597540,KXBTCD-25MAY2123-T109749.99,DELTA,56,24,73,24,743,yes,6,-5400
2025-05-21T19:02:13.598463,KXBTCD-25MAY2123-T109749.99,DELTA,56,24,73,24,744,yes,8,4050
2025-05-21T19:02:13.637695,KXBTCD-25MAY2123-T109749.99,DELTA,56,24,73,24,745,yes,33,9
2025-05-21T19:02:13.638518,KXBTCD-25MAY2123-T109749.99,DELTA,56,24,73,24,746,no,13,9
2025-05-21T19:02:13.657594,KXBTCD-25MAY2123-T109749.99,DELTA,56,24,73,24,747,yes,7,-20000
2025-05-21T19:02:13.677981,KXBTCD-25MAY2123-T109749.99,DELTA,56,24,73,24,748,no,9,-3600
2025-05-21T19:02:13.678686,KXBTCD-25MAY2123-T109749.99,DELTA,56,24,73,24,749,no,11,2945
2025-05-21T19:02:13.697708,KXBTCD-25MAY2123-T109749.99,DELTA,56,24,73,24,750,yes,9,20000
2025-05-21T19:02:13.758464,KXBTCD-25MAY2123-T109749.99,DELTA,56,24,73,24,751,no,10,-20000
2025-05-21T19:02:13.759352,KXBTCD-25MAY2123-T109749.99,DELTA,56,24,73,24,752,no,10,-2000
2025-05-21T19:02:13.778027,KXBTCD-25MAY2123-T109749.99,DELTA,56,24,73,24,753,no,10,-1000
2025-05-21T19:02:13.817970,KXBTCD-25MAY2123-T109749.99,DELTA,56,24,73,24,754,no,12,1000
2025-05-21T19:02:13.818624,KXBTCD-25MAY2123-T109749.99,DELTA,56,24,73,24,755,no,12,2000
2025-05-21T19:02:13.957261,KXBTCD-25MAY2123-T109749.99,DELTA,58,100,73,24,756,yes,58,100
2025-05-21T19:02:14.100439,KXBTCD-25MAY2123-T109749.99,DELTA,58,100,73,24,757,yes,42,-9
2025-05-21T19:02:14.100555,KXBTCD-25MAY2123-T109749.99,DELTA,58,100,73,24,758,yes,33,9
2025-05-21T19:02:14.159954,KXBTCD-25MAY2123-T109749.99,DELTA,58,100,73,24,759,yes,33,-9
2025-05-21T19:02:14.160086,KXBTCD-25MAY2123-T109749.99,DELTA,59,9,73,24,760,yes,59,9
2025-05-21T19:02:14.160184,KXBTCD-25MAY2123-T109749.99,DELTA,59,9,73,24,761,no,13,9
2025-05-21T19:02:14.358288,KXBTCD-25MAY2123-T109749.99,DELTA,59,9,73,24,762,no,12,-3000
2025-05-21T19:02:14.418499,KXBTCD-25MAY2123-T109749.99,DELTA,59,9,73,24,763,no,19,3000
2025-05-21T19:02:14.461887,KXBTCD-25MAY2123-T109749.99,DELTA,59,9,73,24,764,yes,54,24
2025-05-21T19:02:14.462501,KXBTCD-25MAY2123-T109749.99,DELTA,59,9,73,24,765,yes,56,-24
2025-05-21T19:02:14.480232,KXBTCD-25MAY2123-T109749.99,DELTA,59,9,81,3000,766,no,27,-24
2025-05-21T19:02:14.480979,KXBTCD-25MAY2123-T109749.99,DELTA,59,9,71,24,767,no,29,24
2025-05-21T19:02:14.519732,KXBTCD-25MAY2123-T109749.99,DELTA,59,9,71,24,768,yes,58,-100
2025-05-21T19:02:14.519893,KXBTCD-25MAY2123-T109749.99,DELTA,59,9,67,100,769,no,33,100
2025-05-21T19:02:14.559962,KXBTCD-25MAY2123-T109749.99,DELTA,59,9,67,100,770,no,13,-9
2025-05-21T19:02:14.560252,KXBTCD-25MAY2123-T109749.99,DELTA,59,9,67,100,771,no,20,9
2025-05-21T19:02:14.560343,KXBTCD-25MAY2123-T109749.99,DELTA,59,9,67,100,772,no,10,200
2025-05-21T19:02:14.578016,KXBTCD-25MAY2123-T109749.99,DELTA,59,9,67,100,773,no,12,-1000
2025-05-21T19:02:14.637757,KXBTCD-25MAY2123-T109749.99,DELTA,59,9,66,1000,774,no,34,1000
2025-05-21T19:02:14.738360,KXBTCD-25MAY2123-T109749.99,DELTA,59,9,66,1000,775,no,33,-100
2025-05-21T19:02:14.799592,KXBTCD-25MAY2123-T109749.99,DELTA,59,9,71,24,776,no,34,-1000
2025-05-21T19:02:14.839891,KXBTCD-25MAY2123-T109749.99,DELTA,59,9,71,24,777,no,12,1000
2025-05-21T19:02:14.841205,KXBTCD-25MAY2123-T109749.99,DELTA,59,9,71,24,778,no,13,-9
2025-05-21T19:02:14.880509,KXBTCD-25MAY2123-T109749.99,DELTA,59,9,71,24,779,yes,5,-8000
2025-05-21T19:02:14.937721,KXBTCD-25MAY2123-T109749.99,DELTA,59,9,71,24,780,yes,1,8000
2025-05-21T19:02:14.979090,KXBTCD-25MAY2123-T109749.99,DELTA,54,24,71,24,781,yes,59,-9
2025-05-21T19:02:14.979523,KXBTCD-25MAY2123-T109749.99,DELTA,54,24,71,24,782,yes,33,9
2025-05-21T19:02:14.998811,KXBTCD-25MAY2123-T109749.99,DELTA,54,24,71,24,783,yes,8,-4050
2025-05-21T19:02:14.999515,KXBTCD-25MAY2123-T109749.99,DELTA,54,24,71,24,784,yes,10,3240
2025-05-21T19:02:15.082280,KXBTCD-25MAY2123-T109749.99,DELTA,54,24,71,24,785,yes,9,-20000
2025-05-21T19:02:15.119078,KXBTCD-25MAY2123-T109749.99,DELTA,54,24,71,24,786,yes,11,20000
2025-05-21T19:02:15.997498,KXBTCD-25MAY2123-T109749.99,DELTA,55,100,71,24,787,yes,55,100
2025-05-21T19:02:15.998542,KXBTCD-25MAY2123-T109749.99,DELTA,55,100,63,100,788,no,37,100
2025-05-21T19:02:16.064304,KXBTCD-25MAY2123-T109749.99,DELTA,55,100,63,100,789,no,12,-1000
2025-05-21T19:02:16.118093,KXBTCD-25MAY2123-T109749.99,DELTA,55,100,62,1000,790,no,38,1000
2025-05-21T19:02:16.119079,KXBTCD-25MAY2123-T109749.99,DELTA,55,100,62,1000,791,yes,33,-9
2025-05-21T19:02:16.119907,KXBTCD-25MAY2123-T109749.99,DELTA,56,9,62,1000,792,yes,56,9
2025-05-21T19:02:16.136898,KXBTCD-25MAY2123-T109749.99,DELTA,56,9,62,1000,793,no,20,9
2025-05-21T19:02:16.177962,KXBTCD-25MAY2123-T109749.99,DELTA,56,9,62,1000,794,yes,52,24
2025-05-21T19:02:16.179103,KXBTCD-25MAY2123-T109749.99,DELTA,56,9,62,1000,795,yes,54,-24
2025-05-21T19:02:16.181618,KXBTCD-25MAY2123-T109749.99,DELTA,56,9,62,1000,796,no,31,24
2025-05-21T19:02:16.182839,KXBTCD-25MAY2123-T109749.99,DELTA,56,9,62,1000,797,no,29,-24
2025-05-21T19:02:16.277600,KXBTCD-25MAY2123-T109749.99,DELTA,56,9,62,1000,798,yes,10,-3240
2025-05-21T19:02:16.278330,KXBTCD-25MAY2123-T109749.99,DELTA,56,9,62,1000,799,yes,12,2700
2025-05-21T19:02:16.337833,KXBTCD-25MAY2123-T109749.99,DELTA,56,9,62,1000,800,no,11,-2945
2025-05-21T19:02:16.338736,KXBTCD-25MAY2123-T109749.99,DELTA,56,9,62,1000,801,no,4,8100
2025-05-21T19:02:16.339450,KXBTCD-25MAY2123-T109749.99,DELTA,56,9,62,1000,802,yes,11,-20000
2025-05-21T19:02:16.399246,KXBTCD-25MAY2123-T109749.99,DELTA,56,9,62,1000,803,no,12,-2000
2025-05-21T19:02:16.400111,KXBTCD-25MAY2123-T109749.99,DELTA,56,9,62,1000,804,no,5,20000
2025-05-21T19:02:16.437640,KXBTCD-25MAY2123-T109749.99,DELTA,56,9,62,1000,805,no,11,2000
2025-05-21T19:02:16.519637,KXBTCD-25MAY2123-T109749.99,DELTA,56,9,62,1000,806,no,20,-9
2025-05-21T19:02:16.520318,KXBTCD-25MAY2123-T109749.99,DELTA,55,100,62,1000,807,yes,56,-9
2025-05-21T19:02:16.838025,KXBTCD-25MAY2123-T109749.99,DELTA,52,24,62,1000,808,yes,55,-100
2025-05-21T19:02:16.957729,KXBTCD-25MAY2123-T109749.99,DELTA,52,24,62,1000,809,no,20,-9
2025-05-21T19:02:16.958335,KXBTCD-25MAY2123-T109749.99,DELTA,52,24,61,9,810,no,39,9
2025-05-21T19:02:16.958928,KXBTCD-25MAY2123-T109749.99,DELTA,52,24,61,9,811,yes,33,9
2025-05-21T19:02:17.056904,KXBTCD-25MAY2123-T109749.99,DELTA,52,24,61,9,812,no,37,-100
2025-05-21T19:02:17.124377,KXBTCD-25MAY2123-T109749.99,DELTA,52,24,61,9,813,no,38,-1000
2025-05-21T19:02:17.158248,KXBTCD-25MAY2123-T109749.99,DELTA,52,24,61,9,814,no,11,1000
2025-05-21T19:02:17.557230,KXBTCD-25MAY2123-T109749.99,DELTA,52,24,61,9,815,yes,12,-2700
2025-05-21T19:02:17.558102,KXBTCD-25MAY2123-T109749.99,DELTA,52,24,61,9,816,yes,4,8100
2025-05-21T19:02:17.617300,KXBTCD-25MAY2123-T109749.99,DELTA,52,24,61,9,817,no,4,-8100
2025-05-21T19:02:17.618217,KXBTCD-25MAY2123-T109749.99,DELTA,52,24,61,9,818,no,6,5400
2025-05-21T19:02:17.619276,KXBTCD-25MAY2123-T109749.99,DELTA,52,24,61,9,819,yes,5,20000
2025-05-21T19:02:17.677893,KXBTCD-25MAY2123-T109749.99,DELTA,52,24,69,24,820,no,39,-9
2025-05-21T19:02:17.678771,KXBTCD-25MAY2123-T109749.99,DELTA,52,24,69,24,821,no,20,9
2025-05-21T19:02:17.679530,KXBTCD-25MAY2123-T109749.99,DELTA,52,24,69,24,822,no,5,-20000
2025-05-21T19:02:17.717915,KXBTCD-25MAY2123-T109749.99,DELTA,52,24,69,24,823,no,7,20000
2025-05-21T19:02:17.759209,KXBTCD-25MAY2123-T109749.99,DELTA,52,24,69,24,824,yes,33,-9
2025-05-21T19:02:17.836736,KXBTCD-25MAY2123-T109749.99,DELTA,55,100,69,24,825,yes,55,100
2025-05-21T19:02:17.859358,KXBTCD-25MAY2123-T109749.99,DELTA,55,100,69,24,826,no,20,9
2025-05-21T19:02:17.877420,KXBTCD-25MAY2123-T109749.99,DELTA,55,100,69,24,827,yes,34,9
2025-05-21T19:02:17.967474,KXBTCD-25MAY2123-T109749.99,DELTA,55,100,69,24,828,yes,34,-9
2025-05-21T19:02:17.968013,KXBTCD-25MAY2123-T109749.99,DELTA,55,100,69,24,829,no,20,-9
2025-05-21T19:02:18.079421,KXBTCD-25MAY2123-T109749.99,DELTA,55,100,69,24,830,no,20,-9
2025-05-21T19:02:18.080219,KXBTCD-25MAY2123-T109749.99,DELTA,55,100,69,24,831,no,21,9
2025-05-21T19:02:18.098966,KXBTCD-25MAY2123-T109749.99,DELTA,55,100,69,24,832,yes,33,-9
2025-05-21T19:02:18.099820,KXBTCD-25MAY2123-T109749.99,DELTA,56,9,69,24,833,yes,56,9
2025-05-21T19:02:18.438037,KXBTCD-25MAY2123-T109749.99,DELTA,56,9,62,100,834,no,38,100
2025-05-21T19:02:18.498106,KXBTCD-25MAY2123-T109749.99,DELTA,56,9,62,100,835,no,11,-1000
2025-05-21T19:02:18.558460,KXBTCD-25MAY2123-T109749.99,DELTA,56,9,61,1000,836,no,39,1000
2025-05-21T19:02:18.576241,KXBTCD-25MAY2123-T109749.99,DELTA,56,9,61,1000,837,no,21,-9
2025-05-21T19:02:18.598882,KXBTCD-25MAY2123-T109749.99,DELTA,55,100,61,1000,838,yes,56,-9
2025-05-21T19:02:18.616778,KXBTCD-25MAY2123-T109749.99,DELTA,55,100,61,1000,839,yes,4,-8100
2025-05-21T19:02:18.617409,KXBTCD-25MAY2123-T109749.99,DELTA,55,100,61,1000,840,yes,6,5400
2025-05-21T19:02:18.677335,KXBTCD-25MAY2123-T109749.99,DELTA,55,100,61,1000,841,no,6,-5400
2025-05-21T19:02:18.678228,KXBTCD-25MAY2123-T109749.99,DELTA,55,100,61,1000,842,no,8,4050
2025-05-21T19:02:18.678943,KXBTCD-25MAY2123-T109749.99,DELTA,55,100,61,1000,843,yes,5,-20000
2025-05-21T19:02:18.718022,KXBTCD-25MAY2123-T109749.99,DELTA,55,100,61,1000,844,yes,7,20000
2025-05-21T19:02:18.718990,KXBTCD-25MAY2123-T109749.99,DELTA,55,100,61,1000,845,yes,33,9
2025-05-21T19:02:18.737742,KXBTCD-25MAY2123-T109749.99,DELTA,55,100,61,1000,846,no,7,-20000
2025-05-21T19:02:18.775944,KXBTCD-25MAY2123-T109749.99,DELTA,55,100,61,1000,847,no,9,20000
2025-05-21T19:02:24.545574,KXBTCD-25MAY2123-T109749.99,DELTA,55,100,61,1000,848,yes,6,-5400
2025-05-21T19:02:24.545802,KXBTCD-25MAY2123-T109749.99,DELTA,55,100,61,1000,849,yes,8,4050
2025-05-21T19:02:24.546172,KXBTCD-25MAY2123-T109749.99,DELTA,55,100,61,1000,850,no,8,-4050
2025-05-21T19:02:24.546250,KXBTCD-25MAY2123-T109749.99,DELTA,55,100,61,1000,851,no,9,3600
2025-05-21T19:02:24.546318,KXBTCD-25MAY2123-T109749.99,DELTA,55,100,61,1000,852,yes,7,-20000
2025-05-21T19:02:24.557227,KXBTCD-25MAY2123-T109749.99,DELTA,55,100,61,1000,853,yes,9,20000
2025-05-21T19:02:24.578007,KXBTCD-25MAY2123-T109749.99,DELTA,55,100,61,1000,854,no,9,-20000
2025-05-21T19:02:24.619348,KXBTCD-25MAY2123-T109749.99,DELTA,55,100,61,1000,855,no,10,20000
2025-05-21T19:02:26.958500,KXBTCD-25MAY2123-T109749.99,DELTA,55,100,61,1000,856,yes,8,-4050
2025-05-21T19:02:26.959560,KXBTCD-25MAY2123-T109749.99,DELTA,55,100,61,1000,857,yes,10,3240
2025-05-21T19:02:27.046514,KXBTCD-25MAY2123-T109749.99,DELTA,55,100,61,1000,858,no,9,-3600
2025-05-21T19:02:27.047373,KXBTCD-25MAY2123-T109749.99,DELTA,55,100,61,1000,859,no,4,8100
2025-05-21T19:02:27.047925,KXBTCD-25MAY2123-T109749.99,DELTA,55,100,61,1000,860,yes,9,-20000
2025-05-21T19:02:27.086817,KXBTCD-25MAY2123-T109749.99,DELTA,55,100,61,1000,861,yes,11,20000
2025-05-21T19:02:27.102695,KXBTCD-25MAY2123-T109749.99,DELTA,55,100,61,1000,862,no,10,-20000
2025-05-21T19:02:27.132794,KXBTCD-25MAY2123-T109749.99,DELTA,55,100,61,1000,863,no,5,20000
2025-05-21T19:02:28.017624,KXBTCD-25MAY2123-T109749.99,DELTA,55,100,61,1000,864,yes,10,-3240
2025-05-21T19:02:28.017822,KXBTCD-25MAY2123-T109749.99,DELTA,55,100,61,1000,865,yes,12,2700
2025-05-21T19:02:28.057144,KXBTCD-25MAY2123-T109749.99,DELTA,55,100,61,1000,866,no,4,-8100
2025-05-21T19:02:28.057238,KXBTCD-25MAY2123-T109749.99,DELTA,55,100,61,1000,867,no,6,5400
2025-05-21T19:02:28.076796,KXBTCD-25MAY2123-T109749.99,DELTA,55,100,61,1000,868,yes,11,-20000
2025-05-21T19:02:28.116953,KXBTCD-25MAY2123-T109749.99,DELTA,55,100,61,1000,869,no,5,-20000
2025-05-21T19:02:28.158611,KXBTCD-25MAY2123-T109749.99,DELTA,55,100,61,1000,870,no,7,20000
2025-05-21T19:02:29.057960,KXBTCD-25MAY2123-T109749.99,DELTA,55,100,61,1000,871,yes,12,-2700
2025-05-21T19:02:29.058995,KXBTCD-25MAY2123-T109749.99,DELTA,55,100,61,1000,872,yes,4,8100
2025-05-21T19:02:29.118212,KXBTCD-25MAY2123-T109749.99,DELTA,55,100,61,1000,873,no,6,-5400
2025-05-21T19:02:29.118412,KXBTCD-25MAY2123-T109749.99,DELTA,55,100,61,1000,874,no,8,4050
2025-05-21T19:02:29.136703,KXBTCD-25MAY2123-T109749.99,DELTA,55,100,61,1000,875,yes,5,20000
2025-05-21T19:02:29.196946,KXBTCD-25MAY2123-T109749.99,DELTA,55,100,61,1000,876,no,7,-20000
2025-05-21T19:02:29.236722,KXBTCD-25MAY2123-T109749.99,DELTA,55,100,61,1000,877,no,9,20000
2025-05-21T19:02:30.137818,KXBTCD-25MAY2123-T109749.99,DELTA,55,100,61,1000,878,yes,4,-8100
2025-05-21T19:02:30.138945,KXBTCD-25MAY2123-T109749.99,DELTA,55,100,61,1000,879,yes,6,5400
2025-05-21T19:02:30.177740,KXBTCD-25MAY2123-T109749.99,DELTA,55,100,61,1000,880,no,8,-4050
2025-05-21T19:02:30.178762,KXBTCD-25MAY2123-T109749.99,DELTA,55,100,61,1000,881,no,9,3600
2025-05-21T19:02:30.198138,KXBTCD-25MAY2123-T109749.99,DELTA,55,100,61,1000,882,yes,5,-20000
2025-05-21T19:02:30.240479,KXBTCD-25MAY2123-T109749.99,DELTA,55,100,61,1000,883,no,9,-20000
2025-05-21T19:02:30.241514,KXBTCD-25MAY2123-T109749.99,DELTA,55,100,61,1000,884,yes,7,20000
2025-05-21T19:02:30.276637,KXBTCD-25MAY2123-T109749.99,DELTA,55,100,61,1000,885,no,10,20000
2025-05-21T19:02:31.239448,KXBTCD-25MAY2123-T109749.99,DELTA,55,100,61,1000,886,yes,6,-5400
2025-05-21T19:02:31.240856,KXBTCD-25MAY2123-T109749.99,DELTA,55,100,61,1000,887,yes,8,4050
2025-05-21T19:02:31.299899,KXBTCD-25MAY2123-T109749.99,DELTA,55,100,61,1000,888,no,9,-3600
2025-05-21T19:02:31.301007,KXBTCD-25MAY2123-T109749.99,DELTA,55,100,61,1000,889,no,4,8100
2025-05-21T19:02:31.301788,KXBTCD-25MAY2123-T109749.99,DELTA,55,100,61,1000,890,yes,7,-20000
2025-05-21T19:02:31.339812,KXBTCD-25MAY2123-T109749.99,DELTA,55,100,61,1000,891,yes,9,20000
2025-05-21T19:02:31.358233,KXBTCD-25MAY2123-T109749.99,DELTA,55,100,61,1000,892,no,10,-20000
2025-05-21T19:02:31.398198,KXBTCD-25MAY2123-T109749.99,DELTA,55,100,61,1000,893,no,5,20000
2025-05-21T19:02:31.985957,KXBTCD-25MAY2123-T109749.99,DELTA,55,100,61,1000,894,yes,53,24
2025-05-21T19:02:31.998326,KXBTCD-25MAY2123-T109749.99,DELTA,55,100,61,1000,895,yes,52,-24
2025-05-21T19:02:31.999072,KXBTCD-25MAY2123-T109749.99,DELTA,55,100,61,1000,896,no,29,24
2025-05-21T19:02:31.999383,KXBTCD-25MAY2123-T109749.99,DELTA,55,100,61,1000,897,no,31,-24
2025-05-21T19:02:32.199240,KXBTCD-25MAY2123-T109749.99,DELTA,53,24,61,1000,898,yes,55,-100
2025-05-21T19:02:32.217618,KXBTCD-25MAY2123-T109749.99,DELTA,53,24,61,1000,899,no,38,-100
2025-05-21T19:02:32.278538,KXBTCD-25MAY2123-T109749.99,DELTA,53,24,71,24,900,no,39,-1000
2025-05-21T19:02:32.317816,KXBTCD-25MAY2123-T109749.99,DELTA,53,24,71,24,901,no,11,1000
2025-05-21T19:02:32.559493,KXBTCD-25MAY2123-T109749.99,DELTA,55,24,71,24,902,yes,55,24
2025-05-21T19:02:32.560436,KXBTCD-25MAY2123-T109749.99,DELTA,55,24,71,24,903,yes,53,-24
2025-05-21T19:02:32.561351,KXBTCD-25MAY2123-T109749.99,DELTA,55,24,81,3000,904,no,29,-24
2025-05-21T19:02:32.562014,KXBTCD-25MAY2123-T109749.99,DELTA,55,24,72,24,905,no,28,24
2025-05-21T19:02:32.663865,KXBTCD-25MAY2123-T109749.99,DELTA,55,24,72,24,906,yes,33,9
2025-05-21T19:02:32.677123,KXBTCD-25MAY2123-T109749.99,DELTA,55,24,72,24,907,no,20,9
2025-05-21T19:02:34.025995,KXBTCD-25MAY2123-T109749.99,DELTA,55,24,65,100,908,no,35,100
2025-05-21T19:02:34.038288,KXBTCD-25MAY2123-T109749.99,DELTA,57,100,65,100,909,yes,57,100
2025-05-21T19:02:34.077583,KXBTCD-25MAY2123-T109749.99,DELTA,57,100,65,100,910,no,10,-200
2025-05-21T19:02:34.097672,KXBTCD-25MAY2123-T109749.99,DELTA,57,100,65,100,911,no,11,-1000
2025-05-21T19:02:34.137583,KXBTCD-25MAY2123-T109749.99,DELTA,57,100,64,1000,912,no,36,1000
2025-05-21T19:02:34.158586,KXBTCD-25MAY2123-T109749.99,DELTA,57,100,64,1000,913,no,11,-2000
2025-05-21T19:02:34.158706,KXBTCD-25MAY2123-T109749.99,DELTA,57,100,64,1000,914,no,20,-9
2025-05-21T19:02:34.158802,KXBTCD-25MAY2123-T109749.99,DELTA,57,100,64,1009,915,no,36,9
2025-05-21T19:02:34.178482,KXBTCD-25MAY2123-T109749.99,DELTA,57,100,64,1009,916,no,29,9
2025-05-21T19:02:34.218532,KXBTCD-25MAY2123-T109749.99,DELTA,57,100,64,1009,917,no,5,2000
2025-05-21T19:02:34.459510,KXBTCD-25MAY2123-T109749.99,DELTA,55,24,64,1009,918,yes,57,-100
2025-05-21T19:02:34.597775,KXBTCD-25MAY2123-T109749.99,DELTA,55,24,64,1000,919,no,36,-9
2025-05-21T19:02:34.597944,KXBTCD-25MAY2123-T109749.99,DELTA,55,24,64,1000,920,yes,33,-9
2025-05-21T19:02:35.298935,KXBTCD-25MAY2123-T109749.99,DELTA,58,100,64,1000,921,yes,58,100
2025-05-21T19:02:35.417592,KXBTCD-25MAY2123-T109749.99,DELTA,58,100,64,1000,922,no,29,-9
2025-05-21T19:02:35.478139,KXBTCD-25MAY2123-T109749.99,DELTA,58,100,64,1000,923,no,35,-100
2025-05-21T19:02:35.537855,KXBTCD-25MAY2123-T109749.99,DELTA,58,100,72,24,924,no,36,-1000
2025-05-21T19:02:35.578060,KXBTCD-25MAY2123-T109749.99,DELTA,58,100,72,24,925,no,5,1000
2025-05-21T19:02:36.118004,KXBTCD-25MAY2123-T109749.99,DELTA,55,24,72,24,926,yes,58,-100
2025-05-21T19:02:36.177591,KXBTCD-25MAY2123-T109749.99,DELTA,57,24,72,24,927,yes,57,24
2025-05-21T19:02:36.197823,KXBTCD-25MAY2123-T109749.99,DELTA,57,24,72,24,928,no,26,24
2025-05-21T19:02:36.198755,KXBTCD-25MAY2123-T109749.99,DELTA,57,24,72,24,929,yes,55,-24
2025-05-21T19:02:36.199398,KXBTCD-25MAY2123-T109749.99,DELTA,57,24,74,24,930,no,28,-24
2025-05-21T19:02:36.257248,KXBTCD-25MAY2123-T109749.99,DELTA,57,24,74,24,931,yes,33,9
2025-05-21T19:02:36.276792,KXBTCD-25MAY2123-T109749.99,DELTA,57,24,74,24,932,no,20,9
2025-05-21T19:02:36.296609,KXBTCD-25MAY2123-T109749.99,DELTA,57,24,74,24,933,no,20,9
2025-05-21T19:02:37.018453,KXBTCD-25MAY2123-T109749.99,DELTA,57,24,67,100,934,no,33,100
2025-05-21T19:02:37.104035,KXBTCD-25MAY2123-T109749.99,DELTA,57,24,67,100,935,no,5,-1000
2025-05-21T19:02:37.178022,KXBTCD-25MAY2123-T109749.99,DELTA,57,24,66,1000,936,no,34,1000
2025-05-21T19:02:37.182159,KXBTCD-25MAY2123-T109749.99,DELTA,57,24,66,1000,937,no,20,-9
2025-05-21T19:02:37.183665,KXBTCD-25MAY2123-T109749.99,DELTA,57,24,66,1000,938,no,20,-9
2025-05-21T19:02:37.184519,KXBTCD-25MAY2123-T109749.99,DELTA,57,24,66,1009,939,no,34,9
2025-05-21T19:02:37.198685,KXBTCD-25MAY2123-T109749.99,DELTA,57,24,66,1009,940,no,27,9
2025-05-21T19:02:37.577829,KXBTCD-25MAY2123-T109749.99,DELTA,58,100,66,1009,941,yes,58,100
2025-05-21T19:02:37.698625,KXBTCD-25MAY2123-T109749.99,DELTA,58,100,66,1009,942,yes,33,-9
2025-05-21T19:02:37.699570,KXBTCD-25MAY2123-T109749.99,DELTA,58,100,66,1000,943,no,34,-9
2025-05-21T19:02:37.856805,KXBTCD-25MAY2123-T109749.99,DELTA,57,24,66,1000,944,yes,58,-100
2025-05-21T19:02:37.958044,KXBTCD-25MAY2123-T109749.99,DELTA,57,24,66,1000,945,no,27,-9
2025-05-21T19:02:38.539883,KXBTCD-25MAY2123-T109749.99,DELTA,57,24,66,1000,946,yes,8,-4050
2025-05-21T19:02:38.540981,KXBTCD-25MAY2123-T109749.99,DELTA,57,24,66,1000,947,yes,10,3240
2025-05-21T19:02:38.598143,KXBTCD-25MAY2123-T109749.99,DELTA,57,24,66,1000,948,no,4,-8100
2025-05-21T19:02:38.598958,KXBTCD-25MAY2123-T109749.99,DELTA,57,24,66,1000,949,no,6,5400
2025-05-21T19:02:38.599499,KXBTCD-25MAY2123-T109749.99,DELTA,57,24,66,1000,950,yes,9,-20000
2025-05-21T19:02:38.638083,KXBTCD-25MAY2123-T109749.99,DELTA,57,24,66,1000,951,yes,11,20000
2025-05-21T19:02:38.658408,KXBTCD-25MAY2123-T109749.99,DELTA,57,24,66,1000,952,no,5,-20000
2025-05-21T19:02:38.677372,KXBTCD-25MAY2123-T109749.99,DELTA,57,24,66,1000,953,no,5,-2000
2025-05-21T19:02:38.720016,KXBTCD-25MAY2123-T109749.99,DELTA,57,24,66,1000,954,no,7,2000
2025-05-21T19:02:38.721454,KXBTCD-25MAY2123-T109749.99,DELTA,57,24,66,1000,955,no,7,20000
2025-05-21T19:02:38.722229,KXBTCD-25MAY2123-T109749.99,DELTA,59,100,66,1000,956,yes,59,100
2025-05-21T19:02:39.553036,KXBTCD-25MAY2123-T109749.99,DELTA,59,100,66,1000,957,yes,10,-3240
2025-05-21T19:02:39.553201,KXBTCD-25MAY2123-T109749.99,DELTA,59,100,66,1000,958,yes,12,2700
2025-05-21T19:02:39.601984,KXBTCD-25MAY2123-T109749.99,DELTA,59,100,66,1000,959,no,6,-5400
2025-05-21T19:02:39.602328,KXBTCD-25MAY2123-T109749.99,DELTA,59,100,66,1000,960,no,8,4050
2025-05-21T19:02:39.616801,KXBTCD-25MAY2123-T109749.99,DELTA,59,100,66,1000,961,yes,11,-20000
2025-05-21T19:02:39.670560,KXBTCD-25MAY2123-T109749.99,DELTA,59,100,66,1000,962,no,7,-20000
2025-05-21T19:02:39.670904,KXBTCD-25MAY2123-T109749.99,DELTA,59,100,66,1000,963,no,7,-2000
2025-05-21T19:02:39.696354,KXBTCD-25MAY2123-T109749.99,DELTA,59,100,66,1000,964,no,9,2000
2025-05-21T19:02:39.716351,KXBTCD-25MAY2123-T109749.99,DELTA,59,100,66,1000,965,no,9,20000
2025-05-21T19:02:39.819227,KXBTCD-25MAY2123-T109749.99,DELTA,59,100,66,1000,966,yes,58,24
2025-05-21T19:02:39.846576,KXBTCD-25MAY2123-T109749.99,DELTA,59,100,66,1000,967,yes,30,-200
2025-05-21T19:02:39.847510,KXBTCD-25MAY2123-T109749.99,DELTA,59,100,66,1000,968,yes,40,200
2025-05-21T19:02:39.848263,KXBTCD-25MAY2123-T109749.99,DELTA,59,100,66,1000,969,yes,57,-24
2025-05-21T19:02:39.848879,KXBTCD-25MAY2123-T109749.99,DELTA,59,100,66,1000,970,no,24,24
2025-05-21T19:02:39.849366,KXBTCD-25MAY2123-T109749.99,DELTA,59,100,66,1000,971,no,26,-24
2025-05-21T19:02:39.898359,KXBTCD-25MAY2123-T109749.99,DELTA,59,100,66,1000,972,yes,31,-2000
2025-05-21T19:02:39.922094,KXBTCD-25MAY2123-T109749.99,DELTA,59,100,66,1000,973,yes,31,-1000
2025-05-21T19:02:39.939869,KXBTCD-25MAY2123-T109749.99,DELTA,59,100,66,1000,974,yes,1,-8000
2025-05-21T19:02:39.962007,KXBTCD-25MAY2123-T109749.99,DELTA,59,100,66,1000,975,yes,41,2000
2025-05-21T19:02:39.962875,KXBTCD-25MAY2123-T109749.99,DELTA,59,1100,66,1000,976,yes,59,1000
2025-05-21T19:02:39.978612,KXBTCD-25MAY2123-T109749.99,DELTA,59,1100,66,1000,977,yes,2,8000
2025-05-21T19:02:40.038884,KXBTCD-25MAY2123-T109749.99,DELTA,60,24,66,1000,978,yes,60,24
2025-05-21T19:02:40.040832,KXBTCD-25MAY2123-T109749.99,DELTA,60,24,66,1000,979,yes,58,-24
2025-05-21T19:02:40.041370,KXBTCD-25MAY2123-T109749.99,DELTA,60,24,66,1000,980,no,23,24
2025-05-21T19:02:40.041844,KXBTCD-25MAY2123-T109749.99,DELTA,60,24,66,1000,981,no,24,-24
2025-05-21T19:02:40.164326,KXBTCD-25MAY2123-T109749.99,DELTA,60,24,66,1000,982,yes,59,-1000
2025-05-21T19:02:40.179902,KXBTCD-25MAY2123-T109749.99,DELTA,60,24,66,1000,983,yes,2,-8000
2025-05-21T19:02:40.238139,KXBTCD-25MAY2123-T109749.99,DELTA,60,1024,66,1000,984,yes,60,1000
2025-05-21T19:02:40.239196,KXBTCD-25MAY2123-T109749.99,DELTA,60,1024,66,1000,985,yes,3,8000
2025-05-21T19:02:40.297371,KXBTCD-25MAY2123-T109749.99,DELTA,60,1024,66,1000,986,yes,59,-100
2025-05-21T19:02:40.400365,KXBTCD-25MAY2123-T109749.99,DELTA,60,24,66,1000,987,yes,60,-1000
2025-05-21T19:02:40.401563,KXBTCD-25MAY2123-T109749.99,DELTA,60,24,66,1000,988,yes,41,1000
2025-05-21T19:02:40.478047,KXBTCD-25MAY2123-T109749.99,DELTA,60,24,66,1000,989,yes,42,9
2025-05-21T19:02:40.479010,KXBTCD-25MAY2123-T109749.99,DELTA,60,24,66,1000,990,yes,33,-9
2025-05-21T19:02:40.597568,KXBTCD-25MAY2123-T109749.99,DELTA,60,24,66,1000,991,yes,12,-2700
2025-05-21T19:02:40.598599,KXBTCD-25MAY2123-T109749.99,DELTA,60,24,66,1000,992,yes,4,8100
2025-05-21T19:02:40.698022,KXBTCD-25MAY2123-T109749.99,DELTA,60,24,66,1000,993,no,8,-4050
2025-05-21T19:02:40.699094,KXBTCD-25MAY2123-T109749.99,DELTA,60,24,66,1000,994,no,9,3600
2025-05-21T19:02:40.699989,KXBTCD-25MAY2123-T109749.99,DELTA,60,24,66,1000,995,yes,5,20000
2025-05-21T19:02:40.758325,KXBTCD-25MAY2123-T109749.99,DELTA,60,24,66,1000,996,no,9,-20000
2025-05-21T19:02:40.759170,KXBTCD-25MAY2123-T109749.99,DELTA,60,24,66,1000,997,no,9,-2000
2025-05-21T19:02:40.798506,KXBTCD-25MAY2123-T109749.99,DELTA,60,24,66,1000,998,no,10,2000
2025-05-21T19:02:40.799452,KXBTCD-25MAY2123-T109749.99,DELTA,60,24,66,1000,999,no,10,20000
2025-05-21T19:02:41.098979,KXBTCD-25MAY2123-T109749.99,DELTA,60,24,66,1000,1000,no,33,-100
2025-05-21T19:02:41.179486,KXBTCD-25MAY2123-T109749.99,DELTA,60,24,77,24,1001,no,34,-1000
2025-05-21T19:02:41.238181,KXBTCD-25MAY2123-T109749.99,DELTA,60,24,77,24,1002,no,10,1000
2025-05-21T19:02:41.777167,KXBTCD-25MAY2123-T109749.99,DELTA,61,100,77,24,1003,yes,61,100
2025-05-21T19:02:41.820121,KXBTCD-25MAY2123-T109749.99,DELTA,61,100,77,24,1004,yes,4,-8100
2025-05-21T19:02:41.821120,KXBTCD-25MAY2123-T109749.99,DELTA,61,100,77,24,1005,yes,6,5400
2025-05-21T19:02:41.878702,KXBTCD-25MAY2123-T109749.99,DELTA,61,100,77,24,1006,no,9,-3600
2025-05-21T19:02:41.879195,KXBTCD-25MAY2123-T109749.99,DELTA,61,100,77,24,1007,no,4,8100
2025-05-21T19:02:41.879415,KXBTCD-25MAY2123-T109749.99,DELTA,61,100,77,24,1008,yes,5,-20000
2025-05-21T19:02:41.939063,KXBTCD-25MAY2123-T109749.99,DELTA,61,100,77,24,1009,yes,7,20000
2025-05-21T19:02:41.939710,KXBTCD-25MAY2123-T109749.99,DELTA,61,100,77,24,1010,no,10,-20000
2025-05-21T19:02:41.957580,KXBTCD-25MAY2123-T109749.99,DELTA,61,100,77,24,1011,no,10,-2000
2025-05-21T19:02:41.958255,KXBTCD-25MAY2123-T109749.99,DELTA,61,100,77,24,1012,no,10,-1000
2025-05-21T19:02:42.002085,KXBTCD-25MAY2123-T109749.99,DELTA,61,100,77,24,1013,no,5,2000
2025-05-21T19:02:42.017682,KXBTCD-25MAY2123-T109749.99,DELTA,61,100,77,24,1014,no,5,20000
2025-05-21T19:02:42.018042,KXBTCD-25MAY2123-T109749.99,DELTA,61,100,77,24,1015,no,5,1000
2025-05-21T19:02:42.397712,KXBTCD-25MAY2123-T109749.99,DELTA,61,100,68,100,1016,no,32,100
2025-05-21T19:02:42.458152,KXBTCD-25MAY2123-T109749.99,DELTA,61,100,68,100,1017,no,5,-1000
2025-05-21T19:02:42.517999,KXBTCD-25MAY2123-T109749.99,DELTA,61,100,67,1000,1018,no,33,1000
2025-05-21T19:02:42.899428,KXBTCD-25MAY2123-T109749.99,DELTA,61,100,67,1000,1019,yes,6,-5400
2025-05-21T19:02:42.899628,KXBTCD-25MAY2123-T109749.99,DELTA,61,100,67,1000,1020,yes,8,4050
2025-05-21T19:02:42.979107,KXBTCD-25MAY2123-T109749.99,DELTA,61,100,67,1000,1021,no,4,-8100
2025-05-21T19:02:42.979777,KXBTCD-25MAY2123-T109749.99,DELTA,61,100,67,1000,1022,no,6,5400
2025-05-21T19:02:42.980200,KXBTCD-25MAY2123-T109749.99,DELTA,61,100,67,1000,1023,yes,7,-20000
2025-05-21T19:02:43.017390,KXBTCD-25MAY2123-T109749.99,DELTA,61,100,67,1000,1024,yes,9,20000
2025-05-21T19:02:43.057874,KXBTCD-25MAY2123-T109749.99,DELTA,61,100,67,1000,1025,no,5,-20000
2025-05-21T19:02:43.059152,KXBTCD-25MAY2123-T109749.99,DELTA,61,100,67,1000,1026,no,5,-2000
2025-05-21T19:02:43.118150,KXBTCD-25MAY2123-T109749.99,DELTA,61,100,67,1000,1027,no,7,20000
2025-05-21T19:02:43.119145,KXBTCD-25MAY2123-T109749.99,DELTA,61,100,67,1000,1028,no,7,2000
2025-05-21T19:02:47.092858,KXBTCD-25MAY2123-T109749.99,DELTA,61,100,67,1000,1029,yes,60,-24
2025-05-21T19:02:47.093752,KXBTCD-25MAY2123-T109749.99,DELTA,61,100,67,1000,1030,yes,58,24
2025-05-21T19:02:47.094328,KXBTCD-25MAY2123-T109749.99,DELTA,61,100,67,1000,1031,no,25,24
2025-05-21T19:02:47.094791,KXBTCD-25MAY2123-T109749.99,DELTA,61,100,67,1000,1032,no,23,-24
2025-05-21T19:02:47.482973,KXBTCD-25MAY2123-T109749.99,DELTA,61,100,67,1000,1033,no,32,-100
2025-05-21T19:02:47.483313,KXBTCD-25MAY2123-T109749.99,DELTA,58,24,67,1000,1034,yes,61,-100
2025-05-21T19:02:47.497687,KXBTCD-25MAY2123-T109749.99,DELTA,58,24,75,24,1035,no,33,-1000
2025-05-21T19:02:47.536523,KXBTCD-25MAY2123-T109749.99,DELTA,58,24,75,24,1036,no,7,1000
2025-05-21T19:02:47.616415,KXBTCD-25MAY2123-T109749.99,DELTA,58,24,75,24,1037,yes,42,9
2025-05-21T19:02:47.616898,KXBTCD-25MAY2123-T109749.99,DELTA,58,24,75,24,1038,no,20,9
2025-05-21T19:02:48.713474,KXBTCD-25MAY2123-T109749.99,DELTA,58,24,75,24,1039,yes,8,-4050
2025-05-21T19:02:48.715454,KXBTCD-25MAY2123-T109749.99,DELTA,58,24,75,24,1040,yes,10,3240
2025-05-21T19:02:48.738181,KXBTCD-25MAY2123-T109749.99,DELTA,58,24,75,24,1041,no,6,-5400
2025-05-21T19:02:48.739146,KXBTCD-25MAY2123-T109749.99,DELTA,58,24,75,24,1042,no,8,4050
2025-05-21T19:02:48.756239,KXBTCD-25MAY2123-T109749.99,DELTA,58,24,75,24,1043,yes,9,-20000
2025-05-21T19:02:48.797729,KXBTCD-25MAY2123-T109749.99,DELTA,58,24,75,24,1044,yes,11,20000
2025-05-21T19:02:48.799240,KXBTCD-25MAY2123-T109749.99,DELTA,58,24,75,24,1045,no,20,9
2025-05-21T19:02:48.816677,KXBTCD-25MAY2123-T109749.99,DELTA,58,24,75,24,1046,no,7,-20000
2025-05-21T19:02:48.836932,KXBTCD-25MAY2123-T109749.99,DELTA,59,100,75,24,1047,yes,59,100
2025-05-21T19:02:48.837610,KXBTCD-25MAY2123-T109749.99,DELTA,59,100,75,24,1048,no,7,-2000
2025-05-21T19:02:48.838645,KXBTCD-25MAY2123-T109749.99,DELTA,59,100,67,100,1049,no,33,100
2025-05-21T19:02:48.839255,KXBTCD-25MAY2123-T109749.99,DELTA,59,100,67,100,1050,no,7,-1000
2025-05-21T19:02:48.897258,KXBTCD-25MAY2123-T109749.99,DELTA,59,100,67,100,1051,no,9,20000
2025-05-21T19:02:48.897967,KXBTCD-25MAY2123-T109749.99,DELTA,59,100,67,100,1052,no,9,1000
2025-05-21T19:02:48.936677,KXBTCD-25MAY2123-T109749.99,DELTA,59,100,67,100,1053,no,9,2000
2025-05-21T19:02:48.977268,KXBTCD-25MAY2123-T109749.99,DELTA,59,100,67,100,1054,no,9,-1000
2025-05-21T19:02:49.017021,KXBTCD-25MAY2123-T109749.99,DELTA,58,24,67,100,1055,yes,59,-100
2025-05-21T19:02:49.037961,KXBTCD-25MAY2123-T109749.99,DELTA,58,24,66,1000,1056,no,34,1000
2025-05-21T19:02:50.417466,KXBTCD-25MAY2123-T109749.99,DELTA,59,100,66,1000,1057,yes,59,100
2025-05-21T19:02:50.539200,KXBTCD-25MAY2123-T109749.99,DELTA,59,100,66,1000,1058,no,20,-9
2025-05-21T19:02:50.540306,KXBTCD-25MAY2123-T109749.99,DELTA,59,100,66,1000,1059,no,20,-9
2025-05-21T19:02:50.541107,KXBTCD-25MAY2123-T109749.99,DELTA,59,100,66,1000,1060,yes,42,-9
2025-05-21T19:02:50.718171,KXBTCD-25MAY2123-T109749.99,DELTA,58,24,66,1000,1061,yes,59,-100
2025-05-21T19:02:51.240221,KXBTCD-25MAY2123-T109749.99,DELTA,58,24,66,1000,1062,yes,10,-3240
2025-05-21T19:02:51.241244,KXBTCD-25MAY2123-T109749.99,DELTA,58,24,66,1000,1063,yes,12,2700
2025-05-21T19:02:51.298413,KXBTCD-25MAY2123-T109749.99,DELTA,58,24,66,1000,1064,no,8,-4050
2025-05-21T19:02:51.299660,KXBTCD-25MAY2123-T109749.99,DELTA,58,24,66,1000,1065,no,4,8100
2025-05-21T19:02:51.300375,KXBTCD-25MAY2123-T109749.99,DELTA,58,24,66,1000,1066,yes,11,-20000
2025-05-21T19:02:51.417013,KXBTCD-25MAY2123-T109749.99,DELTA,58,24,66,1000,1067,no,9,-20000
2025-05-21T19:02:51.437086,KXBTCD-25MAY2123-T109749.99,DELTA,58,24,66,1000,1068,no,9,-2000
2025-05-21T19:02:51.477413,KXBTCD-25MAY2123-T109749.99,DELTA,58,24,66,1000,1069,no,5,20000
2025-05-21T19:02:51.478323,KXBTCD-25MAY2123-T109749.99,DELTA,58,24,66,1000,1070,no,5,2000
2025-05-21T19:02:51.598759,KXBTCD-25MAY2123-T109749.99,DELTA,60,100,66,1000,1071,yes,60,100
2025-05-21T19:02:52.438388,KXBTCD-25MAY2123-T109749.99,DELTA,60,100,66,1000,1072,yes,12,-2700
2025-05-21T19:02:52.439557,KXBTCD-25MAY2123-T109749.99,DELTA,60,100,66,1000,1073,yes,4,8100
2025-05-21T19:02:52.500431,KXBTCD-25MAY2123-T109749.99,DELTA,60,100,66,1000,1074,yes,5,20000
2025-05-21T19:02:52.501526,KXBTCD-25MAY2123-T109749.99,DELTA,60,100,66,1000,1075,no,4,-8100
2025-05-21T19:02:52.502334,KXBTCD-25MAY2123-T109749.99,DELTA,60,100,66,1000,1076,no,6,5400
2025-05-21T19:02:52.557769,KXBTCD-25MAY2123-T109749.99,DELTA,60,100,66,1000,1077,no,5,-20000
2025-05-21T19:02:52.577689,KXBTCD-25MAY2123-T109749.99,DELTA,60,100,66,1000,1078,no,5,-2000
2025-05-21T19:02:52.617582,KXBTCD-25MAY2123-T109749.99,DELTA,60,100,66,1000,1079,no,7,2000
2025-05-21T19:02:52.617775,KXBTCD-25MAY2123-T109749.99,DELTA,60,100,66,1000,1080,no,7,20000
2025-05-21T19:02:53.558383,KXBTCD-25MAY2123-T109749.99,DELTA,60,100,66,1000,1081,yes,4,-8100
2025-05-21T19:02:53.559506,KXBTCD-25MAY2123-T109749.99,DELTA,60,100,66,1000,1082,yes,6,5400
2025-05-21T19:02:53.617871,KXBTCD-25MAY2123-T109749.99,DELTA,60,100,66,1000,1083,no,6,-5400
2025-05-21T19:02:53.618965,KXBTCD-25MAY2123-T109749.99,DELTA,60,100,66,1000,1084,no,8,4050
2025-05-21T19:02:53.619567,KXBTCD-25MAY2123-T109749.99,DELTA,60,100,66,1000,1085,yes,5,-20000
2025-05-21T19:02:53.677490,KXBTCD-25MAY2123-T109749.99,DELTA,60,100,66,1000,1086,yes,7,20000
2025-05-21T19:02:53.698308,KXBTCD-25MAY2123-T109749.99,DELTA,60,100,66,1000,1087,no,7,-20000
2025-05-21T19:02:53.699057,KXBTCD-25MAY2123-T109749.99,DELTA,60,100,66,1000,1088,no,7,-2000
2025-05-21T19:02:53.757250,KXBTCD-25MAY2123-T109749.99,DELTA,60,100,66,1000,1089,no,9,2000
2025-05-21T19:02:53.758100,KXBTCD-25MAY2123-T109749.99,DELTA,60,100,66,1000,1090,no,9,20000
2025-05-21T19:02:54.439046,KXBTCD-25MAY2123-T109749.99,DELTA,60,124,66,1000,1091,yes,60,24
2025-05-21T19:02:54.439745,KXBTCD-25MAY2123-T109749.99,DELTA,60,124,66,1000,1092,yes,58,-24
2025-05-21T19:02:54.462526,KXBTCD-25MAY2123-T109749.99,DELTA,60,124,66,1000,1093,no,23,24
2025-05-21T19:02:54.463054,KXBTCD-25MAY2123-T109749.99,DELTA,60,124,66,1000,1094,no,25,-24
2025-05-21T19:02:54.700064,KXBTCD-25MAY2123-T109749.99,DELTA,60,24,66,1000,1095,yes,60,-100
2025-05-21T19:02:54.700904,KXBTCD-25MAY2123-T109749.99,DELTA,60,24,66,1000,1096,no,33,-100
2025-05-21T19:02:54.778154,KXBTCD-25MAY2123-T109749.99,DELTA,60,24,77,24,1097,no,34,-1000
2025-05-21T19:02:54.778858,KXBTCD-25MAY2123-T109749.99,DELTA,60,24,77,24,1098,yes,6,-5400
2025-05-21T19:02:54.779246,KXBTCD-25MAY2123-T109749.99,DELTA,60,24,77,24,1099,yes,8,4050
2025-05-21T19:02:54.817426,KXBTCD-25MAY2123-T109749.99,DELTA,60,24,77,24,1100,no,9,1000
2025-05-21T19:02:54.840257,KXBTCD-25MAY2123-T109749.99,DELTA,60,24,77,24,1101,yes,7,-20000
2025-05-21T19:02:54.878866,KXBTCD-25MAY2123-T109749.99,DELTA,60,24,77,24,1102,no,8,-4050
