timestamp,market_ticker,type,yes_bid_price_cents,yes_bid_qty,yes_ask_price_cents,yes_ask_qty_on_no_side,sequence_num,delta_side,delta_price_cents,delta_quantity
2025-05-21T19:00:28.698694,KXBTCD-25MAY2123-T109499.99,SNAPSHOT,80,100,87,100,1,,,
2025-05-21T19:00:45.285143,KXBTCD-25MAY2123-T109499.99,DELTA,80,100,,0,2,no,13,-100
2025-05-21T19:00:45.286323,KXBTCD-25MAY2123-T109499.99,DELTA,51,9,,0,3,yes,80,-100
2025-05-21T19:00:45.423185,KXBTCD-25MAY2123-T109499.99,DELTA,51,9,,0,4,yes,2,9
2025-05-21T19:00:45.423718,KXBTCD-25MAY2123-T109499.99,DELTA,50,200,,0,5,yes,51,-9
2025-05-21T19:00:46.678449,KXBTCD-25MAY2123-T109499.99,DELTA,81,100,,0,6,yes,81,100
2025-05-21T19:00:46.697660,KXBTCD-25MAY2123-T109499.99,DELTA,81,100,89,100,7,no,11,100
2025-05-21T19:00:46.797798,KXBTCD-25MAY2123-T109499.99,DELTA,81,100,89,100,8,yes,2,-9
2025-05-21T19:00:46.819137,KXBTCD-25MAY2123-T109499.99,DELTA,81,100,89,100,9,yes,51,9
2025-05-21T19:00:48.378834,KXBTCD-25MAY2123-T109499.99,DELTA,81,100,89,100,10,no,2,3000
2025-05-21T19:00:48.381671,KXBTCD-25MAY2123-T109499.99,DELTA,81,100,89,100,11,yes,61,3000
2025-05-21T19:00:48.381936,KXBTCD-25MAY2123-T109499.99,DELTA,81,100,89,100,12,yes,3,80000
2025-05-21T19:00:48.382161,KXBTCD-25MAY2123-T109499.99,DELTA,81,100,89,100,13,yes,25,8000
2025-05-21T19:00:48.382369,KXBTCD-25MAY2123-T109499.99,DELTA,81,100,89,100,14,no,3,80000
2025-05-21T19:00:48.576746,KXBTCD-25MAY2123-T109499.99,DELTA,81,100,89,100,15,yes,51,-9
2025-05-21T19:00:48.577061,KXBTCD-25MAY2123-T109499.99,DELTA,81,100,89,100,16,yes,62,9
2025-05-21T19:00:48.577196,KXBTCD-25MAY2123-T109499.99,DELTA,81,100,89,100,17,no,4,9
2025-05-21T19:00:49.402775,KXBTCD-25MAY2123-T109499.99,DELTA,81,100,89,100,18,yes,2,20000
2025-05-21T19:00:49.403907,KXBTCD-25MAY2123-T109499.99,DELTA,81,100,88,1000,19,no,12,1000
2025-05-21T19:00:49.404349,KXBTCD-25MAY2123-T109499.99,DELTA,81,100,88,1000,20,yes,51,1000
2025-05-21T19:00:49.419497,KXBTCD-25MAY2123-T109499.99,DELTA,81,100,88,1000,21,yes,51,2000
2025-05-21T19:00:49.638200,KXBTCD-25MAY2123-T109499.99,DELTA,81,100,88,1000,22,no,4,-9
2025-05-21T19:00:49.717178,KXBTCD-25MAY2123-T109499.99,DELTA,81,100,88,1000,23,no,11,-100
2025-05-21T19:00:49.777928,KXBTCD-25MAY2123-T109499.99,DELTA,81,100,97,80000,24,no,12,-1000
2025-05-21T19:00:50.670330,KXBTCD-25MAY2123-T109499.99,DELTA,81,100,88,100,25,no,12,100
2025-05-21T19:00:50.741932,KXBTCD-25MAY2123-T109499.99,DELTA,81,100,87,1000,26,no,13,1000
2025-05-21T19:00:50.820831,KXBTCD-25MAY2123-T109499.99,DELTA,81,100,87,1000,27,no,4,9
2025-05-21T19:00:51.439155,KXBTCD-25MAY2123-T109499.99,DELTA,62,9,87,1000,28,yes,81,-100
2025-05-21T19:00:51.559021,KXBTCD-25MAY2123-T109499.99,DELTA,61,3000,87,1000,29,yes,62,-9
2025-05-21T19:00:51.560530,KXBTCD-25MAY2123-T109499.99,DELTA,61,3000,87,1000,30,no,4,-9
2025-05-21T19:00:51.581717,KXBTCD-25MAY2123-T109499.99,DELTA,62,9,87,1000,31,yes,62,9
2025-05-21T19:00:51.582657,KXBTCD-25MAY2123-T109499.99,DELTA,62,9,86,9,32,no,14,9
2025-05-21T19:00:52.038701,KXBTCD-25MAY2123-T109499.99,DELTA,78,24,86,9,33,yes,78,24
2025-05-21T19:00:52.059707,KXBTCD-25MAY2123-T109499.99,DELTA,78,24,86,9,34,no,4,24
2025-05-21T19:00:52.160101,KXBTCD-25MAY2123-T109499.99,DELTA,78,24,86,9,35,yes,62,-9
2025-05-21T19:00:52.162843,KXBTCD-25MAY2123-T109499.99,DELTA,78,24,87,1000,36,no,14,-9
2025-05-21T19:00:52.442563,KXBTCD-25MAY2123-T109499.99,DELTA,78,24,87,1000,37,no,12,-100
2025-05-21T19:00:52.500733,KXBTCD-25MAY2123-T109499.99,DELTA,78,24,96,24,38,no,13,-1000
2025-05-21T19:00:52.507553,KXBTCD-25MAY2123-T109499.99,DELTA,79,100,96,24,39,yes,79,100
2025-05-21T19:00:52.517588,KXBTCD-25MAY2123-T109499.99,DELTA,79,100,96,24,40,yes,1,-32400
2025-05-21T19:00:52.517780,KXBTCD-25MAY2123-T109499.99,DELTA,79,100,96,24,41,yes,26,1246
2025-05-21T19:00:52.558161,KXBTCD-25MAY2123-T109499.99,DELTA,79,100,96,24,42,yes,62,9
2025-05-21T19:00:52.598184,KXBTCD-25MAY2123-T109499.99,DELTA,79,100,96,24,43,yes,2,-20000
2025-05-21T19:00:52.857590,KXBTCD-25MAY2123-T109499.99,DELTA,78,24,96,24,44,yes,79,-100
2025-05-21T19:00:54.239187,KXBTCD-25MAY2123-T109499.99,DELTA,80,100,96,24,45,yes,80,100
2025-05-21T19:00:54.240265,KXBTCD-25MAY2123-T109499.99,DELTA,80,100,88,100,46,no,12,100
2025-05-21T19:00:54.299301,KXBTCD-25MAY2123-T109499.99,DELTA,80,100,87,1000,47,no,13,1000
2025-05-21T19:00:54.339137,KXBTCD-25MAY2123-T109499.99,DELTA,80,100,87,1000,48,no,5,9
2025-05-21T19:00:56.297340,KXBTCD-25MAY2123-T109499.99,DELTA,80,100,87,1000,49,no,12,-100
2025-05-21T19:00:56.358104,KXBTCD-25MAY2123-T109499.99,DELTA,80,100,95,9,50,no,13,-1000
2025-05-21T19:00:56.397287,KXBTCD-25MAY2123-T109499.99,DELTA,80,100,96,24,51,no,5,-9
2025-05-21T19:00:57.738309,KXBTCD-25MAY2123-T109499.99,DELTA,80,100,87,100,52,no,13,100
2025-05-21T19:00:57.817234,KXBTCD-25MAY2123-T109499.99,DELTA,80,100,86,1000,53,no,14,1000
2025-05-21T19:00:57.861954,KXBTCD-25MAY2123-T109499.99,DELTA,80,100,86,1000,54,no,5,9
2025-05-21T19:01:09.037636,KXBTCD-25MAY2123-T109499.99,DELTA,78,24,86,1000,55,yes,80,-100
2025-05-21T19:01:09.158280,KXBTCD-25MAY2123-T109499.99,DELTA,78,24,86,1000,56,no,5,-9
2025-05-21T19:01:09.318110,KXBTCD-25MAY2123-T109499.99,DELTA,78,24,86,1000,57,no,13,-100
2025-05-21T19:01:09.377572,KXBTCD-25MAY2123-T109499.99,DELTA,78,24,96,24,58,no,14,-1000
2025-05-21T19:01:09.617869,KXBTCD-25MAY2123-T109499.99,DELTA,62,9,96,24,59,yes,78,-24
2025-05-21T19:01:09.618481,KXBTCD-25MAY2123-T109499.99,DELTA,77,24,96,24,60,yes,77,24
2025-05-21T19:01:09.638269,KXBTCD-25MAY2123-T109499.99,DELTA,77,24,94,24,61,no,6,24
2025-05-21T19:01:09.638995,KXBTCD-25MAY2123-T109499.99,DELTA,77,24,94,24,62,no,4,-24
2025-05-21T19:01:10.262099,KXBTCD-25MAY2123-T109499.99,DELTA,78,100,94,24,63,yes,78,100
2025-05-21T19:01:10.263057,KXBTCD-25MAY2123-T109499.99,DELTA,78,100,86,100,64,no,14,100
2025-05-21T19:01:10.317981,KXBTCD-25MAY2123-T109499.99,DELTA,78,100,85,1000,65,no,15,1000
2025-05-21T19:01:10.397919,KXBTCD-25MAY2123-T109499.99,DELTA,78,100,85,1000,66,no,7,9
2025-05-21T19:01:10.538359,KXBTCD-25MAY2123-T109499.99,DELTA,77,24,85,1000,67,yes,78,-100
2025-05-21T19:01:11.181728,KXBTCD-25MAY2123-T109499.99,DELTA,77,24,85,1000,68,yes,61,-3000
2025-05-21T19:01:11.217707,KXBTCD-25MAY2123-T109499.99,DELTA,77,24,85,1000,69,yes,55,3000
2025-05-21T19:01:11.353302,KXBTCD-25MAY2123-T109499.99,DELTA,77,24,85,1000,70,yes,62,-9
2025-05-21T19:01:11.354045,KXBTCD-25MAY2123-T109499.99,DELTA,77,24,85,1000,71,no,7,-9
2025-05-21T19:01:11.396968,KXBTCD-25MAY2123-T109499.99,DELTA,77,24,85,1000,72,yes,52,9
2025-05-21T19:01:12.096847,KXBTCD-25MAY2123-T109499.99,DELTA,77,24,85,1000,73,yes,75,24
2025-05-21T19:01:12.097012,KXBTCD-25MAY2123-T109499.99,DELTA,75,24,85,1000,74,yes,77,-24
2025-05-21T19:01:12.118839,KXBTCD-25MAY2123-T109499.99,DELTA,75,24,85,1000,75,no,6,-24
2025-05-21T19:01:12.118965,KXBTCD-25MAY2123-T109499.99,DELTA,75,24,85,1000,76,no,7,24
2025-05-21T19:01:12.152033,KXBTCD-25MAY2123-T109499.99,DELTA,75,24,85,1000,77,no,14,-100
2025-05-21T19:01:12.198609,KXBTCD-25MAY2123-T109499.99,DELTA,75,24,93,24,78,no,15,-1000
2025-05-21T19:01:12.218375,KXBTCD-25MAY2123-T109499.99,DELTA,75,24,84,9,79,no,16,9
2025-05-21T19:01:12.219022,KXBTCD-25MAY2123-T109499.99,DELTA,75,24,84,9,80,yes,56,9
2025-05-21T19:01:12.219465,KXBTCD-25MAY2123-T109499.99,DELTA,75,24,84,9,81,yes,52,-9
2025-05-21T19:01:12.238299,KXBTCD-25MAY2123-T109499.99,DELTA,75,24,84,9,82,yes,56,9
2025-05-21T19:01:12.837685,KXBTCD-25MAY2123-T109499.99,DELTA,76,100,84,9,83,yes,76,100
2025-05-21T19:01:12.979558,KXBTCD-25MAY2123-T109499.99,DELTA,76,100,93,24,84,no,16,-9
2025-05-21T19:01:12.980300,KXBTCD-25MAY2123-T109499.99,DELTA,76,100,93,24,85,yes,56,-9
2025-05-21T19:01:13.628007,KXBTCD-25MAY2123-T109499.99,DELTA,76,100,84,100,86,no,16,100
2025-05-21T19:01:13.676669,KXBTCD-25MAY2123-T109499.99,DELTA,76,100,83,1000,87,no,17,1000
2025-05-21T19:01:14.297131,KXBTCD-25MAY2123-T109499.99,DELTA,76,100,83,1000,88,no,16,-100
2025-05-21T19:01:14.372146,KXBTCD-25MAY2123-T109499.99,DELTA,76,100,93,24,89,no,17,-1000
2025-05-21T19:01:15.638366,KXBTCD-25MAY2123-T109499.99,DELTA,76,100,83,100,90,no,17,100
2025-05-21T19:01:15.781359,KXBTCD-25MAY2123-T109499.99,DELTA,76,100,82,1000,91,no,18,1000
2025-05-21T19:01:15.782973,KXBTCD-25MAY2123-T109499.99,DELTA,76,100,82,1000,92,no,8,9
2025-05-21T19:01:19.458432,KXBTCD-25MAY2123-T109499.99,DELTA,76,100,82,1000,93,no,17,-100
2025-05-21T19:01:19.517652,KXBTCD-25MAY2123-T109499.99,DELTA,76,100,92,9,94,no,18,-1000
2025-05-21T19:01:19.557527,KXBTCD-25MAY2123-T109499.99,DELTA,76,100,93,24,95,no,8,-9
2025-05-21T19:01:20.042953,KXBTCD-25MAY2123-T109499.99,DELTA,76,100,93,24,96,yes,75,-24
2025-05-21T19:01:20.043752,KXBTCD-25MAY2123-T109499.99,DELTA,77,24,93,24,97,yes,77,24
2025-05-21T19:01:20.062356,KXBTCD-25MAY2123-T109499.99,DELTA,77,24,97,80000,98,no,7,-24
2025-05-21T19:01:20.062717,KXBTCD-25MAY2123-T109499.99,DELTA,77,24,94,24,99,no,6,24
2025-05-21T19:01:20.458297,KXBTCD-25MAY2123-T109499.99,DELTA,77,24,94,24,100,yes,76,-100
2025-05-21T19:01:20.660283,KXBTCD-25MAY2123-T109499.99,DELTA,77,24,86,100,101,no,14,100
2025-05-21T19:01:20.719093,KXBTCD-25MAY2123-T109499.99,DELTA,77,24,85,1000,102,no,15,1000
2025-05-21T19:01:21.738072,KXBTCD-25MAY2123-T109499.99,DELTA,78,100,85,1000,103,yes,78,100
2025-05-21T19:01:24.038457,KXBTCD-25MAY2123-T109499.99,DELTA,78,100,85,1000,104,yes,75,24
2025-05-21T19:01:24.059590,KXBTCD-25MAY2123-T109499.99,DELTA,78,100,85,1000,105,yes,77,-24
2025-05-21T19:01:24.060032,KXBTCD-25MAY2123-T109499.99,DELTA,78,100,85,1000,106,no,8,24
2025-05-21T19:01:24.060351,KXBTCD-25MAY2123-T109499.99,DELTA,78,100,85,1000,107,no,6,-24
2025-05-21T19:01:24.358526,KXBTCD-25MAY2123-T109499.99,DELTA,78,100,85,1000,108,no,14,-100
2025-05-21T19:01:24.417863,KXBTCD-25MAY2123-T109499.99,DELTA,78,100,92,24,109,no,15,-1000
2025-05-21T19:01:24.618302,KXBTCD-25MAY2123-T109499.99,DELTA,75,24,92,24,110,yes,78,-100
2025-05-21T19:01:25.217136,KXBTCD-25MAY2123-T109499.99,DELTA,75,24,92,24,111,yes,73,24
2025-05-21T19:01:25.239240,KXBTCD-25MAY2123-T109499.99,DELTA,73,24,92,24,112,yes,75,-24
2025-05-21T19:01:25.239618,KXBTCD-25MAY2123-T109499.99,DELTA,73,24,90,24,113,no,10,24
2025-05-21T19:01:25.239912,KXBTCD-25MAY2123-T109499.99,DELTA,73,24,90,24,114,no,8,-24
2025-05-21T19:01:25.318359,KXBTCD-25MAY2123-T109499.99,DELTA,73,24,90,24,115,no,4,9
2025-05-21T19:01:25.637595,KXBTCD-25MAY2123-T109499.99,DELTA,73,24,83,100,116,no,17,100
2025-05-21T19:01:25.659998,KXBTCD-25MAY2123-T109499.99,DELTA,75,100,83,100,117,yes,75,100
2025-05-21T19:01:25.699025,KXBTCD-25MAY2123-T109499.99,DELTA,75,100,82,1000,118,no,18,1000
2025-05-21T19:01:25.759810,KXBTCD-25MAY2123-T109499.99,DELTA,75,100,82,1009,119,no,18,9
2025-05-21T19:01:25.760245,KXBTCD-25MAY2123-T109499.99,DELTA,75,100,82,1009,120,yes,56,9
2025-05-21T19:01:29.517889,KXBTCD-25MAY2123-T109499.99,DELTA,73,24,82,1009,121,yes,75,-100
2025-05-21T19:01:29.637859,KXBTCD-25MAY2123-T109499.99,DELTA,73,24,82,1009,122,no,4,-9
2025-05-21T19:01:29.638718,KXBTCD-25MAY2123-T109499.99,DELTA,73,24,82,1000,123,no,18,-9
2025-05-21T19:01:29.639190,KXBTCD-25MAY2123-T109499.99,DELTA,73,24,82,1000,124,yes,56,-9
2025-05-21T19:01:30.177801,KXBTCD-25MAY2123-T109499.99,DELTA,75,100,82,1000,125,yes,75,100
2025-05-21T19:01:30.558460,KXBTCD-25MAY2123-T109499.99,DELTA,73,24,82,1000,126,yes,75,-100
2025-05-21T19:01:31.737852,KXBTCD-25MAY2123-T109499.99,DELTA,75,100,82,1000,127,yes,75,100
2025-05-21T19:01:32.877899,KXBTCD-25MAY2123-T109499.99,DELTA,73,24,82,1000,128,yes,75,-100
2025-05-21T19:01:33.798163,KXBTCD-25MAY2123-T109499.99,DELTA,76,100,82,1000,129,yes,76,100
2025-05-21T19:01:43.678100,KXBTCD-25MAY2123-T109499.99,DELTA,73,24,82,1000,130,yes,76,-100
2025-05-21T19:01:43.797544,KXBTCD-25MAY2123-T109499.99,DELTA,73,24,82,1000,131,no,17,-100
2025-05-21T19:01:43.897890,KXBTCD-25MAY2123-T109499.99,DELTA,73,24,90,24,132,no,18,-1000
2025-05-21T19:01:45.477733,KXBTCD-25MAY2123-T109499.99,DELTA,73,24,84,100,133,no,16,100
2025-05-21T19:01:45.577931,KXBTCD-25MAY2123-T109499.99,DELTA,76,100,84,100,134,yes,76,100
2025-05-21T19:01:45.598073,KXBTCD-25MAY2123-T109499.99,DELTA,76,100,83,1000,135,no,17,1000
2025-05-21T19:01:45.682278,KXBTCD-25MAY2123-T109499.99,DELTA,76,100,83,1000,136,yes,56,9
2025-05-21T19:01:45.683640,KXBTCD-25MAY2123-T109499.99,DELTA,76,100,83,1000,137,no,11,9
2025-05-21T19:01:45.684549,KXBTCD-25MAY2123-T109499.99,DELTA,76,100,83,1009,138,no,17,9
2025-05-21T19:01:45.899385,KXBTCD-25MAY2123-T109499.99,DELTA,73,24,83,1009,139,yes,76,-100
2025-05-21T19:01:46.099144,KXBTCD-25MAY2123-T109499.99,DELTA,73,24,83,1000,140,no,17,-9
2025-05-21T19:01:46.100281,KXBTCD-25MAY2123-T109499.99,DELTA,73,24,82,9,141,no,18,9
2025-05-21T19:01:46.798406,KXBTCD-25MAY2123-T109499.99,DELTA,77,100,82,9,142,yes,77,100
2025-05-21T19:01:46.979996,KXBTCD-25MAY2123-T109499.99,DELTA,77,100,83,1000,143,no,18,-9
2025-05-21T19:01:46.980829,KXBTCD-25MAY2123-T109499.99,DELTA,77,100,83,1000,144,yes,56,-9
2025-05-21T19:01:46.982150,KXBTCD-25MAY2123-T109499.99,DELTA,77,100,83,1000,145,no,11,-9
2025-05-21T19:01:48.956786,KXBTCD-25MAY2123-T109499.99,DELTA,77,100,83,1000,146,yes,73,-24
2025-05-21T19:01:48.956967,KXBTCD-25MAY2123-T109499.99,DELTA,77,100,83,1000,147,no,10,-24
2025-05-21T19:01:48.998614,KXBTCD-25MAY2123-T109499.99,DELTA,77,100,83,1000,148,yes,74,24
2025-05-21T19:01:48.998756,KXBTCD-25MAY2123-T109499.99,DELTA,77,100,83,1000,149,no,8,24
2025-05-21T19:01:51.557672,KXBTCD-25MAY2123-T109499.99,DELTA,74,24,83,1000,150,yes,77,-100
2025-05-21T19:01:51.558455,KXBTCD-25MAY2123-T109499.99,DELTA,74,24,83,1000,151,no,16,-100
2025-05-21T19:01:51.620551,KXBTCD-25MAY2123-T109499.99,DELTA,74,24,92,24,152,no,17,-1000
2025-05-21T19:01:53.058792,KXBTCD-25MAY2123-T109499.99,DELTA,74,24,85,100,153,no,15,100
2025-05-21T19:01:53.078291,KXBTCD-25MAY2123-T109499.99,DELTA,77,100,85,100,154,yes,77,100
2025-05-21T19:01:53.118418,KXBTCD-25MAY2123-T109499.99,DELTA,77,100,84,1000,155,no,16,1000
2025-05-21T19:01:53.178227,KXBTCD-25MAY2123-T109499.99,DELTA,77,100,84,1009,156,no,16,9
2025-05-21T19:01:53.218224,KXBTCD-25MAY2123-T109499.99,DELTA,77,100,84,1009,157,yes,56,9
2025-05-21T19:01:53.219102,KXBTCD-25MAY2123-T109499.99,DELTA,77,100,84,1009,158,no,9,9
2025-05-21T19:02:01.357247,KXBTCD-25MAY2123-T109499.99,DELTA,74,24,84,1009,159,yes,77,-100
2025-05-21T19:02:01.478484,KXBTCD-25MAY2123-T109499.99,DELTA,74,24,84,1000,160,no,16,-9
2025-05-21T19:02:01.479984,KXBTCD-25MAY2123-T109499.99,DELTA,74,24,83,9,161,no,17,9
2025-05-21T19:02:01.480880,KXBTCD-25MAY2123-T109499.99,DELTA,74,24,83,9,162,no,9,-9
2025-05-21T19:02:02.498364,KXBTCD-25MAY2123-T109499.99,DELTA,77,100,83,9,163,yes,77,100
2025-05-21T19:02:02.620186,KXBTCD-25MAY2123-T109499.99,DELTA,77,100,84,1000,164,no,17,-9
2025-05-21T19:02:02.621107,KXBTCD-25MAY2123-T109499.99,DELTA,77,100,84,1000,165,yes,56,-9
2025-05-21T19:02:07.547023,KXBTCD-25MAY2123-T109499.99,DELTA,74,24,84,1000,166,yes,77,-100
2025-05-21T19:02:07.598580,KXBTCD-25MAY2123-T109499.99,DELTA,74,24,84,1000,167,yes,56,9
2025-05-21T19:02:07.619354,KXBTCD-25MAY2123-T109499.99,DELTA,74,24,83,9,168,no,17,9
2025-05-21T19:02:08.637735,KXBTCD-25MAY2123-T109499.99,DELTA,77,100,83,9,169,yes,77,100
2025-05-21T19:02:08.760393,KXBTCD-25MAY2123-T109499.99,DELTA,77,100,83,9,170,yes,56,-9
2025-05-21T19:02:08.761489,KXBTCD-25MAY2123-T109499.99,DELTA,77,100,84,1000,171,no,17,-9
2025-05-21T19:02:10.259118,KXBTCD-25MAY2123-T109499.99,DELTA,77,100,84,1000,172,no,15,-100
2025-05-21T19:02:10.318632,KXBTCD-25MAY2123-T109499.99,DELTA,77,100,92,24,173,no,16,-1000
2025-05-21T19:02:10.999364,KXBTCD-25MAY2123-T109499.99,DELTA,77,100,84,100,174,no,16,100
2025-05-21T19:02:11.066051,KXBTCD-25MAY2123-T109499.99,DELTA,77,100,83,1000,175,no,17,1000
2025-05-21T19:02:13.137085,KXBTCD-25MAY2123-T109499.99,DELTA,77,100,83,1000,176,yes,74,-24
2025-05-21T19:02:13.138627,KXBTCD-25MAY2123-T109499.99,DELTA,77,100,83,1000,177,no,8,-24
2025-05-21T19:02:13.159601,KXBTCD-25MAY2123-T109499.99,DELTA,77,100,83,1000,178,yes,73,24
2025-05-21T19:02:13.179427,KXBTCD-25MAY2123-T109499.99,DELTA,77,100,83,1000,179,no,10,24
2025-05-21T19:02:14.084219,KXBTCD-25MAY2123-T109499.99,DELTA,73,24,83,1000,180,yes,77,-100
2025-05-21T19:02:14.084523,KXBTCD-25MAY2123-T109499.99,DELTA,73,24,83,1000,181,no,16,-100
2025-05-21T19:02:14.168103,KXBTCD-25MAY2123-T109499.99,DELTA,73,24,90,24,182,no,17,-1000
2025-05-21T19:02:14.221868,KXBTCD-25MAY2123-T109499.99,DELTA,73,24,82,9,183,no,18,9
2025-05-21T19:02:14.222552,KXBTCD-25MAY2123-T109499.99,DELTA,73,24,82,9,184,yes,56,9
2025-05-21T19:02:14.457895,KXBTCD-25MAY2123-T109499.99,DELTA,73,24,82,9,185,yes,71,24
2025-05-21T19:02:14.458726,KXBTCD-25MAY2123-T109499.99,DELTA,71,24,82,9,186,yes,73,-24
2025-05-21T19:02:14.460154,KXBTCD-25MAY2123-T109499.99,DELTA,71,24,82,9,187,no,10,-24
2025-05-21T19:02:14.460960,KXBTCD-25MAY2123-T109499.99,DELTA,71,24,82,9,188,no,11,24
2025-05-21T19:02:14.557084,KXBTCD-25MAY2123-T109499.99,DELTA,71,24,82,9,189,yes,50,-200
2025-05-21T19:02:14.557305,KXBTCD-25MAY2123-T109499.99,DELTA,71,24,82,9,190,yes,40,200
2025-05-21T19:02:14.576398,KXBTCD-25MAY2123-T109499.99,DELTA,71,24,89,24,191,no,18,-9
2025-05-21T19:02:14.576511,KXBTCD-25MAY2123-T109499.99,DELTA,71,24,89,24,192,yes,56,-9
2025-05-21T19:02:14.617793,KXBTCD-25MAY2123-T109499.99,DELTA,71,24,89,24,193,yes,51,-2000
2025-05-21T19:02:14.636928,KXBTCD-25MAY2123-T109499.99,DELTA,71,24,89,24,194,yes,51,-1000
2025-05-21T19:02:14.677667,KXBTCD-25MAY2123-T109499.99,DELTA,71,24,89,24,195,yes,41,1000
2025-05-21T19:02:14.678270,KXBTCD-25MAY2123-T109499.99,DELTA,71,24,89,24,196,yes,41,2000
2025-05-21T19:02:14.864134,KXBTCD-25MAY2123-T109499.99,DELTA,71,24,89,24,197,yes,26,-1246
2025-05-21T19:02:14.865032,KXBTCD-25MAY2123-T109499.99,DELTA,71,24,89,24,198,yes,40,810
2025-05-21T19:02:14.978080,KXBTCD-25MAY2123-T109499.99,DELTA,71,24,89,24,199,no,4,9
2025-05-21T19:02:15.357393,KXBTCD-25MAY2123-T109499.99,DELTA,73,100,89,24,200,yes,73,100
2025-05-21T19:02:15.358414,KXBTCD-25MAY2123-T109499.99,DELTA,73,100,81,100,201,no,19,100
2025-05-21T19:02:15.417039,KXBTCD-25MAY2123-T109499.99,DELTA,73,100,80,1000,202,no,20,1000
2025-05-21T19:02:16.159174,KXBTCD-25MAY2123-T109499.99,DELTA,73,100,80,1000,203,yes,40,-810
2025-05-21T19:02:16.160033,KXBTCD-25MAY2123-T109499.99,DELTA,73,100,80,1000,204,yes,26,1246
2025-05-21T19:02:16.259442,KXBTCD-25MAY2123-T109499.99,DELTA,73,100,80,1000,205,no,4,-9
2025-05-21T19:02:17.077887,KXBTCD-25MAY2123-T109499.99,DELTA,73,100,80,1000,206,no,19,-100
2025-05-21T19:02:17.138090,KXBTCD-25MAY2123-T109499.99,DELTA,73,100,89,24,207,no,20,-1000
2025-05-21T19:02:18.338686,KXBTCD-25MAY2123-T109499.99,DELTA,71,24,89,24,208,yes,73,-100
2025-05-21T19:02:18.460222,KXBTCD-25MAY2123-T109499.99,DELTA,71,24,79,100,209,no,21,100
2025-05-21T19:02:18.498895,KXBTCD-25MAY2123-T109499.99,DELTA,71,24,79,100,210,no,4,9
2025-05-21T19:02:18.519200,KXBTCD-25MAY2123-T109499.99,DELTA,71,24,78,1000,211,no,22,1000
2025-05-21T19:02:19.657926,KXBTCD-25MAY2123-T109499.99,DELTA,72,100,78,1000,212,yes,72,100
2025-05-21T19:02:19.758538,KXBTCD-25MAY2123-T109499.99,DELTA,72,100,78,1000,213,no,4,-9
2025-05-21T19:02:20.718715,KXBTCD-25MAY2123-T109499.99,DELTA,72,100,78,1000,214,yes,55,-3000
2025-05-21T19:02:20.778214,KXBTCD-25MAY2123-T109499.99,DELTA,72,100,78,1000,215,yes,48,3000
2025-05-21T19:02:20.838706,KXBTCD-25MAY2123-T109499.99,DELTA,72,100,78,1000,216,yes,42,9
2025-05-21T19:02:20.839841,KXBTCD-25MAY2123-T109499.99,DELTA,72,100,78,1000,217,yes,56,-9
2025-05-21T19:02:30.536779,KXBTCD-25MAY2123-T109499.99,DELTA,72,100,78,1000,218,no,21,-100
2025-05-21T19:02:30.620470,KXBTCD-25MAY2123-T109499.99,DELTA,72,100,89,24,219,no,22,-1000
2025-05-21T19:02:30.658766,KXBTCD-25MAY2123-T109499.99,DELTA,72,100,89,24,220,yes,42,-9
2025-05-21T19:02:30.659878,KXBTCD-25MAY2123-T109499.99,DELTA,72,100,89,24,221,yes,49,9
2025-05-21T19:02:31.445273,KXBTCD-25MAY2123-T109499.99,DELTA,72,100,81,100,222,no,19,100
2025-05-21T19:02:31.518895,KXBTCD-25MAY2123-T109499.99,DELTA,72,100,80,1000,223,no,20,1000
2025-05-21T19:02:31.558954,KXBTCD-25MAY2123-T109499.99,DELTA,72,100,80,1000,224,no,12,9
2025-05-21T19:02:31.678335,KXBTCD-25MAY2123-T109499.99,DELTA,72,100,80,1000,225,no,19,-100
2025-05-21T19:02:31.738788,KXBTCD-25MAY2123-T109499.99,DELTA,72,100,88,9,226,no,20,-1000
2025-05-21T19:02:32.237927,KXBTCD-25MAY2123-T109499.99,DELTA,71,24,88,9,227,yes,72,-100
2025-05-21T19:02:32.360971,KXBTCD-25MAY2123-T109499.99,DELTA,71,24,89,24,228,no,12,-9
2025-05-21T19:02:32.379536,KXBTCD-25MAY2123-T109499.99,DELTA,71,24,89,24,229,no,4,9
2025-05-21T19:02:32.478223,KXBTCD-25MAY2123-T109499.99,DELTA,71,24,81,100,230,no,19,100
2025-05-21T19:02:32.538748,KXBTCD-25MAY2123-T109499.99,DELTA,71,24,80,1000,231,no,20,1000
2025-05-21T19:02:34.058981,KXBTCD-25MAY2123-T109499.99,DELTA,74,100,80,1000,232,yes,74,100
2025-05-21T19:02:34.123153,KXBTCD-25MAY2123-T109499.99,DELTA,74,100,80,1000,233,yes,40,-200
2025-05-21T19:02:34.123364,KXBTCD-25MAY2123-T109499.99,DELTA,74,100,80,1000,234,yes,50,200
2025-05-21T19:02:34.198160,KXBTCD-25MAY2123-T109499.99,DELTA,74,100,80,1000,235,no,4,-9
2025-05-21T19:02:34.198398,KXBTCD-25MAY2123-T109499.99,DELTA,74,100,80,1000,236,yes,41,-2000
2025-05-21T19:02:34.297540,KXBTCD-25MAY2123-T109499.99,DELTA,74,100,80,1000,237,yes,41,-1000
2025-05-21T19:02:34.337303,KXBTCD-25MAY2123-T109499.99,DELTA,74,100,80,1000,238,yes,51,2000
2025-05-21T19:02:34.337853,KXBTCD-25MAY2123-T109499.99,DELTA,74,100,80,1000,239,yes,51,1000
2025-05-21T19:02:34.459510,KXBTCD-25MAY2123-T109499.99,DELTA,74,100,80,1000,240,yes,73,24
2025-05-21T19:02:34.460697,KXBTCD-25MAY2123-T109499.99,DELTA,74,100,80,1000,241,yes,71,-24
2025-05-21T19:02:34.461959,KXBTCD-25MAY2123-T109499.99,DELTA,74,100,80,1000,242,no,11,-24
2025-05-21T19:02:34.462443,KXBTCD-25MAY2123-T109499.99,DELTA,74,100,80,1000,243,no,10,24
2025-05-21T19:02:35.019206,KXBTCD-25MAY2123-T109499.99,DELTA,74,100,80,1000,244,no,19,-100
2025-05-21T19:02:35.020826,KXBTCD-25MAY2123-T109499.99,DELTA,73,24,80,1000,245,yes,74,-100
2025-05-21T19:02:35.125126,KXBTCD-25MAY2123-T109499.99,DELTA,73,24,90,24,246,no,20,-1000
2025-05-21T19:02:35.138464,KXBTCD-25MAY2123-T109499.99,DELTA,73,24,90,24,247,yes,49,-9
2025-05-21T19:02:35.139407,KXBTCD-25MAY2123-T109499.99,DELTA,73,24,90,24,248,yes,52,9
2025-05-21T19:02:36.078128,KXBTCD-25MAY2123-T109499.99,DELTA,75,100,90,24,249,yes,75,100
2025-05-21T19:02:36.079502,KXBTCD-25MAY2123-T109499.99,DELTA,75,100,83,100,250,no,17,100
2025-05-21T19:02:36.139978,KXBTCD-25MAY2123-T109499.99,DELTA,75,100,82,1000,251,no,18,1000
2025-05-21T19:02:36.198092,KXBTCD-25MAY2123-T109499.99,DELTA,75,100,82,1000,252,no,4,9
2025-05-21T19:02:39.846752,KXBTCD-25MAY2123-T109499.99,DELTA,75,100,82,1000,253,yes,73,-24
2025-05-21T19:02:39.848170,KXBTCD-25MAY2123-T109499.99,DELTA,75,124,82,1000,254,yes,75,24
2025-05-21T19:02:39.848879,KXBTCD-25MAY2123-T109499.99,DELTA,75,124,82,1000,255,no,8,24
2025-05-21T19:02:39.849382,KXBTCD-25MAY2123-T109499.99,DELTA,75,124,82,1000,256,no,10,-24
2025-05-21T19:02:39.864932,KXBTCD-25MAY2123-T109499.99,DELTA,75,124,82,1000,257,yes,51,-1000
2025-05-21T19:02:39.898333,KXBTCD-25MAY2123-T109499.99,DELTA,75,1124,82,1000,258,yes,75,1000
2025-05-21T19:02:39.960318,KXBTCD-25MAY2123-T109499.99,DELTA,75,1124,82,1000,259,no,4,-9
2025-05-21T19:02:40.164088,KXBTCD-25MAY2123-T109499.99,DELTA,75,124,82,1000,260,yes,75,-1000
2025-05-21T19:02:40.219468,KXBTCD-25MAY2123-T109499.99,DELTA,76,1000,82,1000,261,yes,76,1000
2025-05-21T19:02:40.878028,KXBTCD-25MAY2123-T109499.99,DELTA,75,124,82,1000,262,yes,76,-1000
2025-05-21T19:02:40.936841,KXBTCD-25MAY2123-T109499.99,DELTA,75,1124,82,1000,263,yes,75,1000
2025-05-21T19:02:41.098979,KXBTCD-25MAY2123-T109499.99,DELTA,75,1024,82,1000,264,yes,75,-100
2025-05-21T19:02:41.177717,KXBTCD-25MAY2123-T109499.99,DELTA,75,24,82,1000,265,yes,75,-1000
2025-05-21T19:02:41.237529,KXBTCD-25MAY2123-T109499.99,DELTA,75,24,82,1000,266,yes,51,1000
2025-05-21T19:02:42.418481,KXBTCD-25MAY2123-T109499.99,DELTA,75,124,82,1000,267,yes,75,100
2025-05-21T19:02:42.480457,KXBTCD-25MAY2123-T109499.99,DELTA,75,124,82,1000,268,yes,51,-1000
2025-05-21T19:02:42.518426,KXBTCD-25MAY2123-T109499.99,DELTA,75,1124,82,1000,269,yes,75,1000
2025-05-21T19:02:42.597806,KXBTCD-25MAY2123-T109499.99,DELTA,75,124,82,1000,270,yes,75,-1000
2025-05-21T19:02:42.638294,KXBTCD-25MAY2123-T109499.99,DELTA,75,124,82,1000,271,yes,51,1000
2025-05-21T19:02:42.877212,KXBTCD-25MAY2123-T109499.99,DELTA,75,24,82,1000,272,yes,75,-100
2025-05-21T19:02:43.998413,KXBTCD-25MAY2123-T109499.99,DELTA,76,100,82,1000,273,yes,76,100
2025-05-21T19:02:47.482973,KXBTCD-25MAY2123-T109499.99,DELTA,75,24,82,1000,274,yes,76,-100
2025-05-21T19:02:48.858127,KXBTCD-25MAY2123-T109499.99,DELTA,75,24,82,1000,275,yes,74,100
2025-05-21T19:02:49.017659,KXBTCD-25MAY2123-T109499.99,DELTA,75,24,82,1000,276,yes,74,-100
2025-05-21T19:02:50.438868,KXBTCD-25MAY2123-T109499.99,DELTA,75,124,82,1000,277,yes,75,100
2025-05-21T19:02:51.137936,KXBTCD-25MAY2123-T109499.99,DELTA,75,24,82,1000,278,yes,75,-100
2025-05-21T19:02:52.500431,KXBTCD-25MAY2123-T109499.99,DELTA,76,100,82,1000,279,yes,76,100
2025-05-21T19:02:54.941216,KXBTCD-25MAY2123-T109499.99,DELTA,76,100,82,1000,280,no,17,-100
2025-05-21T19:02:54.959363,KXBTCD-25MAY2123-T109499.99,DELTA,75,24,82,1000,281,yes,76,-100
2025-05-21T19:02:55.038754,KXBTCD-25MAY2123-T109499.99,DELTA,75,24,92,24,282,no,18,-1000
2025-05-21T19:02:55.039706,KXBTCD-25MAY2123-T109499.99,DELTA,75,24,92,24,283,yes,51,-1000
2025-05-21T19:02:55.099277,KXBTCD-25MAY2123-T109499.99,DELTA,75,24,92,24,284,yes,51,1000
2025-05-21T19:02:55.878514,KXBTCD-25MAY2123-T109499.99,DELTA,75,24,85,100,285,no,15,100
2025-05-21T19:02:55.879778,KXBTCD-25MAY2123-T109499.99,DELTA,77,100,85,100,286,yes,77,100
2025-05-21T19:02:55.957403,KXBTCD-25MAY2123-T109499.99,DELTA,77,100,84,1000,287,no,16,1000
2025-05-21T19:02:56.019510,KXBTCD-25MAY2123-T109499.99,DELTA,77,100,84,1000,288,no,9,9
2025-05-21T19:02:56.199359,KXBTCD-25MAY2123-T109499.99,DELTA,77,100,84,1000,289,yes,51,-1000
2025-05-21T19:02:56.237660,KXBTCD-25MAY2123-T109499.99,DELTA,77,1100,84,1000,290,yes,77,1000
2025-05-21T19:02:57.189478,KXBTCD-25MAY2123-T109499.99,DELTA,77,1000,84,1000,291,yes,77,-100
2025-05-21T19:02:57.215354,KXBTCD-25MAY2123-T109499.99,DELTA,75,24,84,1000,292,yes,77,-1000
2025-05-21T19:02:57.237838,KXBTCD-25MAY2123-T109499.99,DELTA,75,24,84,1000,293,yes,51,1000
2025-05-21T19:02:57.277566,KXBTCD-25MAY2123-T109499.99,DELTA,75,24,84,1000,294,no,9,-9
2025-05-21T19:02:57.278146,KXBTCD-25MAY2123-T109499.99,DELTA,75,24,84,1000,295,yes,52,-9
2025-05-21T19:02:57.658036,KXBTCD-25MAY2123-T109499.99,DELTA,76,24,84,1000,296,yes,76,24
2025-05-21T19:02:57.658812,KXBTCD-25MAY2123-T109499.99,DELTA,76,24,84,1000,297,yes,75,-24
2025-05-21T19:02:57.659370,KXBTCD-25MAY2123-T109499.99,DELTA,76,24,84,1000,298,no,8,-24
2025-05-21T19:02:57.660019,KXBTCD-25MAY2123-T109499.99,DELTA,76,24,84,1000,299,no,6,24
2025-05-21T19:02:58.677873,KXBTCD-25MAY2123-T109499.99,DELTA,78,100,84,1000,300,yes,78,100
2025-05-21T19:02:58.797925,KXBTCD-25MAY2123-T109499.99,DELTA,78,100,84,1000,301,yes,52,9
2025-05-21T19:02:58.998131,KXBTCD-25MAY2123-T109499.99,DELTA,76,24,84,1000,302,yes,78,-100
2025-05-21T19:02:58.998824,KXBTCD-25MAY2123-T109499.99,DELTA,76,24,84,1000,303,no,15,-100
2025-05-21T19:02:59.058144,KXBTCD-25MAY2123-T109499.99,DELTA,76,24,94,24,304,no,16,-1000
2025-05-21T19:03:00.139102,KXBTCD-25MAY2123-T109499.99,DELTA,76,24,94,24,305,yes,48,-3000
2025-05-21T19:03:00.177955,KXBTCD-25MAY2123-T109499.99,DELTA,76,24,94,24,306,yes,62,3000
2025-05-21T19:03:00.319462,KXBTCD-25MAY2123-T109499.99,DELTA,76,24,86,100,307,no,14,100
2025-05-21T19:03:00.320258,KXBTCD-25MAY2123-T109499.99,DELTA,78,100,86,100,308,yes,78,100
2025-05-21T19:03:00.457488,KXBTCD-25MAY2123-T109499.99,DELTA,78,100,85,1000,309,no,15,1000
2025-05-21T19:03:00.478212,KXBTCD-25MAY2123-T109499.99,DELTA,78,100,85,1000,310,yes,51,-1000
2025-05-21T19:03:00.538412,KXBTCD-25MAY2123-T109499.99,DELTA,78,1100,85,1000,311,yes,78,1000
2025-05-21T19:03:00.877897,KXBTCD-25MAY2123-T109499.99,DELTA,78,1100,85,1000,312,no,14,-100
2025-05-21T19:03:00.938239,KXBTCD-25MAY2123-T109499.99,DELTA,78,1100,94,24,313,no,15,-1000
2025-05-21T19:03:01.079599,KXBTCD-25MAY2123-T109499.99,DELTA,78,1100,94,24,314,yes,52,-9
2025-05-21T19:03:01.616179,KXBTCD-25MAY2123-T109499.99,DELTA,78,1100,86,100,315,no,14,100
2025-05-21T19:03:01.677117,KXBTCD-25MAY2123-T109499.99,DELTA,78,1100,85,1000,316,no,15,1000
2025-05-21T19:03:02.457108,KXBTCD-25MAY2123-T109499.99,DELTA,78,1100,85,1000,317,no,14,-100
2025-05-21T19:03:02.519924,KXBTCD-25MAY2123-T109499.99,DELTA,78,1100,94,24,318,no,15,-1000
2025-05-21T19:03:03.058802,KXBTCD-25MAY2123-T109499.99,DELTA,78,100,94,24,319,yes,78,-1000
2025-05-21T19:03:03.098289,KXBTCD-25MAY2123-T109499.99,DELTA,78,100,94,24,320,yes,51,1000
2025-05-21T19:03:03.699550,KXBTCD-25MAY2123-T109499.99,DELTA,78,100,85,100,321,no,15,100
2025-05-21T19:03:03.779436,KXBTCD-25MAY2123-T109499.99,DELTA,78,100,84,1000,322,no,16,1000
2025-05-21T19:03:03.798643,KXBTCD-25MAY2123-T109499.99,DELTA,78,100,84,1000,323,no,7,9
2025-05-21T19:03:03.799596,KXBTCD-25MAY2123-T109499.99,DELTA,78,100,84,1000,324,yes,63,9
2025-05-21T19:03:04.537520,KXBTCD-25MAY2123-T109499.99,DELTA,76,24,84,1000,325,yes,78,-100
2025-05-21T19:03:04.561214,KXBTCD-25MAY2123-T109499.99,DELTA,76,24,84,1000,326,no,15,-100
2025-05-21T19:03:04.578669,KXBTCD-25MAY2123-T109499.99,DELTA,63,9,84,1000,327,yes,76,-24
2025-05-21T19:03:04.598088,KXBTCD-25MAY2123-T109499.99,DELTA,63,9,84,1000,328,no,6,-24
2025-05-21T19:03:04.636341,KXBTCD-25MAY2123-T109499.99,DELTA,75,24,84,1000,329,yes,75,24
2025-05-21T19:03:04.638916,KXBTCD-25MAY2123-T109499.99,DELTA,75,24,84,1000,330,no,8,24
2025-05-21T19:03:04.658184,KXBTCD-25MAY2123-T109499.99,DELTA,75,24,92,24,331,no,16,-1000
2025-05-21T19:03:04.677497,KXBTCD-25MAY2123-T109499.99,DELTA,75,24,92,24,332,no,7,-9
2025-05-21T19:03:05.918762,KXBTCD-25MAY2123-T109499.99,DELTA,76,100,92,24,333,yes,76,100
2025-05-21T19:03:05.919695,KXBTCD-25MAY2123-T109499.99,DELTA,76,100,84,100,334,no,16,100
2025-05-21T19:03:05.978044,KXBTCD-25MAY2123-T109499.99,DELTA,76,100,83,1000,335,no,17,1000
2025-05-21T19:03:06.058496,KXBTCD-25MAY2123-T109499.99,DELTA,76,100,83,1000,336,no,9,9
2025-05-21T19:03:06.598933,KXBTCD-25MAY2123-T109499.99,DELTA,76,100,83,1000,337,no,16,-100
2025-05-21T19:03:06.676559,KXBTCD-25MAY2123-T109499.99,DELTA,76,100,91,9,338,no,17,-1000
2025-05-21T19:03:06.798736,KXBTCD-25MAY2123-T109499.99,DELTA,76,100,92,24,339,no,9,-9
2025-05-21T19:03:06.799551,KXBTCD-25MAY2123-T109499.99,DELTA,76,100,92,24,340,no,4,9
2025-05-21T19:03:07.978686,KXBTCD-25MAY2123-T109499.99,DELTA,76,100,84,100,341,no,16,100
2025-05-21T19:03:08.037423,KXBTCD-25MAY2123-T109499.99,DELTA,76,100,83,1000,342,no,17,1000
2025-05-21T19:03:08.101687,KXBTCD-25MAY2123-T109499.99,DELTA,76,100,83,1000,343,no,4,-9
2025-05-21T19:03:08.105490,KXBTCD-25MAY2123-T109499.99,DELTA,76,100,83,1000,344,no,9,9
2025-05-21T19:03:08.538139,KXBTCD-25MAY2123-T109499.99,DELTA,76,100,83,1000,345,no,16,-100
2025-05-21T19:03:08.598174,KXBTCD-25MAY2123-T109499.99,DELTA,76,100,91,9,346,no,17,-1000
2025-05-21T19:03:08.878520,KXBTCD-25MAY2123-T109499.99,DELTA,76,100,91,9,347,yes,62,-3000
2025-05-21T19:03:08.918491,KXBTCD-25MAY2123-T109499.99,DELTA,76,100,91,9,348,yes,57,3000
2025-05-21T19:03:09.020461,KXBTCD-25MAY2123-T109499.99,DELTA,76,100,91,9,349,no,4,9
2025-05-21T19:03:09.021559,KXBTCD-25MAY2123-T109499.99,DELTA,76,100,92,24,350,no,9,-9
2025-05-21T19:03:09.022397,KXBTCD-25MAY2123-T109499.99,DELTA,76,100,92,24,351,yes,63,-9
2025-05-21T19:03:09.022912,KXBTCD-25MAY2123-T109499.99,DELTA,76,100,92,24,352,yes,52,9
2025-05-21T19:03:10.120695,KXBTCD-25MAY2123-T109499.99,DELTA,76,100,83,100,353,no,17,100
2025-05-21T19:03:10.178452,KXBTCD-25MAY2123-T109499.99,DELTA,76,100,82,1000,354,no,18,1000
2025-05-21T19:03:10.237636,KXBTCD-25MAY2123-T109499.99,DELTA,76,100,82,1000,355,yes,52,-9
2025-05-21T19:03:10.238599,KXBTCD-25MAY2123-T109499.99,DELTA,76,100,82,1000,356,no,4,-9
2025-05-21T19:03:10.257479,KXBTCD-25MAY2123-T109499.99,DELTA,76,100,82,1000,357,no,9,9
2025-05-21T19:03:10.258755,KXBTCD-25MAY2123-T109499.99,DELTA,76,100,82,1000,358,yes,58,9
2025-05-21T19:03:12.191156,KXBTCD-25MAY2123-T109499.99,DELTA,76,100,82,1000,359,yes,26,-1246
2025-05-21T19:03:12.377501,KXBTCD-25MAY2123-T109499.99,DELTA,76,100,82,1000,360,no,9,-9
2025-05-21T19:03:15.958480,KXBTCD-25MAY2123-T109499.99,DELTA,76,100,82,980,361,no,18,-20
2025-05-21T19:03:18.058986,KXBTCD-25MAY2123-T109499.99,DELTA,76,100,82,980,362,yes,26,1246
2025-05-21T19:03:23.119722,KXBTCD-25MAY2123-T109499.99,DELTA,76,100,82,980,363,no,17,-100
2025-05-21T19:03:23.181172,KXBTCD-25MAY2123-T109499.99,DELTA,76,100,92,24,364,no,18,-980
2025-05-21T19:03:24.140243,KXBTCD-25MAY2123-T109499.99,DELTA,76,100,84,100,365,no,16,100
2025-05-21T19:03:24.218153,KXBTCD-25MAY2123-T109499.99,DELTA,76,100,83,1000,366,no,17,1000
2025-05-21T19:03:24.298174,KXBTCD-25MAY2123-T109499.99,DELTA,76,100,83,1000,367,no,9,9
2025-05-21T19:03:26.574954,KXBTCD-25MAY2123-T109499.99,DELTA,75,24,83,1000,368,yes,76,-100
2025-05-21T19:03:26.704041,KXBTCD-25MAY2123-T109499.99,DELTA,75,24,83,1000,369,no,9,-9
2025-05-21T19:03:27.339011,KXBTCD-25MAY2123-T109499.99,DELTA,76,100,83,1000,370,yes,76,100
2025-05-21T19:03:28.916532,KXBTCD-25MAY2123-T109499.99,DELTA,76,100,83,1000,371,yes,51,-1000
2025-05-21T19:03:28.979767,KXBTCD-25MAY2123-T109499.99,DELTA,77,1000,83,1000,372,yes,77,1000
2025-05-21T19:03:29.017352,KXBTCD-25MAY2123-T109499.99,DELTA,76,100,83,1000,373,yes,77,-1000
2025-05-21T19:03:29.099885,KXBTCD-25MAY2123-T109499.99,DELTA,76,1100,83,1000,374,yes,76,1000
2025-05-21T19:03:30.060164,KXBTCD-25MAY2123-T109499.99,DELTA,76,1000,83,1000,375,yes,76,-100
2025-05-21T19:03:30.117404,KXBTCD-25MAY2123-T109499.99,DELTA,75,24,83,1000,376,yes,76,-1000
2025-05-21T19:03:30.179105,KXBTCD-25MAY2123-T109499.99,DELTA,75,24,83,1000,377,yes,58,-9
2025-05-21T19:03:30.180206,KXBTCD-25MAY2123-T109499.99,DELTA,75,24,83,1000,378,yes,51,1000
2025-05-21T19:03:30.898818,KXBTCD-25MAY2123-T109499.99,DELTA,77,100,83,1000,379,yes,77,100
2025-05-21T19:03:30.998071,KXBTCD-25MAY2123-T109499.99,DELTA,77,100,83,1000,380,yes,58,9
2025-05-21T19:03:44.318328,KXBTCD-25MAY2123-T109499.99,DELTA,77,100,83,1000,381,yes,51,-1000
2025-05-21T19:03:44.359910,KXBTCD-25MAY2123-T109499.99,DELTA,77,1100,83,1000,382,yes,77,1000
2025-05-21T19:03:45.057718,KXBTCD-25MAY2123-T109499.99,DELTA,77,1000,83,1000,383,yes,77,-100
2025-05-21T19:03:45.077686,KXBTCD-25MAY2123-T109499.99,DELTA,77,1000,83,1000,384,no,16,-100
2025-05-21T19:03:45.118471,KXBTCD-25MAY2123-T109499.99,DELTA,75,24,83,1000,385,yes,77,-1000
2025-05-21T19:03:45.138321,KXBTCD-25MAY2123-T109499.99,DELTA,75,24,92,24,386,no,17,-1000
2025-05-21T19:03:45.160177,KXBTCD-25MAY2123-T109499.99,DELTA,75,24,92,24,387,yes,51,1000
2025-05-21T19:03:45.200348,KXBTCD-25MAY2123-T109499.99,DELTA,75,24,92,24,388,yes,58,-9
2025-05-21T19:03:46.236650,KXBTCD-25MAY2123-T109499.99,DELTA,77,100,92,24,389,yes,77,100
2025-05-21T19:03:46.257908,KXBTCD-25MAY2123-T109499.99,DELTA,77,100,85,100,390,no,15,100
2025-05-21T19:03:46.317329,KXBTCD-25MAY2123-T109499.99,DELTA,77,100,84,1000,391,no,16,1000
2025-05-21T19:03:46.318162,KXBTCD-25MAY2123-T109499.99,DELTA,77,100,84,1000,392,yes,51,-1000
2025-05-21T19:03:46.357263,KXBTCD-25MAY2123-T109499.99,DELTA,77,1100,84,1000,393,yes,77,1000
2025-05-21T19:03:46.378220,KXBTCD-25MAY2123-T109499.99,DELTA,77,1100,84,1000,394,no,4,9
2025-05-21T19:03:46.378908,KXBTCD-25MAY2123-T109499.99,DELTA,77,1100,84,1000,395,yes,58,9
2025-05-21T19:03:48.319067,KXBTCD-25MAY2123-T109499.99,DELTA,77,1100,84,1000,396,yes,76,24
2025-05-21T19:03:48.320222,KXBTCD-25MAY2123-T109499.99,DELTA,77,1100,84,1000,397,yes,75,-24
2025-05-21T19:03:48.338977,KXBTCD-25MAY2123-T109499.99,DELTA,77,1100,84,1000,398,no,8,-24
2025-05-21T19:03:48.339648,KXBTCD-25MAY2123-T109499.99,DELTA,77,1100,84,1000,399,no,6,24
2025-05-21T19:03:48.437393,KXBTCD-25MAY2123-T109499.99,DELTA,77,1100,84,1000,400,yes,58,-9
2025-05-21T19:03:48.457559,KXBTCD-25MAY2123-T109499.99,DELTA,77,1100,84,1000,401,no,4,-9
2025-05-21T19:03:49.276550,KXBTCD-25MAY2123-T109499.99,DELTA,77,1000,84,1000,402,yes,77,-100
2025-05-21T19:03:49.359184,KXBTCD-25MAY2123-T109499.99,DELTA,76,24,84,1000,403,yes,77,-1000
2025-05-21T19:03:49.397350,KXBTCD-25MAY2123-T109499.99,DELTA,76,24,84,1000,404,yes,51,1000
2025-05-21T19:03:50.416344,KXBTCD-25MAY2123-T109499.99,DELTA,77,100,84,1000,405,yes,77,100
2025-05-21T19:03:50.476739,KXBTCD-25MAY2123-T109499.99,DELTA,77,100,84,1000,406,yes,51,-1000
2025-05-21T19:03:50.517260,KXBTCD-25MAY2123-T109499.99,DELTA,77,1100,84,1000,407,yes,77,1000
2025-05-21T19:03:50.537602,KXBTCD-25MAY2123-T109499.99,DELTA,77,1100,84,1000,408,yes,58,9
2025-05-21T19:03:51.298234,KXBTCD-25MAY2123-T109499.99,DELTA,77,1000,84,1000,409,yes,77,-100
2025-05-21T19:03:51.372078,KXBTCD-25MAY2123-T109499.99,DELTA,76,24,84,1000,410,yes,77,-1000
2025-05-21T19:03:51.397262,KXBTCD-25MAY2123-T109499.99,DELTA,76,24,84,1000,411,yes,51,1000
2025-05-21T19:03:51.417589,KXBTCD-25MAY2123-T109499.99,DELTA,76,24,84,1000,412,yes,58,-9
2025-05-21T19:03:52.257237,KXBTCD-25MAY2123-T109499.99,DELTA,78,100,84,1000,413,yes,78,100
2025-05-21T19:03:52.357772,KXBTCD-25MAY2123-T109499.99,DELTA,78,100,84,1000,414,yes,58,9
2025-05-21T19:03:54.318395,KXBTCD-25MAY2123-T109499.99,DELTA,76,24,84,1000,415,yes,78,-100
2025-05-21T19:03:54.337890,KXBTCD-25MAY2123-T109499.99,DELTA,76,24,84,1000,416,no,15,-100
2025-05-21T19:03:54.419870,KXBTCD-25MAY2123-T109499.99,DELTA,76,24,94,24,417,no,16,-1000
2025-05-21T19:03:55.335990,KXBTCD-25MAY2123-T109499.99,DELTA,79,100,94,24,418,yes,79,100
2025-05-21T19:03:55.342272,KXBTCD-25MAY2123-T109499.99,DELTA,79,100,87,100,419,no,13,100
2025-05-21T19:03:55.455521,KXBTCD-25MAY2123-T109499.99,DELTA,79,100,86,1000,420,no,14,1000
2025-05-21T19:03:55.460433,KXBTCD-25MAY2123-T109499.99,DELTA,79,100,86,1000,421,no,13,-100
2025-05-21T19:03:55.538144,KXBTCD-25MAY2123-T109499.99,DELTA,79,100,94,24,422,no,14,-1000
2025-05-21T19:03:56.318608,KXBTCD-25MAY2123-T109499.99,DELTA,79,100,87,100,423,no,13,100
2025-05-21T19:03:56.377447,KXBTCD-25MAY2123-T109499.99,DELTA,79,100,86,1000,424,no,14,1000
2025-05-21T19:03:56.437284,KXBTCD-25MAY2123-T109499.99,DELTA,79,100,86,1000,425,no,7,9
2025-05-21T19:03:56.482760,KXBTCD-25MAY2123-T109499.99,DELTA,79,100,86,1000,426,no,13,-100
2025-05-21T19:03:56.542329,KXBTCD-25MAY2123-T109499.99,DELTA,79,100,93,9,427,no,14,-1000
2025-05-21T19:03:57.647765,KXBTCD-25MAY2123-T109499.99,DELTA,79,100,87,100,428,no,13,100
2025-05-21T19:03:57.705002,KXBTCD-25MAY2123-T109499.99,DELTA,79,100,86,1000,429,no,14,1000
2025-05-21T19:03:58.521695,KXBTCD-25MAY2123-T109499.99,DELTA,79,100,86,1000,430,no,13,-100
2025-05-21T19:03:58.600546,KXBTCD-25MAY2123-T109499.99,DELTA,79,100,93,9,431,no,14,-1000
2025-05-21T19:03:58.641462,KXBTCD-25MAY2123-T109499.99,DELTA,79,100,94,24,432,no,7,-9
2025-05-21T19:03:59.321086,KXBTCD-25MAY2123-T109499.99,DELTA,79,100,87,100,433,no,13,100
2025-05-21T19:03:59.378628,KXBTCD-25MAY2123-T109499.99,DELTA,79,100,86,1000,434,no,14,1000
2025-05-21T19:03:59.519032,KXBTCD-25MAY2123-T109499.99,DELTA,79,100,86,1000,435,no,13,-100
2025-05-21T19:03:59.580569,KXBTCD-25MAY2123-T109499.99,DELTA,79,100,94,24,436,no,14,-1000
2025-05-21T19:03:59.639662,KXBTCD-25MAY2123-T109499.99,DELTA,79,100,93,9,437,no,7,9
2025-05-21T19:04:00.497120,KXBTCD-25MAY2123-T109499.99,DELTA,79,100,86,100,438,no,14,100
2025-05-21T19:04:00.577923,KXBTCD-25MAY2123-T109499.99,DELTA,79,100,85,1000,439,no,15,1000
2025-05-21T19:04:30.477615,KXBTCD-25MAY2123-T109499.99,DELTA,76,24,85,1000,440,yes,79,-100
2025-05-21T19:04:30.617659,KXBTCD-25MAY2123-T109499.99,DELTA,76,24,85,1000,441,no,7,-9
2025-05-21T19:04:32.182950,KXBTCD-25MAY2123-T109499.99,DELTA,78,100,85,1000,442,yes,78,100
2025-05-21T19:04:40.379632,KXBTCD-25MAY2123-T109499.99,DELTA,76,24,85,1000,443,yes,78,-100
2025-05-21T19:04:41.477008,KXBTCD-25MAY2123-T109499.99,DELTA,76,24,85,1000,444,no,14,-100
2025-05-21T19:04:41.537691,KXBTCD-25MAY2123-T109499.99,DELTA,76,24,94,24,445,no,15,-1000
2025-05-21T19:04:41.643179,KXBTCD-25MAY2123-T109499.99,DELTA,80,100,94,24,446,yes,80,100
2025-05-21T19:04:43.498055,KXBTCD-25MAY2123-T109499.99,DELTA,80,100,88,100,447,no,12,100
2025-05-21T19:04:43.557146,KXBTCD-25MAY2123-T109499.99,DELTA,80,100,87,1000,448,no,13,1000
2025-05-21T19:04:43.619563,KXBTCD-25MAY2123-T109499.99,DELTA,80,100,87,1000,449,no,7,9
2025-05-21T19:04:43.960206,KXBTCD-25MAY2123-T109499.99,DELTA,80,100,87,1000,450,no,12,-100
2025-05-21T19:04:44.018509,KXBTCD-25MAY2123-T109499.99,DELTA,80,100,93,9,451,no,13,-1000
2025-05-21T19:04:45.398011,KXBTCD-25MAY2123-T109499.99,DELTA,80,100,87,100,452,no,13,100
2025-05-21T19:04:45.456976,KXBTCD-25MAY2123-T109499.99,DELTA,80,100,86,1000,453,no,14,1000
2025-05-21T19:04:50.599069,KXBTCD-25MAY2123-T109499.99,DELTA,80,100,86,1000,454,yes,78,24
2025-05-21T19:04:50.599858,KXBTCD-25MAY2123-T109499.99,DELTA,80,100,86,1000,455,yes,76,-24
2025-05-21T19:04:50.600581,KXBTCD-25MAY2123-T109499.99,DELTA,80,100,86,1000,456,no,5,24
2025-05-21T19:04:50.601229,KXBTCD-25MAY2123-T109499.99,DELTA,80,100,86,1000,457,no,6,-24
2025-05-21T19:04:50.698103,KXBTCD-25MAY2123-T109499.99,DELTA,80,100,86,1000,458,no,7,-9
2025-05-21T19:05:01.580215,KXBTCD-25MAY2123-T109499.99,DELTA,80,100,86,1000,459,no,6,250
2025-05-21T19:05:01.597750,KXBTCD-25MAY2123-T109499.99,DELTA,80,100,86,1000,460,no,8,250
2025-05-21T19:05:01.598606,KXBTCD-25MAY2123-T109499.99,DELTA,80,100,86,1000,461,yes,74,250
2025-05-21T19:05:01.599243,KXBTCD-25MAY2123-T109499.99,DELTA,80,100,86,1000,462,no,2,250
2025-05-21T19:05:01.617068,KXBTCD-25MAY2123-T109499.99,DELTA,80,100,86,1000,463,yes,72,250
2025-05-21T19:05:01.618035,KXBTCD-25MAY2123-T109499.99,DELTA,80,100,86,1000,464,no,4,250
2025-05-21T19:05:01.639212,KXBTCD-25MAY2123-T109499.99,DELTA,80,100,86,1000,465,yes,70,250
2025-05-21T19:05:01.640067,KXBTCD-25MAY2123-T109499.99,DELTA,80,100,86,1000,466,yes,68,250
2025-05-21T19:05:01.658536,KXBTCD-25MAY2123-T109499.99,DELTA,80,100,86,1000,467,yes,66,250
2025-05-21T19:05:01.796717,KXBTCD-25MAY2123-T109499.99,DELTA,80,100,86,1000,468,yes,74,1250
2025-05-21T19:05:01.838687,KXBTCD-25MAY2123-T109499.99,DELTA,80,100,86,1000,469,yes,51,-2000
2025-05-21T19:05:01.862216,KXBTCD-25MAY2123-T109499.99,DELTA,80,100,86,1000,470,yes,51,-1000
2025-05-21T19:05:02.091430,KXBTCD-25MAY2123-T109499.99,DELTA,80,100,86,1000,471,yes,75,1000
2025-05-21T19:05:02.092537,KXBTCD-25MAY2123-T109499.99,DELTA,80,100,86,1000,472,no,9,2000
2025-05-21T19:05:02.368935,KXBTCD-25MAY2123-T109499.99,DELTA,80,100,86,1000,473,yes,74,2000
2025-05-21T19:05:02.469738,KXBTCD-25MAY2123-T109499.99,DELTA,80,100,86,1000,474,yes,58,-9
2025-05-21T19:05:02.677715,KXBTCD-25MAY2123-T109499.99,DELTA,80,100,86,1000,475,yes,74,-2000
2025-05-21T19:05:02.677955,KXBTCD-25MAY2123-T109499.99,DELTA,80,100,86,1000,476,yes,74,-1250
2025-05-21T19:05:02.701318,KXBTCD-25MAY2123-T109499.99,DELTA,80,100,86,1000,477,yes,66,-250
2025-05-21T19:05:02.716941,KXBTCD-25MAY2123-T109499.99,DELTA,80,100,86,1000,478,yes,75,1250
2025-05-21T19:05:02.779513,KXBTCD-25MAY2123-T109499.99,DELTA,80,100,86,1000,479,yes,76,250
2025-05-21T19:05:02.907857,KXBTCD-25MAY2123-T109499.99,DELTA,80,100,86,1000,480,yes,75,2000
2025-05-21T19:05:02.977858,KXBTCD-25MAY2123-T109499.99,DELTA,80,100,86,1000,481,yes,76,9
2025-05-21T19:05:03.037220,KXBTCD-25MAY2123-T109499.99,DELTA,80,100,86,1000,482,no,9,1250
2025-05-21T19:05:03.184183,KXBTCD-25MAY2123-T109499.99,DELTA,80,100,86,1000,483,yes,75,-1000
2025-05-21T19:05:03.184854,KXBTCD-25MAY2123-T109499.99,DELTA,80,100,86,1000,484,yes,75,-1250
2025-05-21T19:05:03.336354,KXBTCD-25MAY2123-T109499.99,DELTA,80,100,86,1000,485,yes,76,1250
2025-05-21T19:05:03.497171,KXBTCD-25MAY2123-T109499.99,DELTA,80,100,86,1000,486,yes,77,1000
2025-05-21T19:05:03.578356,KXBTCD-25MAY2123-T109499.99,DELTA,80,100,86,1000,487,yes,78,250
2025-05-21T19:05:03.579091,KXBTCD-25MAY2123-T109499.99,DELTA,80,100,86,1000,488,yes,76,-9
2025-05-21T19:05:03.639113,KXBTCD-25MAY2123-T109499.99,DELTA,80,100,86,1000,489,no,13,-100
2025-05-21T19:05:03.677083,KXBTCD-25MAY2123-T109499.99,DELTA,80,100,86,1000,490,yes,68,-250
2025-05-21T19:05:03.718872,KXBTCD-25MAY2123-T109499.99,DELTA,80,100,86,1000,491,yes,76,-1250
2025-05-21T19:05:03.719930,KXBTCD-25MAY2123-T109499.99,DELTA,80,100,86,1000,492,yes,75,-2000
2025-05-21T19:05:03.777805,KXBTCD-25MAY2123-T109499.99,DELTA,80,100,86,1000,493,yes,75,2000
2025-05-21T19:05:03.797012,KXBTCD-25MAY2123-T109499.99,DELTA,80,100,86,1000,494,yes,75,1250
2025-05-21T19:05:03.899761,KXBTCD-25MAY2123-T109499.99,DELTA,80,100,86,1000,495,yes,77,-1000
2025-05-21T19:05:03.941916,KXBTCD-25MAY2123-T109499.99,DELTA,80,100,91,3250,496,no,14,-1000
2025-05-21T19:05:03.977544,KXBTCD-25MAY2123-T109499.99,DELTA,80,100,91,4250,497,no,9,1000
2025-05-21T19:05:04.017641,KXBTCD-25MAY2123-T109499.99,DELTA,80,100,91,4250,498,yes,68,250
2025-05-21T19:05:04.060101,KXBTCD-25MAY2123-T109499.99,DELTA,80,100,91,4250,499,yes,78,1000
2025-05-21T19:05:04.198034,KXBTCD-25MAY2123-T109499.99,DELTA,80,100,91,4250,500,yes,78,-250
2025-05-21T19:05:04.479519,KXBTCD-25MAY2123-T109499.99,DELTA,80,100,91,4250,501,yes,78,-1000
2025-05-21T19:05:04.517974,KXBTCD-25MAY2123-T109499.99,DELTA,80,100,91,4250,502,yes,77,1000
2025-05-21T19:05:04.557893,KXBTCD-25MAY2123-T109499.99,DELTA,80,100,91,4250,503,yes,78,250
2025-05-21T19:05:04.677046,KXBTCD-25MAY2123-T109499.99,DELTA,80,100,91,4250,504,yes,68,-250
2025-05-21T19:05:04.917416,KXBTCD-25MAY2123-T109499.99,DELTA,80,100,91,4250,505,yes,77,-1000
2025-05-21T19:05:05.017990,KXBTCD-25MAY2123-T109499.99,DELTA,80,100,91,4250,506,yes,78,1000
2025-05-21T19:05:05.358767,KXBTCD-25MAY2123-T109499.99,DELTA,80,100,88,100,507,no,12,100
2025-05-21T19:05:05.558645,KXBTCD-25MAY2123-T109499.99,DELTA,78,1274,88,100,508,yes,80,-100
2025-05-21T19:05:05.837983,KXBTCD-25MAY2123-T109499.99,DELTA,78,1274,88,100,509,no,9,-1000
2025-05-21T19:05:06.178081,KXBTCD-25MAY2123-T109499.99,DELTA,78,1274,87,1000,510,no,13,1000
2025-05-21T19:05:06.439290,KXBTCD-25MAY2123-T109499.99,DELTA,78,1274,87,1000,511,yes,75,-1250
2025-05-21T19:05:06.699364,KXBTCD-25MAY2123-T109499.99,DELTA,78,1274,87,1000,512,yes,76,1250
2025-05-21T19:05:06.798416,KXBTCD-25MAY2123-T109499.99,DELTA,81,100,87,1000,513,yes,81,100
2025-05-21T19:05:07.644490,KXBTCD-25MAY2123-T109499.99,DELTA,81,100,87,1000,514,yes,76,-1250
2025-05-21T19:05:08.317404,KXBTCD-25MAY2123-T109499.99,DELTA,81,100,87,1000,515,yes,75,1250
2025-05-21T19:05:08.817704,KXBTCD-25MAY2123-T109499.99,DELTA,81,100,87,1000,516,yes,75,-2000
2025-05-21T19:05:08.819080,KXBTCD-25MAY2123-T109499.99,DELTA,81,100,87,1000,517,yes,78,-1000
2025-05-21T19:05:08.837910,KXBTCD-25MAY2123-T109499.99,DELTA,81,100,87,1000,518,yes,75,-1250
2025-05-21T19:05:08.903313,KXBTCD-25MAY2123-T109499.99,DELTA,81,100,87,1000,519,yes,79,1000
2025-05-21T19:05:08.904203,KXBTCD-25MAY2123-T109499.99,DELTA,81,100,87,1000,520,yes,76,2000
2025-05-21T19:05:08.904821,KXBTCD-25MAY2123-T109499.99,DELTA,81,100,87,1000,521,yes,76,1250
2025-05-21T19:05:09.364140,KXBTCD-25MAY2123-T109499.99,DELTA,81,100,87,1000,522,yes,76,-1250
2025-05-21T19:05:10.198113,KXBTCD-25MAY2123-T109499.99,DELTA,81,100,87,1000,523,yes,77,1250
2025-05-21T19:05:10.718639,KXBTCD-25MAY2123-T109499.99,DELTA,81,100,87,1000,524,yes,77,-1250
2025-05-21T19:05:11.518491,KXBTCD-25MAY2123-T109499.99,DELTA,81,100,87,1000,525,yes,76,1250
2025-05-21T19:05:11.597259,KXBTCD-25MAY2123-T109499.99,DELTA,81,100,87,1000,526,yes,76,-1250
2025-05-21T19:05:11.658166,KXBTCD-25MAY2123-T109499.99,DELTA,81,100,87,1000,527,yes,77,1250
2025-05-21T19:05:11.938434,KXBTCD-25MAY2123-T109499.99,DELTA,81,100,87,1000,528,yes,77,-1250
2025-05-21T19:05:11.997730,KXBTCD-25MAY2123-T109499.99,DELTA,81,100,87,1000,529,yes,76,1250
2025-05-21T19:05:12.057657,KXBTCD-25MAY2123-T109499.99,DELTA,81,100,87,1000,530,yes,76,-1250
2025-05-21T19:05:12.118618,KXBTCD-25MAY2123-T109499.99,DELTA,81,100,87,1000,531,yes,77,1250
2025-05-21T19:05:12.918352,KXBTCD-25MAY2123-T109499.99,DELTA,81,100,87,1000,532,yes,76,-2000
2025-05-21T19:05:13.257617,KXBTCD-25MAY2123-T109499.99,DELTA,81,100,87,1000,533,yes,77,2000
2025-05-21T19:05:17.300138,KXBTCD-25MAY2123-T109499.99,DELTA,81,100,87,1000,534,no,8,-250
2025-05-21T19:05:17.318080,KXBTCD-25MAY2123-T109499.99,DELTA,81,100,87,1000,535,yes,79,24
2025-05-21T19:05:17.339660,KXBTCD-25MAY2123-T109499.99,DELTA,81,100,87,1000,536,yes,77,-1250
2025-05-21T19:05:17.340498,KXBTCD-25MAY2123-T109499.99,DELTA,81,100,87,1000,537,no,3,24
2025-05-21T19:05:17.357710,KXBTCD-25MAY2123-T109499.99,DELTA,81,100,87,1000,538,yes,78,-24
2025-05-21T19:05:17.359137,KXBTCD-25MAY2123-T109499.99,DELTA,81,100,87,1000,539,no,5,-24
2025-05-21T19:05:17.396807,KXBTCD-25MAY2123-T109499.99,DELTA,81,100,87,1000,540,yes,78,1250
2025-05-21T19:05:17.397663,KXBTCD-25MAY2123-T109499.99,DELTA,81,100,87,1000,541,no,9,-2000
2025-05-21T19:05:17.417198,KXBTCD-25MAY2123-T109499.99,DELTA,81,100,87,1000,542,no,9,-1250
2025-05-21T19:05:17.438132,KXBTCD-25MAY2123-T109499.99,DELTA,81,100,87,1000,543,yes,77,-2000
2025-05-21T19:05:17.458572,KXBTCD-25MAY2123-T109499.99,DELTA,81,100,87,1000,544,yes,79,-1000
2025-05-21T19:05:17.488916,KXBTCD-25MAY2123-T109499.99,DELTA,81,100,87,1000,545,no,2,-3000
2025-05-21T19:05:17.490036,KXBTCD-25MAY2123-T109499.99,DELTA,81,100,87,1000,546,no,7,1250
2025-05-21T19:05:17.540923,KXBTCD-25MAY2123-T109499.99,DELTA,81,1100,87,1000,547,yes,81,1000
2025-05-21T19:05:17.572507,KXBTCD-25MAY2123-T109499.99,DELTA,81,1100,87,1000,548,no,1,3000
2025-05-21T19:05:17.639500,KXBTCD-25MAY2123-T109499.99,DELTA,81,1100,87,1000,549,no,7,2000
2025-05-21T19:05:17.737336,KXBTCD-25MAY2123-T109499.99,DELTA,81,1100,87,1000,550,yes,78,2000
2025-05-21T19:05:17.799239,KXBTCD-25MAY2123-T109499.99,DELTA,81,1100,87,1000,551,yes,78,-1250
2025-05-21T19:05:17.878355,KXBTCD-25MAY2123-T109499.99,DELTA,81,1100,87,1000,552,yes,79,1250
2025-05-21T19:05:18.038432,KXBTCD-25MAY2123-T109499.99,DELTA,81,1100,87,1000,553,no,12,-100
2025-05-21T19:05:18.137222,KXBTCD-25MAY2123-T109499.99,DELTA,81,1100,93,3250,554,no,13,-1000
2025-05-21T19:05:18.178189,KXBTCD-25MAY2123-T109499.99,DELTA,81,1100,93,4250,555,no,7,1000
2025-05-21T19:05:18.277193,KXBTCD-25MAY2123-T109499.99,DELTA,81,1000,93,4250,556,yes,81,-100
2025-05-21T19:05:18.338378,KXBTCD-25MAY2123-T109499.99,DELTA,81,1000,93,4250,557,yes,80,250
2025-05-21T19:05:18.377505,KXBTCD-25MAY2123-T109499.99,DELTA,81,1000,93,4250,558,yes,70,-250
2025-05-21T19:05:19.097352,KXBTCD-25MAY2123-T109499.99,DELTA,80,250,93,4250,559,yes,81,-1000
2025-05-21T19:05:19.157239,KXBTCD-25MAY2123-T109499.99,DELTA,81,1000,93,4250,560,yes,81,1000
2025-05-21T19:05:19.460010,KXBTCD-25MAY2123-T109499.99,DELTA,82,100,93,4250,561,yes,82,100
2025-05-21T19:05:19.476619,KXBTCD-25MAY2123-T109499.99,DELTA,82,100,91,100,562,no,9,100
2025-05-21T19:05:19.595312,KXBTCD-25MAY2123-T109499.99,DELTA,82,100,91,100,563,no,7,-1000
2025-05-21T19:05:19.696198,KXBTCD-25MAY2123-T109499.99,DELTA,82,100,93,3250,564,no,9,-100
2025-05-21T19:05:19.718217,KXBTCD-25MAY2123-T109499.99,DELTA,82,100,90,1000,565,no,10,1000
2025-05-21T19:05:19.756751,KXBTCD-25MAY2123-T109499.99,DELTA,82,100,93,3250,566,no,10,-1000
2025-05-21T19:05:19.860611,KXBTCD-25MAY2123-T109499.99,DELTA,82,100,93,4250,567,no,7,1000
2025-05-21T19:05:20.316740,KXBTCD-25MAY2123-T109499.99,DELTA,81,1000,93,4250,568,yes,82,-100
2025-05-21T19:05:20.557469,KXBTCD-25MAY2123-T109499.99,DELTA,81,1000,90,100,569,no,10,100
2025-05-21T19:05:20.657409,KXBTCD-25MAY2123-T109499.99,DELTA,81,1000,90,100,570,no,7,-1000
2025-05-21T19:05:20.696961,KXBTCD-25MAY2123-T109499.99,DELTA,81,1000,89,1000,571,no,11,1000
2025-05-21T19:05:21.597895,KXBTCD-25MAY2123-T109499.99,DELTA,82,100,89,1000,572,yes,82,100
2025-05-21T19:05:21.978646,KXBTCD-25MAY2123-T109499.99,DELTA,81,1000,89,1000,573,yes,82,-100
2025-05-21T19:05:22.777207,KXBTCD-25MAY2123-T109499.99,DELTA,81,1000,89,1000,574,yes,78,24
2025-05-21T19:05:22.778893,KXBTCD-25MAY2123-T109499.99,DELTA,81,1000,89,1000,575,no,5,24
2025-05-21T19:05:22.797142,KXBTCD-25MAY2123-T109499.99,DELTA,81,1000,89,1000,576,yes,79,-24
2025-05-21T19:05:22.819271,KXBTCD-25MAY2123-T109499.99,DELTA,81,1000,89,1000,577,no,3,-24
2025-05-21T19:05:22.859797,KXBTCD-25MAY2123-T109499.99,DELTA,82,100,89,1000,578,yes,82,100
2025-05-21T19:05:22.977894,KXBTCD-25MAY2123-T109499.99,DELTA,82,100,89,1000,579,yes,78,-2000
2025-05-21T19:05:22.978588,KXBTCD-25MAY2123-T109499.99,DELTA,82,100,89,1000,580,yes,81,-1000
2025-05-21T19:05:23.017440,KXBTCD-25MAY2123-T109499.99,DELTA,82,100,89,1000,581,no,1,-3000
2025-05-21T19:05:23.039375,KXBTCD-25MAY2123-T109499.99,DELTA,82,100,89,1000,582,yes,79,-1250
2025-05-21T19:05:23.039592,KXBTCD-25MAY2123-T109499.99,DELTA,82,100,89,1000,583,yes,79,2000
2025-05-21T19:05:23.119108,KXBTCD-25MAY2123-T109499.99,DELTA,82,1100,89,1000,584,yes,82,1000
2025-05-21T19:05:23.276916,KXBTCD-25MAY2123-T109499.99,DELTA,82,1100,89,1000,585,yes,80,1250
2025-05-21T19:05:23.999021,KXBTCD-25MAY2123-T109499.99,DELTA,82,1000,89,1000,586,yes,82,-100
2025-05-21T19:05:24.079145,KXBTCD-25MAY2123-T109499.99,DELTA,80,1500,89,1000,587,yes,82,-1000
2025-05-21T19:05:24.117683,KXBTCD-25MAY2123-T109499.99,DELTA,81,1000,89,1000,588,yes,81,1000
2025-05-21T19:05:24.338791,KXBTCD-25MAY2123-T109499.99,DELTA,81,1000,89,1000,589,yes,80,-1250
2025-05-21T19:05:24.397370,KXBTCD-25MAY2123-T109499.99,DELTA,81,1000,89,1000,590,yes,79,1250
2025-05-21T19:05:24.861720,KXBTCD-25MAY2123-T109499.99,DELTA,81,1000,89,1000,591,no,1,3000
2025-05-21T19:05:24.862849,KXBTCD-25MAY2123-T109499.99,DELTA,81,1000,89,1000,592,yes,79,-2000
2025-05-21T19:05:24.917361,KXBTCD-25MAY2123-T109499.99,DELTA,81,1000,89,1000,593,yes,78,2000
2025-05-21T19:05:25.136961,KXBTCD-25MAY2123-T109499.99,DELTA,83,100,89,1000,594,yes,83,100
2025-05-21T19:05:25.859379,KXBTCD-25MAY2123-T109499.99,DELTA,83,100,89,1000,595,yes,78,-2000
2025-05-21T19:05:25.898955,KXBTCD-25MAY2123-T109499.99,DELTA,83,100,89,1000,596,yes,79,2000
2025-05-21T19:05:26.129876,KXBTCD-25MAY2123-T109499.99,DELTA,83,100,89,1000,597,yes,79,-2000
2025-05-21T19:05:26.177587,KXBTCD-25MAY2123-T109499.99,DELTA,83,100,89,1000,598,yes,78,2000
2025-05-21T19:05:32.661151,KXBTCD-25MAY2123-T109499.99,DELTA,83,100,89,1000,599,yes,79,-1250
2025-05-21T19:05:32.757391,KXBTCD-25MAY2123-T109499.99,DELTA,83,100,89,1000,600,yes,78,-2000
2025-05-21T19:05:32.758016,KXBTCD-25MAY2123-T109499.99,DELTA,83,100,89,1000,601,yes,78,1250
2025-05-21T19:05:32.777701,KXBTCD-25MAY2123-T109499.99,DELTA,83,100,89,1000,602,yes,81,-1000
2025-05-21T19:05:32.860858,KXBTCD-25MAY2123-T109499.99,DELTA,83,100,89,1000,603,yes,80,1000
2025-05-21T19:05:32.861716,KXBTCD-25MAY2123-T109499.99,DELTA,83,100,89,1000,604,yes,77,2000
2025-05-21T19:05:33.018761,KXBTCD-25MAY2123-T109499.99,DELTA,83,100,89,1000,605,yes,78,-1250
2025-05-21T19:05:33.078634,KXBTCD-25MAY2123-T109499.99,DELTA,83,100,89,1000,606,yes,77,1250
2025-05-21T19:05:33.258244,KXBTCD-25MAY2123-T109499.99,DELTA,83,100,89,1000,607,no,8,250
2025-05-21T19:05:33.317689,KXBTCD-25MAY2123-T109499.99,DELTA,83,100,89,1000,608,no,7,-2000
2025-05-21T19:05:33.337912,KXBTCD-25MAY2123-T109499.99,DELTA,83,100,89,1000,609,no,7,-1250
2025-05-21T19:05:33.339221,KXBTCD-25MAY2123-T109499.99,DELTA,83,100,89,1000,610,yes,80,-250
2025-05-21T19:05:33.339961,KXBTCD-25MAY2123-T109499.99,DELTA,83,100,89,1000,611,yes,70,250
2025-05-21T19:05:33.387569,KXBTCD-25MAY2123-T109499.99,DELTA,80,1000,89,1000,612,yes,83,-100
2025-05-21T19:05:33.388365,KXBTCD-25MAY2123-T109499.99,DELTA,80,1000,89,1000,613,no,9,2000
2025-05-21T19:05:33.388951,KXBTCD-25MAY2123-T109499.99,DELTA,80,1000,89,1000,614,no,9,1250
2025-05-21T19:05:33.389491,KXBTCD-25MAY2123-T109499.99,DELTA,80,1000,89,1000,615,no,10,-100
2025-05-21T19:05:33.417975,KXBTCD-25MAY2123-T109499.99,DELTA,78,274,89,1000,616,yes,80,-1000
2025-05-21T19:05:33.437046,KXBTCD-25MAY2123-T109499.99,DELTA,78,274,91,3250,617,no,11,-1000
2025-05-21T19:05:33.477042,KXBTCD-25MAY2123-T109499.99,DELTA,79,1000,91,3250,618,yes,79,1000
2025-05-21T19:05:33.517474,KXBTCD-25MAY2123-T109499.99,DELTA,79,1000,91,4250,619,no,9,1000
2025-05-21T19:05:34.756399,KXBTCD-25MAY2123-T109499.99,DELTA,80,100,91,4250,620,yes,80,100
2025-05-21T19:05:34.757115,KXBTCD-25MAY2123-T109499.99,DELTA,80,100,88,100,621,no,12,100
2025-05-21T19:05:34.837985,KXBTCD-25MAY2123-T109499.99,DELTA,80,100,88,100,622,yes,79,-1000
2025-05-21T19:05:34.918839,KXBTCD-25MAY2123-T109499.99,DELTA,80,100,88,100,623,no,9,-1000
2025-05-21T19:05:34.918968,KXBTCD-25MAY2123-T109499.99,DELTA,80,1100,88,100,624,yes,80,1000
2025-05-21T19:05:34.957372,KXBTCD-25MAY2123-T109499.99,DELTA,80,1100,87,1000,625,no,13,1000
2025-05-21T19:05:37.160538,KXBTCD-25MAY2123-T109499.99,DELTA,80,1100,87,1000,626,yes,77,-2000
2025-05-21T19:05:37.178013,KXBTCD-25MAY2123-T109499.99,DELTA,80,100,87,1000,627,yes,80,-1000
2025-05-21T19:05:37.178753,KXBTCD-25MAY2123-T109499.99,DELTA,80,100,87,1000,628,yes,77,-1250
2025-05-21T19:05:37.248694,KXBTCD-25MAY2123-T109499.99,DELTA,80,100,87,1000,629,yes,79,1000
2025-05-21T19:05:37.249681,KXBTCD-25MAY2123-T109499.99,DELTA,80,100,87,1000,630,yes,76,2000
2025-05-21T19:05:37.251120,KXBTCD-25MAY2123-T109499.99,DELTA,80,100,87,1000,631,yes,76,1250
2025-05-21T19:05:42.563432,KXBTCD-25MAY2123-T109499.99,DELTA,80,100,87,1000,632,yes,76,-2000
2025-05-21T19:05:42.564359,KXBTCD-25MAY2123-T109499.99,DELTA,80,100,87,1000,633,yes,79,-1000
2025-05-21T19:05:42.565586,KXBTCD-25MAY2123-T109499.99,DELTA,80,100,87,1000,634,yes,76,-1250
2025-05-21T19:05:42.662609,KXBTCD-25MAY2123-T109499.99,DELTA,80,100,87,1000,635,yes,78,1000
2025-05-21T19:05:42.663438,KXBTCD-25MAY2123-T109499.99,DELTA,80,100,87,1000,636,yes,75,2000
2025-05-21T19:05:42.664069,KXBTCD-25MAY2123-T109499.99,DELTA,80,100,87,1000,637,yes,75,1250
2025-05-21T19:05:45.117902,KXBTCD-25MAY2123-T109499.99,DELTA,80,100,87,1000,638,yes,75,-2000
2025-05-21T19:05:45.145327,KXBTCD-25MAY2123-T109499.99,DELTA,80,100,87,1000,639,yes,78,-1000
2025-05-21T19:05:45.146324,KXBTCD-25MAY2123-T109499.99,DELTA,80,100,87,1000,640,yes,75,-1250
2025-05-21T19:05:45.217926,KXBTCD-25MAY2123-T109499.99,DELTA,80,100,87,1000,641,yes,76,1250
2025-05-21T19:05:45.218802,KXBTCD-25MAY2123-T109499.99,DELTA,80,100,87,1000,642,yes,79,1000
2025-05-21T19:05:45.358041,KXBTCD-25MAY2123-T109499.99,DELTA,80,100,87,1000,643,yes,76,2000
2025-05-21T19:05:45.577303,KXBTCD-25MAY2123-T109499.99,DELTA,79,1000,87,1000,644,yes,80,-100
2025-05-21T19:05:47.734269,KXBTCD-25MAY2123-T109499.99,DELTA,81,100,87,1000,645,yes,81,100
2025-05-21T19:05:48.196755,KXBTCD-25MAY2123-T109499.99,DELTA,81,100,87,1000,646,yes,76,-1250
2025-05-21T19:05:48.581323,KXBTCD-25MAY2123-T109499.99,DELTA,81,100,87,1000,647,yes,77,1250
2025-05-21T19:05:49.275772,KXBTCD-25MAY2123-T109499.99,DELTA,81,100,87,1000,648,yes,77,-1250
2025-05-21T19:05:49.500472,KXBTCD-25MAY2123-T109499.99,DELTA,81,100,87,1000,649,yes,76,1250
2025-05-21T19:05:55.378136,KXBTCD-25MAY2123-T109499.99,DELTA,81,100,87,1000,650,no,8,20
2025-05-21T19:05:59.057278,KXBTCD-25MAY2123-T109499.99,DELTA,81,100,87,1000,651,yes,76,-2000
2025-05-21T19:05:59.058758,KXBTCD-25MAY2123-T109499.99,DELTA,81,100,87,1000,652,yes,79,-1000
2025-05-21T19:05:59.098232,KXBTCD-25MAY2123-T109499.99,DELTA,81,100,87,1000,653,yes,75,2000
2025-05-21T19:05:59.098966,KXBTCD-25MAY2123-T109499.99,DELTA,81,100,87,1000,654,yes,78,1000
2025-05-21T19:05:59.317207,KXBTCD-25MAY2123-T109499.99,DELTA,81,100,87,1000,655,yes,75,-2000
2025-05-21T19:05:59.337964,KXBTCD-25MAY2123-T109499.99,DELTA,81,100,87,1000,656,yes,78,-1000
2025-05-21T19:05:59.378041,KXBTCD-25MAY2123-T109499.99,DELTA,81,100,87,1000,657,yes,76,2000
2025-05-21T19:05:59.396890,KXBTCD-25MAY2123-T109499.99,DELTA,81,100,87,1000,658,yes,79,1000
2025-05-21T19:06:00.859095,KXBTCD-25MAY2123-T109499.99,DELTA,81,100,87,1000,659,yes,76,-1250
2025-05-21T19:06:00.918178,KXBTCD-25MAY2123-T109499.99,DELTA,81,100,87,1000,660,yes,77,1250
2025-05-21T19:06:01.277752,KXBTCD-25MAY2123-T109499.99,DELTA,81,100,87,1000,661,yes,80,250
2025-05-21T19:06:01.278726,KXBTCD-25MAY2123-T109499.99,DELTA,81,100,87,1000,662,yes,70,-250
2025-05-21T19:06:01.336261,KXBTCD-25MAY2123-T109499.99,DELTA,81,100,87,1000,663,no,10,250
2025-05-21T19:06:01.416981,KXBTCD-25MAY2123-T109499.99,DELTA,81,100,87,1000,664,no,9,-2000
2025-05-21T19:06:01.439346,KXBTCD-25MAY2123-T109499.99,DELTA,81,100,87,1000,665,no,9,-1250
2025-05-21T19:06:01.497770,KXBTCD-25MAY2123-T109499.99,DELTA,81,100,87,1000,666,no,11,1250
2025-05-21T19:06:01.498900,KXBTCD-25MAY2123-T109499.99,DELTA,81,100,87,1000,667,no,11,2000
2025-05-21T19:06:01.817706,KXBTCD-25MAY2123-T109499.99,DELTA,81,100,87,1000,668,yes,77,-1250
2025-05-21T19:06:01.875804,KXBTCD-25MAY2123-T109499.99,DELTA,81,100,87,1000,669,yes,76,1250
2025-05-21T19:06:04.039382,KXBTCD-25MAY2123-T109499.99,DELTA,81,100,87,1000,670,yes,76,-2000
2025-05-21T19:06:04.058192,KXBTCD-25MAY2123-T109499.99,DELTA,81,100,87,1000,671,yes,79,-1000
2025-05-21T19:06:04.117685,KXBTCD-25MAY2123-T109499.99,DELTA,81,100,87,1000,672,yes,75,2000
2025-05-21T19:06:04.158910,KXBTCD-25MAY2123-T109499.99,DELTA,81,100,87,1000,673,yes,78,1000
2025-05-21T19:06:04.559085,KXBTCD-25MAY2123-T109499.99,DELTA,81,100,87,1000,674,yes,75,-2000
2025-05-21T19:06:04.578437,KXBTCD-25MAY2123-T109499.99,DELTA,81,100,87,1000,675,yes,78,-1000
2025-05-21T19:06:04.637327,KXBTCD-25MAY2123-T109499.99,DELTA,81,100,87,1000,676,yes,76,2000
2025-05-21T19:06:04.637592,KXBTCD-25MAY2123-T109499.99,DELTA,81,100,87,1000,677,yes,79,1000
2025-05-21T19:06:08.558115,KXBTCD-25MAY2123-T109499.99,DELTA,81,100,87,1000,678,yes,76,-2000
2025-05-21T19:06:08.558866,KXBTCD-25MAY2123-T109499.99,DELTA,81,100,87,1000,679,yes,79,-1000
2025-05-21T19:06:08.577726,KXBTCD-25MAY2123-T109499.99,DELTA,81,100,87,1000,680,yes,76,-1250
2025-05-21T19:06:08.697236,KXBTCD-25MAY2123-T109499.99,DELTA,81,100,87,1000,681,yes,77,1000
2025-05-21T19:06:08.697500,KXBTCD-25MAY2123-T109499.99,DELTA,81,100,87,1000,682,yes,74,2000
2025-05-21T19:06:08.697949,KXBTCD-25MAY2123-T109499.99,DELTA,81,100,87,1000,683,yes,74,1250
2025-05-21T19:06:08.876982,KXBTCD-25MAY2123-T109499.99,DELTA,81,100,87,1000,684,yes,70,250
2025-05-21T19:06:08.877624,KXBTCD-25MAY2123-T109499.99,DELTA,81,100,87,1000,685,yes,80,-250
2025-05-21T19:06:08.898656,KXBTCD-25MAY2123-T109499.99,DELTA,81,100,87,1000,686,yes,76,24
2025-05-21T19:06:08.900031,KXBTCD-25MAY2123-T109499.99,DELTA,81,100,87,1000,687,yes,78,-24
2025-05-21T19:06:08.904124,KXBTCD-25MAY2123-T109499.99,DELTA,81,100,87,1000,688,no,5,-24
2025-05-21T19:06:08.904805,KXBTCD-25MAY2123-T109499.99,DELTA,81,100,87,1000,689,no,7,24
2025-05-21T19:06:09.218867,KXBTCD-25MAY2123-T109499.99,DELTA,78,250,87,1000,690,yes,81,-100
2025-05-21T19:06:09.237367,KXBTCD-25MAY2123-T109499.99,DELTA,78,250,87,1000,691,no,12,-100
2025-05-21T19:06:09.270546,KXBTCD-25MAY2123-T109499.99,DELTA,78,250,87,1000,692,no,12,250
2025-05-21T19:06:09.286451,KXBTCD-25MAY2123-T109499.99,DELTA,78,250,87,1000,693,no,4,-250
2025-05-21T19:06:09.301594,KXBTCD-25MAY2123-T109499.99,DELTA,78,250,88,250,694,no,13,-1000
2025-05-21T19:06:09.317402,KXBTCD-25MAY2123-T109499.99,DELTA,78,250,86,250,695,no,14,250
2025-05-21T19:06:09.361226,KXBTCD-25MAY2123-T109499.99,DELTA,78,250,86,250,696,no,2,-250
2025-05-21T19:06:09.361652,KXBTCD-25MAY2123-T109499.99,DELTA,78,250,86,250,697,no,13,1000
2025-05-21T19:06:09.361939,KXBTCD-25MAY2123-T109499.99,DELTA,78,250,86,250,698,no,11,-2000
2025-05-21T19:06:09.362202,KXBTCD-25MAY2123-T109499.99,DELTA,78,250,86,250,699,no,11,-1250
2025-05-21T19:06:09.376303,KXBTCD-25MAY2123-T109499.99,DELTA,78,250,87,1000,700,no,14,-250
2025-05-21T19:06:09.436511,KXBTCD-25MAY2123-T109499.99,DELTA,78,250,86,250,701,no,14,250
2025-05-21T19:06:09.437673,KXBTCD-25MAY2123-T109499.99,DELTA,78,250,85,2000,702,no,15,2000
2025-05-21T19:06:09.438326,KXBTCD-25MAY2123-T109499.99,DELTA,78,250,85,3250,703,no,15,1250
2025-05-21T19:06:09.497593,KXBTCD-25MAY2123-T109499.99,DELTA,78,250,85,3250,704,yes,74,-2000
2025-05-21T19:06:09.498893,KXBTCD-25MAY2123-T109499.99,DELTA,78,250,85,1250,705,no,15,-2000
2025-05-21T19:06:09.499440,KXBTCD-25MAY2123-T109499.99,DELTA,78,250,85,1250,706,yes,77,-1000
2025-05-21T19:06:09.500009,KXBTCD-25MAY2123-T109499.99,DELTA,78,250,86,250,707,no,15,-1250
2025-05-21T19:06:09.522832,KXBTCD-25MAY2123-T109499.99,DELTA,78,250,86,250,708,yes,74,-1250
2025-05-21T19:06:09.523519,KXBTCD-25MAY2123-T109499.99,DELTA,78,250,86,250,709,no,13,-1000
2025-05-21T19:06:09.561497,KXBTCD-25MAY2123-T109499.99,DELTA,78,250,85,1250,710,no,15,1250
2025-05-21T19:06:09.562260,KXBTCD-25MAY2123-T109499.99,DELTA,78,250,85,3250,711,no,15,2000
2025-05-21T19:06:09.562827,KXBTCD-25MAY2123-T109499.99,DELTA,76,274,85,3250,712,yes,78,-250
2025-05-21T19:06:09.563286,KXBTCD-25MAY2123-T109499.99,DELTA,76,274,85,3250,713,yes,68,250
2025-05-21T19:06:09.598007,KXBTCD-25MAY2123-T109499.99,DELTA,76,274,85,3250,714,no,14,-250
2025-05-21T19:06:09.598961,KXBTCD-25MAY2123-T109499.99,DELTA,76,274,85,3250,715,no,4,250
2025-05-21T19:06:09.599775,KXBTCD-25MAY2123-T109499.99,DELTA,76,274,85,4250,716,no,15,1000
2025-05-21T19:06:09.600509,KXBTCD-25MAY2123-T109499.99,DELTA,76,274,85,4250,717,yes,73,1250
2025-05-21T19:06:09.601057,KXBTCD-25MAY2123-T109499.99,DELTA,76,1274,85,4250,718,yes,76,1000
2025-05-21T19:06:09.601766,KXBTCD-25MAY2123-T109499.99,DELTA,76,1274,85,4250,719,yes,73,2000
2025-05-21T19:06:09.653368,KXBTCD-25MAY2123-T109499.99,DELTA,76,1274,85,4250,720,no,4,-250
2025-05-21T19:06:09.664948,KXBTCD-25MAY2123-T109499.99,DELTA,76,1274,85,2250,721,no,15,-2000
2025-05-21T19:06:09.665110,KXBTCD-25MAY2123-T109499.99,DELTA,76,1274,85,1250,722,no,15,-1000
2025-05-21T19:06:09.675857,KXBTCD-25MAY2123-T109499.99,DELTA,76,1274,88,250,723,no,15,-1250
2025-05-21T19:06:09.742267,KXBTCD-25MAY2123-T109499.99,DELTA,76,1274,88,250,724,yes,68,-250
2025-05-21T19:06:09.742423,KXBTCD-25MAY2123-T109499.99,DELTA,78,250,88,250,725,yes,78,250
2025-05-21T19:06:09.742545,KXBTCD-25MAY2123-T109499.99,DELTA,78,250,87,2000,726,no,13,2000
2025-05-21T19:06:09.742662,KXBTCD-25MAY2123-T109499.99,DELTA,78,250,87,3000,727,no,13,1000
2025-05-21T19:06:09.742761,KXBTCD-25MAY2123-T109499.99,DELTA,78,250,87,4250,728,no,13,1250
2025-05-21T19:06:09.743010,KXBTCD-25MAY2123-T109499.99,DELTA,78,250,87,4250,729,no,4,250
2025-05-21T19:06:09.768113,KXBTCD-25MAY2123-T109499.99,DELTA,78,250,87,4250,730,yes,73,-2000
2025-05-21T19:06:09.768284,KXBTCD-25MAY2123-T109499.99,DELTA,78,250,87,4250,731,yes,76,-1000
2025-05-21T19:06:09.777743,KXBTCD-25MAY2123-T109499.99,DELTA,78,250,87,4250,732,yes,73,-1250
2025-05-21T19:06:09.798243,KXBTCD-25MAY2123-T109499.99,DELTA,78,250,86,250,733,no,14,250
2025-05-21T19:06:09.815574,KXBTCD-25MAY2123-T109499.99,DELTA,78,250,86,250,734,no,4,-250
2025-05-21T19:06:09.853337,KXBTCD-25MAY2123-T109499.99,DELTA,78,250,86,250,735,yes,74,2000
2025-05-21T19:06:09.854391,KXBTCD-25MAY2123-T109499.99,DELTA,78,250,86,250,736,yes,77,1000
2025-05-21T19:06:09.855010,KXBTCD-25MAY2123-T109499.99,DELTA,78,250,86,250,737,yes,74,1250
2025-05-21T19:06:09.862883,KXBTCD-25MAY2123-T109499.99,DELTA,78,250,86,250,738,yes,68,250
2025-05-21T19:06:09.863576,KXBTCD-25MAY2123-T109499.99,DELTA,77,1000,86,250,739,yes,78,-250
2025-05-21T19:06:09.864120,KXBTCD-25MAY2123-T109499.99,DELTA,77,1000,86,250,740,no,13,-2000
2025-05-21T19:06:09.864594,KXBTCD-25MAY2123-T109499.99,DELTA,77,1000,86,250,741,no,13,-1000
2025-05-21T19:06:09.875804,KXBTCD-25MAY2123-T109499.99,DELTA,77,1000,86,250,742,no,13,-1250
2025-05-21T19:06:09.915641,KXBTCD-25MAY2123-T109499.99,DELTA,78,250,86,250,743,yes,78,250
2025-05-21T19:06:09.915891,KXBTCD-25MAY2123-T109499.99,DELTA,78,250,85,1250,744,no,15,1250
2025-05-21T19:06:09.916110,KXBTCD-25MAY2123-T109499.99,DELTA,78,250,85,3250,745,no,15,2000
2025-05-21T19:06:09.944842,KXBTCD-25MAY2123-T109499.99,DELTA,78,250,85,4250,746,no,15,1000
2025-05-21T19:06:09.944976,KXBTCD-25MAY2123-T109499.99,DELTA,78,250,85,4250,747,yes,68,-250
2025-05-21T19:06:10.497718,KXBTCD-25MAY2123-T109499.99,DELTA,77,1000,85,4250,748,yes,78,-250
2025-05-21T19:06:10.498618,KXBTCD-25MAY2123-T109499.99,DELTA,77,1000,85,4250,749,yes,68,250
2025-05-21T19:06:10.517060,KXBTCD-25MAY2123-T109499.99,DELTA,77,1000,85,4250,750,yes,74,-2000
2025-05-21T19:06:10.537539,KXBTCD-25MAY2123-T109499.99,DELTA,76,274,85,4250,751,yes,77,-1000
2025-05-21T19:06:10.538200,KXBTCD-25MAY2123-T109499.99,DELTA,76,274,85,4250,752,yes,74,-1250
2025-05-21T19:06:10.599378,KXBTCD-25MAY2123-T109499.99,DELTA,76,274,85,4250,753,yes,66,250
2025-05-21T19:06:10.599566,KXBTCD-25MAY2123-T109499.99,DELTA,76,24,85,4250,754,yes,76,-250
2025-05-21T19:06:10.670465,KXBTCD-25MAY2123-T109499.99,DELTA,76,24,85,4250,755,yes,73,1250
2025-05-21T19:06:10.670586,KXBTCD-25MAY2123-T109499.99,DELTA,76,24,85,4250,756,yes,73,2000
2025-05-21T19:06:10.696418,KXBTCD-25MAY2123-T109499.99,DELTA,76,1024,85,4250,757,yes,76,1000
2025-05-21T19:06:10.739433,KXBTCD-25MAY2123-T109499.99,DELTA,76,24,85,4250,758,yes,76,-1000
2025-05-21T19:06:10.739581,KXBTCD-25MAY2123-T109499.99,DELTA,77,100,85,4250,759,yes,77,100
2025-05-21T19:06:10.758288,KXBTCD-25MAY2123-T109499.99,DELTA,77,100,85,4350,760,no,15,100
2025-05-21T19:06:10.817610,KXBTCD-25MAY2123-T109499.99,DELTA,77,100,85,3350,761,no,15,-1000
2025-05-21T19:06:10.916771,KXBTCD-25MAY2123-T109499.99,DELTA,77,100,85,3350,762,yes,75,1000
2025-05-21T19:06:10.935993,KXBTCD-25MAY2123-T109499.99,DELTA,77,100,84,1000,763,no,16,1000
2025-05-21T19:06:10.956525,KXBTCD-25MAY2123-T109499.99,DELTA,77,100,84,1000,764,yes,73,-2000
2025-05-21T19:06:10.956864,KXBTCD-25MAY2123-T109499.99,DELTA,77,100,84,1000,765,yes,75,-1000
2025-05-21T19:06:10.977493,KXBTCD-25MAY2123-T109499.99,DELTA,77,100,84,1000,766,yes,73,-1250
2025-05-21T19:06:10.997125,KXBTCD-25MAY2123-T109499.99,DELTA,77,100,84,1000,767,yes,66,-250
2025-05-21T19:06:11.016180,KXBTCD-25MAY2123-T109499.99,DELTA,77,100,84,1000,768,yes,76,250
2025-05-21T19:06:11.017170,KXBTCD-25MAY2123-T109499.99,DELTA,77,1100,84,1000,769,yes,77,1000
2025-05-21T19:06:11.018397,KXBTCD-25MAY2123-T109499.99,DELTA,77,1100,84,1000,770,yes,74,1250
2025-05-21T19:06:11.018809,KXBTCD-25MAY2123-T109499.99,DELTA,77,1100,84,1000,771,yes,74,2000
2025-05-21T19:06:11.284731,KXBTCD-25MAY2123-T109499.99,DELTA,77,1100,84,1000,772,yes,68,-250
2025-05-21T19:06:11.285637,KXBTCD-25MAY2123-T109499.99,DELTA,78,250,84,1000,773,yes,78,250
2025-05-21T19:06:15.917895,KXBTCD-25MAY2123-T109499.99,DELTA,78,250,84,1000,774,yes,74,-2000
2025-05-21T19:06:15.919952,KXBTCD-25MAY2123-T109499.99,DELTA,78,250,84,1000,775,yes,77,-1000
2025-05-21T19:06:15.939160,KXBTCD-25MAY2123-T109499.99,DELTA,78,250,84,1000,776,yes,74,-1250
2025-05-21T19:06:15.998562,KXBTCD-25MAY2123-T109499.99,DELTA,78,250,84,1000,777,yes,76,-250
2025-05-21T19:06:15.999415,KXBTCD-25MAY2123-T109499.99,DELTA,78,250,84,1000,778,yes,66,250
2025-05-21T19:06:16.000002,KXBTCD-25MAY2123-T109499.99,DELTA,78,250,84,1000,779,yes,75,1000
2025-05-21T19:06:16.000689,KXBTCD-25MAY2123-T109499.99,DELTA,77,100,84,1000,780,yes,78,-250
2025-05-21T19:06:16.001339,KXBTCD-25MAY2123-T109499.99,DELTA,77,100,84,1000,781,yes,68,250
2025-05-21T19:06:16.001907,KXBTCD-25MAY2123-T109499.99,DELTA,77,100,84,1000,782,yes,72,1250
2025-05-21T19:06:16.002378,KXBTCD-25MAY2123-T109499.99,DELTA,77,100,84,1000,783,yes,72,2000
2025-05-21T19:06:16.058715,KXBTCD-25MAY2123-T109499.99,DELTA,77,100,84,1000,784,yes,76,250
2025-05-21T19:06:16.060332,KXBTCD-25MAY2123-T109499.99,DELTA,77,100,84,1000,785,yes,66,-250
2025-05-21T19:06:16.200994,KXBTCD-25MAY2123-T109499.99,DELTA,77,100,84,1250,786,no,16,250
2025-05-21T19:06:16.201940,KXBTCD-25MAY2123-T109499.99,DELTA,77,100,84,1250,787,no,6,-250
2025-05-21T19:06:16.202520,KXBTCD-25MAY2123-T109499.99,DELTA,77,100,84,1250,788,yes,72,-1250
2025-05-21T19:06:16.281256,KXBTCD-25MAY2123-T109499.99,DELTA,77,100,84,1250,789,yes,71,1250
2025-05-21T19:06:16.283861,KXBTCD-25MAY2123-T109499.99,DELTA,77,100,84,1250,790,no,15,-2000
2025-05-21T19:06:16.284498,KXBTCD-25MAY2123-T109499.99,DELTA,77,100,84,250,791,no,16,-1000
2025-05-21T19:06:16.297215,KXBTCD-25MAY2123-T109499.99,DELTA,77,100,84,250,792,no,15,-1250
2025-05-21T19:06:16.344000,KXBTCD-25MAY2123-T109499.99,DELTA,77,100,83,1000,793,no,17,1000
2025-05-21T19:06:16.344776,KXBTCD-25MAY2123-T109499.99,DELTA,77,100,83,2250,794,no,17,1250
2025-05-21T19:06:16.345337,KXBTCD-25MAY2123-T109499.99,DELTA,77,100,83,4250,795,no,17,2000
2025-05-21T19:06:16.345816,KXBTCD-25MAY2123-T109499.99,DELTA,77,100,83,4250,796,no,15,-100
2025-05-21T19:06:16.578649,KXBTCD-25MAY2123-T109499.99,DELTA,77,100,83,4250,797,yes,75,24
2025-05-21T19:06:16.579503,KXBTCD-25MAY2123-T109499.99,DELTA,77,100,83,4250,798,yes,76,-24
2025-05-21T19:06:16.598453,KXBTCD-25MAY2123-T109499.99,DELTA,77,100,83,4250,799,no,7,-24
2025-05-21T19:06:16.599050,KXBTCD-25MAY2123-T109499.99,DELTA,77,100,83,4250,800,no,8,24
2025-05-21T19:06:17.125302,KXBTCD-25MAY2123-T109499.99,DELTA,77,100,83,4250,801,yes,26,-1246
2025-05-21T19:06:17.437770,KXBTCD-25MAY2123-T109499.99,DELTA,76,250,83,4250,802,yes,77,-100
2025-05-21T19:06:17.477744,KXBTCD-25MAY2123-T109499.99,DELTA,76,250,83,4250,803,yes,72,-2000
2025-05-21T19:06:17.501462,KXBTCD-25MAY2123-T109499.99,DELTA,76,250,83,4250,804,yes,75,-1000
2025-05-21T19:06:17.535759,KXBTCD-25MAY2123-T109499.99,DELTA,76,250,83,4250,805,yes,74,1000
2025-05-21T19:06:17.536325,KXBTCD-25MAY2123-T109499.99,DELTA,76,250,83,4250,806,yes,71,2000
2025-05-21T19:06:17.617590,KXBTCD-25MAY2123-T109499.99,DELTA,76,250,83,4350,807,no,17,100
2025-05-21T19:06:17.677850,KXBTCD-25MAY2123-T109499.99,DELTA,76,250,83,3350,808,no,17,-1000
2025-05-21T19:06:17.718166,KXBTCD-25MAY2123-T109499.99,DELTA,76,250,82,1000,809,no,18,1000
2025-05-21T19:06:18.279205,KXBTCD-25MAY2123-T109499.99,DELTA,76,250,82,1000,810,yes,26,1246
2025-05-21T19:06:18.338880,KXBTCD-25MAY2123-T109499.99,DELTA,76,250,82,1000,811,yes,71,-2000
2025-05-21T19:06:18.342231,KXBTCD-25MAY2123-T109499.99,DELTA,76,250,82,1000,812,yes,74,-1000
2025-05-21T19:06:18.396818,KXBTCD-25MAY2123-T109499.99,DELTA,76,250,82,1000,813,yes,72,2000
2025-05-21T19:06:18.417017,KXBTCD-25MAY2123-T109499.99,DELTA,76,250,82,1000,814,no,17,-100
2025-05-21T19:06:18.457356,KXBTCD-25MAY2123-T109499.99,DELTA,76,250,82,1000,815,yes,75,1000
2025-05-21T19:06:18.496606,KXBTCD-25MAY2123-T109499.99,DELTA,76,250,83,3250,816,no,18,-1000
2025-05-21T19:06:18.541026,KXBTCD-25MAY2123-T109499.99,DELTA,76,250,83,4250,817,no,17,1000
2025-05-21T19:06:18.856570,KXBTCD-25MAY2123-T109499.99,DELTA,76,250,83,4250,818,yes,74,100
2025-05-21T19:06:19.337140,KXBTCD-25MAY2123-T109499.99,DELTA,76,250,83,4250,819,yes,74,-100
2025-05-21T19:06:19.436554,KXBTCD-25MAY2123-T109499.99,DELTA,76,250,83,4350,820,no,17,100
2025-05-21T19:06:19.496690,KXBTCD-25MAY2123-T109499.99,DELTA,76,250,83,3350,821,no,17,-1000
2025-05-21T19:06:19.537107,KXBTCD-25MAY2123-T109499.99,DELTA,76,250,82,1000,822,no,18,1000
2025-05-21T19:06:19.996943,KXBTCD-25MAY2123-T109499.99,DELTA,76,250,82,1000,823,yes,75,100
2025-05-21T19:06:20.957911,KXBTCD-25MAY2123-T109499.99,DELTA,76,250,82,1000,824,yes,72,-2000
2025-05-21T19:06:20.977284,KXBTCD-25MAY2123-T109499.99,DELTA,76,250,82,1000,825,yes,75,-1000
2025-05-21T19:06:21.036695,KXBTCD-25MAY2123-T109499.99,DELTA,76,250,82,1000,826,yes,74,1000
2025-05-21T19:06:21.038004,KXBTCD-25MAY2123-T109499.99,DELTA,76,250,82,1000,827,yes,71,2000
2025-05-21T19:06:21.296961,KXBTCD-25MAY2123-T109499.99,DELTA,76,250,82,1000,828,yes,71,-2000
2025-05-21T19:06:21.298340,KXBTCD-25MAY2123-T109499.99,DELTA,76,250,82,1000,829,yes,74,-1000
2025-05-21T19:06:21.318608,KXBTCD-25MAY2123-T109499.99,DELTA,76,250,82,1000,830,yes,71,-1250
2025-05-21T19:06:21.377973,KXBTCD-25MAY2123-T109499.99,DELTA,76,250,82,1000,831,yes,70,2000
2025-05-21T19:06:21.379209,KXBTCD-25MAY2123-T109499.99,DELTA,76,250,82,1000,832,yes,69,1250
2025-05-21T19:06:21.379745,KXBTCD-25MAY2123-T109499.99,DELTA,76,250,82,1000,833,yes,73,1000
2025-05-21T19:06:21.438108,KXBTCD-25MAY2123-T109499.99,DELTA,76,250,82,1000,834,yes,69,-1250
2025-05-21T19:06:21.477053,KXBTCD-25MAY2123-T109499.99,DELTA,76,250,82,1000,835,yes,70,1250
2025-05-21T19:06:21.598362,KXBTCD-25MAY2123-T109499.99,DELTA,76,250,82,1000,836,yes,70,-2000
2025-05-21T19:06:21.599323,KXBTCD-25MAY2123-T109499.99,DELTA,76,250,82,1000,837,yes,66,250
2025-05-21T19:06:21.599825,KXBTCD-25MAY2123-T109499.99,DELTA,75,124,82,1000,838,yes,76,-250
2025-05-21T19:06:21.600273,KXBTCD-25MAY2123-T109499.99,DELTA,75,124,82,1000,839,yes,73,-1000
2025-05-21T19:06:21.616900,KXBTCD-25MAY2123-T109499.99,DELTA,75,124,82,1000,840,yes,70,-1250
2025-05-21T19:06:21.666134,KXBTCD-25MAY2123-T109499.99,DELTA,75,124,82,1000,841,yes,71,1250
2025-05-21T19:06:21.667230,KXBTCD-25MAY2123-T109499.99,DELTA,75,124,82,1000,842,yes,74,1000
2025-05-21T19:06:21.702192,KXBTCD-25MAY2123-T109499.99,DELTA,75,124,82,1000,843,yes,71,2000
2025-05-21T19:06:22.221140,KXBTCD-25MAY2123-T109499.99,DELTA,75,124,82,1000,844,no,17,-100
2025-05-21T19:06:22.312569,KXBTCD-25MAY2123-T109499.99,DELTA,75,124,83,3250,845,no,18,-1000
2025-05-21T19:06:22.351821,KXBTCD-25MAY2123-T109499.99,DELTA,75,124,83,4250,846,no,17,1000
2025-05-21T19:06:23.341543,KXBTCD-25MAY2123-T109499.99,DELTA,75,124,82,100,847,no,18,100
2025-05-21T19:06:23.396852,KXBTCD-25MAY2123-T109499.99,DELTA,75,124,82,100,848,no,17,-1000
2025-05-21T19:06:23.447422,KXBTCD-25MAY2123-T109499.99,DELTA,75,124,81,1000,849,no,19,1000
2025-05-21T19:06:24.419424,KXBTCD-25MAY2123-T109499.99,DELTA,75,124,81,1000,850,yes,71,-1250
2025-05-21T19:06:24.456288,KXBTCD-25MAY2123-T109499.99,DELTA,75,124,81,1000,851,yes,70,1250
2025-05-21T19:06:25.356986,KXBTCD-25MAY2123-T109499.99,DELTA,75,124,81,1000,852,no,18,250
2025-05-21T19:06:25.376504,KXBTCD-25MAY2123-T109499.99,DELTA,75,124,81,1000,853,no,8,-250
2025-05-21T19:06:25.421025,KXBTCD-25MAY2123-T109499.99,DELTA,75,124,81,1000,854,no,17,-2000
2025-05-21T19:06:25.422198,KXBTCD-25MAY2123-T109499.99,DELTA,75,124,81,1000,855,no,17,-1250
2025-05-21T19:06:25.456676,KXBTCD-25MAY2123-T109499.99,DELTA,75,124,81,1000,856,no,18,2000
2025-05-21T19:06:25.476591,KXBTCD-25MAY2123-T109499.99,DELTA,75,124,81,1000,857,no,18,1250
2025-05-21T19:06:26.800699,KXBTCD-25MAY2123-T109499.99,DELTA,75,124,81,1000,858,yes,70,-1250
2025-05-21T19:06:26.801868,KXBTCD-25MAY2123-T109499.99,DELTA,75,124,81,1000,859,yes,71,1250
2025-05-21T19:06:26.978057,KXBTCD-25MAY2123-T109499.99,DELTA,75,124,81,1000,860,yes,71,-1250
2025-05-21T19:06:27.032784,KXBTCD-25MAY2123-T109499.99,DELTA,75,124,81,1000,861,yes,70,1250
2025-05-21T19:06:27.417611,KXBTCD-25MAY2123-T109499.99,DELTA,75,124,81,1000,862,yes,73,24
2025-05-21T19:06:27.418378,KXBTCD-25MAY2123-T109499.99,DELTA,75,100,81,1000,863,yes,75,-24
2025-05-21T19:06:27.418936,KXBTCD-25MAY2123-T109499.99,DELTA,75,100,81,1000,864,no,10,24
2025-05-21T19:06:27.419592,KXBTCD-25MAY2123-T109499.99,DELTA,75,100,81,1000,865,no,8,-24
2025-05-21T19:06:27.441018,KXBTCD-25MAY2123-T109499.99,DELTA,75,100,81,1000,866,yes,71,-2000
2025-05-21T19:06:27.457329,KXBTCD-25MAY2123-T109499.99,DELTA,75,100,81,1000,867,yes,74,-1000
2025-05-21T19:06:27.458578,KXBTCD-25MAY2123-T109499.99,DELTA,75,100,81,1000,868,no,18,-2000
2025-05-21T19:06:27.516489,KXBTCD-25MAY2123-T109499.99,DELTA,75,100,81,3000,869,no,19,2000
2025-05-21T19:06:27.517561,KXBTCD-25MAY2123-T109499.99,DELTA,75,100,81,3000,870,yes,70,2000
2025-05-21T19:06:27.518718,KXBTCD-25MAY2123-T109499.99,DELTA,75,100,81,3000,871,yes,73,1000
2025-05-21T19:06:27.861163,KXBTCD-25MAY2123-T109499.99,DELTA,75,100,81,3000,872,yes,70,-1250
2025-05-21T19:06:27.880867,KXBTCD-25MAY2123-T109499.99,DELTA,75,100,81,3000,873,no,18,-1250
2025-05-21T19:06:27.917584,KXBTCD-25MAY2123-T109499.99,DELTA,75,100,81,3000,874,yes,69,1250
2025-05-21T19:06:28.036389,KXBTCD-25MAY2123-T109499.99,DELTA,75,100,81,4250,875,no,19,1250
2025-05-21T19:06:28.077701,KXBTCD-25MAY2123-T109499.99,DELTA,75,100,81,4250,876,no,18,-100
2025-05-21T19:06:28.097416,KXBTCD-25MAY2123-T109499.99,DELTA,74,250,81,4250,877,yes,75,-100
2025-05-21T19:06:28.957228,KXBTCD-25MAY2123-T109499.99,DELTA,74,250,81,3000,878,no,19,-1250
2025-05-21T19:06:28.957974,KXBTCD-25MAY2123-T109499.99,DELTA,74,250,81,3000,879,no,18,-250
2025-05-21T19:06:28.979962,KXBTCD-25MAY2123-T109499.99,DELTA,74,250,81,3000,880,no,8,250
2025-05-21T19:06:29.018779,KXBTCD-25MAY2123-T109499.99,DELTA,74,250,81,3000,881,yes,70,-2000
2025-05-21T19:06:29.019553,KXBTCD-25MAY2123-T109499.99,DELTA,74,250,81,3000,882,no,18,1250
2025-05-21T19:06:29.020243,KXBTCD-25MAY2123-T109499.99,DELTA,74,250,81,3000,883,yes,73,-1000
2025-05-21T19:06:29.021029,KXBTCD-25MAY2123-T109499.99,DELTA,74,250,81,2000,884,no,19,-1000
2025-05-21T19:06:29.037276,KXBTCD-25MAY2123-T109499.99,DELTA,74,250,81,2000,885,yes,69,-1250
2025-05-21T19:06:29.037878,KXBTCD-25MAY2123-T109499.99,DELTA,74,250,82,1250,886,no,19,-2000
2025-05-21T19:06:29.077166,KXBTCD-25MAY2123-T109499.99,DELTA,74,250,84,250,887,no,18,-1250
2025-05-21T19:06:29.097184,KXBTCD-25MAY2123-T109499.99,DELTA,73,24,84,250,888,yes,74,-250
2025-05-21T19:06:29.098090,KXBTCD-25MAY2123-T109499.99,DELTA,73,24,83,1000,889,no,17,1000
2025-05-21T19:06:29.098820,KXBTCD-25MAY2123-T109499.99,DELTA,73,24,83,1000,890,yes,64,250
2025-05-21T19:06:29.117789,KXBTCD-25MAY2123-T109499.99,DELTA,73,24,83,1000,891,yes,71,2000
2025-05-21T19:06:29.118482,KXBTCD-25MAY2123-T109499.99,DELTA,74,1000,83,1000,892,yes,74,1000
2025-05-21T19:06:29.119009,KXBTCD-25MAY2123-T109499.99,DELTA,74,1000,83,1000,893,yes,70,1250
2025-05-21T19:06:29.119436,KXBTCD-25MAY2123-T109499.99,DELTA,74,1000,83,1000,894,no,8,-250
2025-05-21T19:06:29.119857,KXBTCD-25MAY2123-T109499.99,DELTA,74,1000,82,250,895,no,18,250
2025-05-21T19:06:29.136046,KXBTCD-25MAY2123-T109499.99,DELTA,74,1000,82,250,896,no,17,2000
2025-05-21T19:06:29.178677,KXBTCD-25MAY2123-T109499.99,DELTA,74,1250,82,250,897,yes,74,250
2025-05-21T19:06:29.179537,KXBTCD-25MAY2123-T109499.99,DELTA,74,1250,82,250,898,yes,64,-250
2025-05-21T19:06:29.180159,KXBTCD-25MAY2123-T109499.99,DELTA,74,1250,83,3000,899,no,18,-250
2025-05-21T19:06:29.319270,KXBTCD-25MAY2123-T109499.99,DELTA,74,1250,83,4250,900,no,17,1250
2025-05-21T19:06:29.459442,KXBTCD-25MAY2123-T109499.99,DELTA,74,250,83,4250,901,yes,74,-1000
2025-05-21T19:06:29.496936,KXBTCD-25MAY2123-T109499.99,DELTA,74,350,83,4250,902,yes,74,100
2025-05-21T19:06:29.497666,KXBTCD-25MAY2123-T109499.99,DELTA,74,350,82,100,903,no,18,100
2025-05-21T19:06:29.516788,KXBTCD-25MAY2123-T109499.99,DELTA,74,1350,82,100,904,yes,74,1000
2025-05-21T19:06:29.557363,KXBTCD-25MAY2123-T109499.99,DELTA,74,1350,82,100,905,no,17,-1000
2025-05-21T19:06:29.617686,KXBTCD-25MAY2123-T109499.99,DELTA,74,1350,81,1000,906,no,19,1000
2025-05-21T19:06:30.176802,KXBTCD-25MAY2123-T109499.99,DELTA,74,1350,81,1000,907,no,8,250
2025-05-21T19:06:30.497058,KXBTCD-25MAY2123-T109499.99,DELTA,74,1250,81,1000,908,yes,74,-100
2025-05-21T19:06:31.158520,KXBTCD-25MAY2123-T109499.99,DELTA,74,1350,81,1000,909,yes,74,100
2025-05-21T19:06:31.417667,KXBTCD-25MAY2123-T109499.99,DELTA,74,1350,81,1000,910,yes,70,-1250
2025-05-21T19:06:31.436426,KXBTCD-25MAY2123-T109499.99,DELTA,74,1250,81,1000,911,yes,74,-100
2025-05-21T19:06:31.458802,KXBTCD-25MAY2123-T109499.99,DELTA,74,1250,81,1000,912,yes,71,1250
2025-05-21T19:06:31.677245,KXBTCD-25MAY2123-T109499.99,DELTA,74,1250,81,1000,913,yes,71,-1250
2025-05-21T19:06:31.716073,KXBTCD-25MAY2123-T109499.99,DELTA,74,1250,81,1000,914,yes,70,1250
2025-05-21T19:06:32.017429,KXBTCD-25MAY2123-T109499.99,DELTA,74,1250,81,1000,915,yes,70,-1250
2025-05-21T19:06:32.076861,KXBTCD-25MAY2123-T109499.99,DELTA,74,1250,81,1000,916,yes,71,1250
2025-05-21T19:06:32.237891,KXBTCD-25MAY2123-T109499.99,DELTA,74,1350,81,1000,917,yes,74,100
2025-05-21T19:06:32.278281,KXBTCD-25MAY2123-T109499.99,DELTA,74,1350,81,1000,918,yes,71,-1250
2025-05-21T19:06:32.317471,KXBTCD-25MAY2123-T109499.99,DELTA,74,1350,81,1000,919,yes,71,1250
2025-05-21T19:06:32.396913,KXBTCD-25MAY2123-T109499.99,DELTA,74,1350,81,1000,920,yes,71,-2000
2025-05-21T19:06:32.397722,KXBTCD-25MAY2123-T109499.99,DELTA,74,350,81,1000,921,yes,74,-1000
2025-05-21T19:06:32.437458,KXBTCD-25MAY2123-T109499.99,DELTA,74,250,81,1000,922,yes,74,-100
2025-05-21T19:06:32.458105,KXBTCD-25MAY2123-T109499.99,DELTA,74,250,81,1000,923,yes,72,2000
2025-05-21T19:06:32.458648,KXBTCD-25MAY2123-T109499.99,DELTA,75,1000,81,1000,924,yes,75,1000
2025-05-21T19:06:33.142209,KXBTCD-25MAY2123-T109499.99,DELTA,75,1000,81,1000,925,yes,73,-24
2025-05-21T19:06:33.142374,KXBTCD-25MAY2123-T109499.99,DELTA,75,1000,81,1000,926,yes,72,-2000
2025-05-21T19:06:33.142475,KXBTCD-25MAY2123-T109499.99,DELTA,75,1024,81,1000,927,yes,75,24
2025-05-21T19:06:33.142557,KXBTCD-25MAY2123-T109499.99,DELTA,75,1024,81,1000,928,no,10,-24
2025-05-21T19:06:33.157029,KXBTCD-25MAY2123-T109499.99,DELTA,75,1024,81,1000,929,no,8,24
2025-05-21T19:06:33.157130,KXBTCD-25MAY2123-T109499.99,DELTA,75,1024,81,1000,930,yes,71,-1250
2025-05-21T19:06:33.157976,KXBTCD-25MAY2123-T109499.99,DELTA,75,1024,81,1000,931,no,17,-2000
2025-05-21T19:06:33.176542,KXBTCD-25MAY2123-T109499.99,DELTA,75,1024,81,1000,932,no,17,-1250
2025-05-21T19:06:33.236733,KXBTCD-25MAY2123-T109499.99,DELTA,75,1024,81,1000,933,no,16,1250
2025-05-21T19:06:33.237189,KXBTCD-25MAY2123-T109499.99,DELTA,75,1024,81,1000,934,no,16,2000
2025-05-21T19:06:33.257018,KXBTCD-25MAY2123-T109499.99,DELTA,75,1024,81,1000,935,yes,73,2000
2025-05-21T19:06:33.257775,KXBTCD-25MAY2123-T109499.99,DELTA,75,1024,81,1000,936,yes,73,1250
2025-05-21T19:06:33.258459,KXBTCD-25MAY2123-T109499.99,DELTA,76,250,81,1000,937,yes,76,250
2025-05-21T19:06:33.296427,KXBTCD-25MAY2123-T109499.99,DELTA,76,250,81,1000,938,yes,66,-250
2025-05-21T19:06:33.396119,KXBTCD-25MAY2123-T109499.99,DELTA,76,250,81,1000,939,yes,75,-1000
2025-05-21T19:06:33.438674,KXBTCD-25MAY2123-T109499.99,DELTA,76,1250,81,1000,940,yes,76,1000
2025-05-21T19:06:33.536988,KXBTCD-25MAY2123-T109499.99,DELTA,76,1250,81,1000,941,no,18,-100
2025-05-21T19:06:33.597762,KXBTCD-25MAY2123-T109499.99,DELTA,76,1250,84,3500,942,no,19,-1000
2025-05-21T19:06:33.639252,KXBTCD-25MAY2123-T109499.99,DELTA,76,1250,83,1000,943,no,17,1000
2025-05-21T19:06:33.859361,KXBTCD-25MAY2123-T109499.99,DELTA,76,1350,83,1000,944,yes,76,100
2025-05-21T19:06:34.797173,KXBTCD-25MAY2123-T109499.99,DELTA,76,1350,83,1000,945,yes,73,-2000
2025-05-21T19:06:34.817751,KXBTCD-25MAY2123-T109499.99,DELTA,76,350,83,1000,946,yes,76,-1000
2025-05-21T19:06:34.818371,KXBTCD-25MAY2123-T109499.99,DELTA,76,350,83,1000,947,yes,73,-1250
2025-05-21T19:06:34.837115,KXBTCD-25MAY2123-T109499.99,DELTA,76,350,83,1000,948,no,16,-2000
2025-05-21T19:06:34.897713,KXBTCD-25MAY2123-T109499.99,DELTA,76,350,83,1000,949,yes,72,1250
2025-05-21T19:06:34.898225,KXBTCD-25MAY2123-T109499.99,DELTA,76,350,83,1000,950,yes,75,1000
2025-05-21T19:06:34.898479,KXBTCD-25MAY2123-T109499.99,DELTA,76,350,83,1000,951,yes,72,2000
2025-05-21T19:06:34.898695,KXBTCD-25MAY2123-T109499.99,DELTA,76,350,83,3000,952,no,17,2000
2025-05-21T19:06:35.041004,KXBTCD-25MAY2123-T109499.99,DELTA,76,350,83,3000,953,no,16,100
2025-05-21T19:06:35.637338,KXBTCD-25MAY2123-T109499.99,DELTA,76,350,83,3000,954,yes,72,-2000
2025-05-21T19:06:35.637963,KXBTCD-25MAY2123-T109499.99,DELTA,76,350,83,3000,955,yes,75,-1000
2025-05-21T19:06:35.657872,KXBTCD-25MAY2123-T109499.99,DELTA,76,350,83,3000,956,yes,72,-1250
2025-05-21T19:06:35.658770,KXBTCD-25MAY2123-T109499.99,DELTA,76,350,83,1000,957,no,17,-2000
2025-05-21T19:06:35.757528,KXBTCD-25MAY2123-T109499.99,DELTA,76,350,83,1000,958,no,16,2000
2025-05-21T19:06:35.758470,KXBTCD-25MAY2123-T109499.99,DELTA,76,350,83,1000,959,yes,73,1250
2025-05-21T19:06:35.759171,KXBTCD-25MAY2123-T109499.99,DELTA,76,1350,83,1000,960,yes,76,1000
2025-05-21T19:06:35.759974,KXBTCD-25MAY2123-T109499.99,DELTA,76,1350,83,1000,961,yes,73,2000
2025-05-21T19:06:37.576237,KXBTCD-25MAY2123-T109499.99,DELTA,76,1350,83,1000,962,yes,73,-2000
2025-05-21T19:06:37.597623,KXBTCD-25MAY2123-T109499.99,DELTA,76,350,83,1000,963,yes,76,-1000
2025-05-21T19:06:37.598755,KXBTCD-25MAY2123-T109499.99,DELTA,76,350,83,1000,964,yes,73,-1250
2025-05-21T19:06:37.617033,KXBTCD-25MAY2123-T109499.99,DELTA,76,350,83,1000,965,no,16,-2000
2025-05-21T19:06:37.618390,KXBTCD-25MAY2123-T109499.99,DELTA,76,350,83,1000,966,no,16,-1250
2025-05-21T19:06:37.676967,KXBTCD-25MAY2123-T109499.99,DELTA,76,350,83,1000,967,yes,74,2000
2025-05-21T19:06:37.677732,KXBTCD-25MAY2123-T109499.99,DELTA,76,350,83,1000,968,yes,74,1250
2025-05-21T19:06:37.678326,KXBTCD-25MAY2123-T109499.99,DELTA,76,350,83,1000,969,no,15,2000
2025-05-21T19:06:37.678819,KXBTCD-25MAY2123-T109499.99,DELTA,76,350,83,1000,970,no,15,1250
2025-05-21T19:06:37.696885,KXBTCD-25MAY2123-T109499.99,DELTA,77,1000,83,1000,971,yes,77,1000
2025-05-21T19:06:38.017479,KXBTCD-25MAY2123-T109499.99,DELTA,77,1000,83,1000,972,no,16,-250
2025-05-21T19:06:38.018454,KXBTCD-25MAY2123-T109499.99,DELTA,77,1000,83,1000,973,no,6,250
2025-05-21T19:06:38.058214,KXBTCD-25MAY2123-T109499.99,DELTA,77,1000,83,1000,974,yes,76,24
2025-05-21T19:06:38.083958,KXBTCD-25MAY2123-T109499.99,DELTA,77,1000,83,1000,975,no,7,24
2025-05-21T19:06:38.084283,KXBTCD-25MAY2123-T109499.99,DELTA,77,1000,83,1000,976,yes,75,-24
2025-05-21T19:06:38.098708,KXBTCD-25MAY2123-T109499.99,DELTA,77,1000,83,1000,977,no,8,-24
2025-05-21T19:06:38.159087,KXBTCD-25MAY2123-T109499.99,DELTA,77,1000,83,1000,978,yes,68,-250
2025-05-21T19:06:38.196222,KXBTCD-25MAY2123-T109499.99,DELTA,78,250,83,1000,979,yes,78,250
2025-05-21T19:06:38.257227,KXBTCD-25MAY2123-T109499.99,DELTA,78,250,83,1000,980,yes,74,-2000
2025-05-21T19:06:38.276525,KXBTCD-25MAY2123-T109499.99,DELTA,78,250,83,1000,981,yes,77,-1000
2025-05-21T19:06:38.277841,KXBTCD-25MAY2123-T109499.99,DELTA,78,250,83,1000,982,yes,74,-1250
2025-05-21T19:06:38.299708,KXBTCD-25MAY2123-T109499.99,DELTA,78,250,83,1000,983,no,15,-2000
2025-05-21T19:06:38.300553,KXBTCD-25MAY2123-T109499.99,DELTA,78,250,83,1000,984,no,15,-1250
2025-05-21T19:06:38.357956,KXBTCD-25MAY2123-T109499.99,DELTA,78,250,84,100,985,no,17,-1000
2025-05-21T19:06:38.379855,KXBTCD-25MAY2123-T109499.99,DELTA,78,250,84,100,986,yes,76,2000
2025-05-21T19:06:38.380233,KXBTCD-25MAY2123-T109499.99,DELTA,78,250,84,100,987,yes,76,1250
2025-05-21T19:06:38.380511,KXBTCD-25MAY2123-T109499.99,DELTA,78,250,84,100,988,no,13,2000
2025-05-21T19:06:38.380788,KXBTCD-25MAY2123-T109499.99,DELTA,79,1000,84,100,989,yes,79,1000
2025-05-21T19:06:38.381062,KXBTCD-25MAY2123-T109499.99,DELTA,79,1000,84,100,990,no,14,1250
2025-05-21T19:06:38.417661,KXBTCD-25MAY2123-T109499.99,DELTA,79,1000,84,100,991,no,14,-250
2025-05-21T19:06:38.418436,KXBTCD-25MAY2123-T109499.99,DELTA,79,1000,84,1100,992,no,16,1000
2025-05-21T19:06:38.419017,KXBTCD-25MAY2123-T109499.99,DELTA,79,1000,84,1100,993,no,4,250
2025-05-21T19:06:38.436764,KXBTCD-25MAY2123-T109499.99,DELTA,79,1000,84,1100,994,no,4,-250
2025-05-21T19:06:38.478574,KXBTCD-25MAY2123-T109499.99,DELTA,79,1000,84,1100,995,no,14,-1250
2025-05-21T19:06:38.479282,KXBTCD-25MAY2123-T109499.99,DELTA,79,1000,84,1100,996,yes,76,-100
2025-05-21T19:06:38.571415,KXBTCD-25MAY2123-T109499.99,DELTA,79,1000,84,1100,997,no,13,1250
2025-05-21T19:06:38.859761,KXBTCD-25MAY2123-T109499.99,DELTA,79,1000,84,1100,998,yes,76,-1250
2025-05-21T19:06:38.918307,KXBTCD-25MAY2123-T109499.99,DELTA,79,1000,84,1100,999,yes,77,1250
2025-05-21T19:06:38.919277,KXBTCD-25MAY2123-T109499.99,DELTA,79,1000,84,1100,1000,yes,76,-2000
2025-05-21T19:06:38.922230,KXBTCD-25MAY2123-T109499.99,DELTA,79,1000,84,1100,1001,no,13,-2000
2025-05-21T19:06:38.940411,KXBTCD-25MAY2123-T109499.99,DELTA,79,1000,84,100,1002,no,16,-1000
2025-05-21T19:06:38.957457,KXBTCD-25MAY2123-T109499.99,DELTA,79,1000,87,1250,1003,no,16,-100
2025-05-21T19:06:39.080117,KXBTCD-25MAY2123-T109499.99,DELTA,79,1000,87,1250,1004,yes,77,2000
2025-05-21T19:06:39.136663,KXBTCD-25MAY2123-T109499.99,DELTA,79,1000,87,1250,1005,no,12,2000
2025-05-21T19:06:39.162762,KXBTCD-25MAY2123-T109499.99,DELTA,79,1000,87,1250,1006,no,4,250
2025-05-21T19:06:39.163845,KXBTCD-25MAY2123-T109499.99,DELTA,79,1000,87,2250,1007,no,13,1000
2025-05-21T19:06:39.177331,KXBTCD-25MAY2123-T109499.99,DELTA,79,1000,87,2250,1008,yes,70,-250
2025-05-21T19:06:39.291800,KXBTCD-25MAY2123-T109499.99,DELTA,80,250,87,2250,1009,yes,80,250
2025-05-21T19:06:39.297352,KXBTCD-25MAY2123-T109499.99,DELTA,80,250,87,2250,1010,yes,77,-2000
2025-05-21T19:06:39.318121,KXBTCD-25MAY2123-T109499.99,DELTA,80,250,87,2250,1011,no,12,-2000
2025-05-21T19:06:39.381352,KXBTCD-25MAY2123-T109499.99,DELTA,80,250,87,2250,1012,yes,76,2000
2025-05-21T19:06:39.382165,KXBTCD-25MAY2123-T109499.99,DELTA,80,250,87,4250,1013,no,13,2000
2025-05-21T19:06:39.716590,KXBTCD-25MAY2123-T109499.99,DELTA,80,250,87,4250,1014,yes,76,-2000
2025-05-21T19:06:39.717795,KXBTCD-25MAY2123-T109499.99,DELTA,80,250,87,4250,1015,yes,79,-1000
2025-05-21T19:06:39.742590,KXBTCD-25MAY2123-T109499.99,DELTA,80,250,87,2250,1016,no,13,-2000
2025-05-21T19:06:39.776268,KXBTCD-25MAY2123-T109499.99,DELTA,80,1250,87,2250,1017,yes,80,1000
2025-05-21T19:06:39.776459,KXBTCD-25MAY2123-T109499.99,DELTA,80,1250,87,2250,1018,yes,77,2000
2025-05-21T19:06:39.776602,KXBTCD-25MAY2123-T109499.99,DELTA,80,1250,87,2250,1019,no,12,2000
2025-05-21T19:06:39.878581,KXBTCD-25MAY2123-T109499.99,DELTA,80,1250,87,2350,1020,no,13,100
2025-05-21T19:06:39.897518,KXBTCD-25MAY2123-T109499.99,DELTA,80,1250,87,2350,1021,yes,79,100
2025-05-21T19:06:39.987825,KXBTCD-25MAY2123-T109499.99,DELTA,80,1250,87,1350,1022,no,13,-1000
2025-05-21T19:06:40.016373,KXBTCD-25MAY2123-T109499.99,DELTA,80,1250,86,1000,1023,no,14,1000
2025-05-21T19:06:40.364057,KXBTCD-25MAY2123-T109499.99,DELTA,80,1250,86,1000,1024,no,13,-100
2025-05-21T19:06:40.440713,KXBTCD-25MAY2123-T109499.99,DELTA,80,1250,87,1250,1025,no,14,-1000
2025-05-21T19:06:40.516670,KXBTCD-25MAY2123-T109499.99,DELTA,80,1250,87,2250,1026,no,13,1000
2025-05-21T19:06:41.060755,KXBTCD-25MAY2123-T109499.99,DELTA,80,1250,87,2250,1027,yes,77,-1250
2025-05-21T19:06:41.061361,KXBTCD-25MAY2123-T109499.99,DELTA,80,1250,87,2250,1028,yes,78,24
2025-05-21T19:06:41.061829,KXBTCD-25MAY2123-T109499.99,DELTA,80,1250,87,2250,1029,yes,76,-24
2025-05-21T19:06:41.062349,KXBTCD-25MAY2123-T109499.99,DELTA,80,1250,87,2250,1030,no,5,24
2025-05-21T19:06:41.062824,KXBTCD-25MAY2123-T109499.99,DELTA,80,1250,87,1000,1031,no,13,-1250
2025-05-21T19:06:41.063244,KXBTCD-25MAY2123-T109499.99,DELTA,80,1250,87,1000,1032,no,7,-24
2025-05-21T19:06:41.077147,KXBTCD-25MAY2123-T109499.99,DELTA,80,1250,87,1000,1033,no,2,250
2025-05-21T19:06:41.097079,KXBTCD-25MAY2123-T109499.99,DELTA,80,1250,87,1000,1034,no,12,-250
2025-05-21T19:06:41.117774,KXBTCD-25MAY2123-T109499.99,DELTA,80,1250,87,1000,1035,no,12,-2000
2025-05-21T19:06:41.138134,KXBTCD-25MAY2123-T109499.99,DELTA,80,1250,87,1000,1036,yes,78,1250
2025-05-21T19:06:41.138778,KXBTCD-25MAY2123-T109499.99,DELTA,80,1250,87,1000,1037,yes,77,-2000
2025-05-21T19:06:41.139262,KXBTCD-25MAY2123-T109499.99,DELTA,80,1250,87,1000,1038,no,12,1250
2025-05-21T19:06:41.156947,KXBTCD-25MAY2123-T109499.99,DELTA,80,250,87,1000,1039,yes,80,-1000
2025-05-21T19:06:41.177534,KXBTCD-25MAY2123-T109499.99,DELTA,80,250,88,1250,1040,no,13,-1000
2025-05-21T19:06:41.178143,KXBTCD-25MAY2123-T109499.99,DELTA,80,250,88,1250,1041,no,11,2000
2025-05-21T19:06:41.197331,KXBTCD-25MAY2123-T109499.99,DELTA,80,250,89,2000,1042,no,12,-1250
2025-05-21T19:06:41.236754,KXBTCD-25MAY2123-T109499.99,DELTA,80,250,89,2000,1043,yes,78,2000
2025-05-21T19:06:41.237561,KXBTCD-25MAY2123-T109499.99,DELTA,81,1000,89,2000,1044,yes,81,1000
2025-05-21T19:06:41.276978,KXBTCD-25MAY2123-T109499.99,DELTA,81,1000,89,3000,1045,no,11,1000
2025-05-21T19:06:41.297938,KXBTCD-25MAY2123-T109499.99,DELTA,82,250,89,3000,1046,yes,82,250
2025-05-21T19:06:41.298543,KXBTCD-25MAY2123-T109499.99,DELTA,82,250,89,4250,1047,no,11,1250
2025-05-21T19:06:41.298977,KXBTCD-25MAY2123-T109499.99,DELTA,82,250,89,4250,1048,yes,72,-250
2025-05-21T19:06:41.457434,KXBTCD-25MAY2123-T109499.99,DELTA,82,250,89,4250,1049,yes,78,-1250
2025-05-21T19:06:41.518124,KXBTCD-25MAY2123-T109499.99,DELTA,82,250,89,4250,1050,yes,79,1250
2025-05-21T19:06:42.152218,KXBTCD-25MAY2123-T109499.99,DELTA,82,250,86,100,1051,no,14,100
2025-05-21T19:06:42.190267,KXBTCD-25MAY2123-T109499.99,DELTA,82,250,86,100,1052,no,11,-1000
2025-05-21T19:06:42.261906,KXBTCD-25MAY2123-T109499.99,DELTA,82,250,86,1100,1053,no,14,1000
2025-05-21T19:06:44.400049,KXBTCD-25MAY2123-T109499.99,DELTA,82,250,86,1100,1054,yes,78,-2000
2025-05-21T19:06:44.417561,KXBTCD-25MAY2123-T109499.99,DELTA,82,250,86,1100,1055,yes,81,-1000
2025-05-21T19:06:44.418721,KXBTCD-25MAY2123-T109499.99,DELTA,82,250,86,1100,1056,no,11,-2000
2025-05-21T19:06:44.444588,KXBTCD-25MAY2123-T109499.99,DELTA,82,250,86,100,1057,no,14,-1000
2025-05-21T19:06:44.497967,KXBTCD-25MAY2123-T109499.99,DELTA,82,250,86,100,1058,yes,79,2000
2025-05-21T19:06:44.498814,KXBTCD-25MAY2123-T109499.99,DELTA,82,250,86,100,1059,no,11,1000
2025-05-21T19:06:44.499474,KXBTCD-25MAY2123-T109499.99,DELTA,82,250,86,100,1060,no,10,2000
2025-05-21T19:06:44.500026,KXBTCD-25MAY2123-T109499.99,DELTA,82,1250,86,100,1061,yes,82,1000
2025-05-21T19:06:44.817424,KXBTCD-25MAY2123-T109499.99,DELTA,82,1250,86,100,1062,yes,79,-2000
2025-05-21T19:06:44.817975,KXBTCD-25MAY2123-T109499.99,DELTA,82,250,86,100,1063,yes,82,-1000
2025-05-21T19:06:44.839403,KXBTCD-25MAY2123-T109499.99,DELTA,82,250,86,100,1064,no,10,-2000
2025-05-21T19:06:44.840556,KXBTCD-25MAY2123-T109499.99,DELTA,82,250,86,100,1065,no,11,-1000
2025-05-21T19:06:44.899237,KXBTCD-25MAY2123-T109499.99,DELTA,82,250,86,100,1066,yes,81,1000
2025-05-21T19:06:44.899837,KXBTCD-25MAY2123-T109499.99,DELTA,82,250,86,1100,1067,no,14,1000
2025-05-21T19:06:44.900183,KXBTCD-25MAY2123-T109499.99,DELTA,82,250,86,1100,1068,yes,78,2000
2025-05-21T19:06:44.900342,KXBTCD-25MAY2123-T109499.99,DELTA,82,250,86,1100,1069,no,11,2000
2025-05-21T19:06:45.217339,KXBTCD-25MAY2123-T109499.99,DELTA,82,250,86,1100,1070,yes,78,-2000
2025-05-21T19:06:45.235975,KXBTCD-25MAY2123-T109499.99,DELTA,82,250,86,1100,1071,yes,81,-1000
2025-05-21T19:06:45.237342,KXBTCD-25MAY2123-T109499.99,DELTA,82,250,86,1100,1072,yes,79,-1250
2025-05-21T19:06:45.256384,KXBTCD-25MAY2123-T109499.99,DELTA,82,250,86,100,1073,no,14,-1000
2025-05-21T19:06:45.336634,KXBTCD-25MAY2123-T109499.99,DELTA,82,250,86,100,1074,yes,77,1250
2025-05-21T19:06:45.338244,KXBTCD-25MAY2123-T109499.99,DELTA,82,250,86,100,1075,yes,77,2000
2025-05-21T19:06:45.338746,KXBTCD-25MAY2123-T109499.99,DELTA,82,250,86,100,1076,yes,80,1000
2025-05-21T19:06:45.339249,KXBTCD-25MAY2123-T109499.99,DELTA,82,250,85,1000,1077,no,15,1000
2025-05-21T19:06:45.838021,KXBTCD-25MAY2123-T109499.99,DELTA,82,250,85,1000,1078,no,14,-100
2025-05-21T19:06:45.857638,KXBTCD-25MAY2123-T109499.99,DELTA,82,250,85,1000,1079,yes,79,-100
2025-05-21T19:06:45.896868,KXBTCD-25MAY2123-T109499.99,DELTA,82,250,89,3250,1080,no,15,-1000
2025-05-21T19:06:45.978191,KXBTCD-25MAY2123-T109499.99,DELTA,82,250,89,4250,1081,no,11,1000
2025-05-21T19:06:47.077703,KXBTCD-25MAY2123-T109499.99,DELTA,82,250,89,4250,1082,yes,77,100
2025-05-21T19:06:47.097647,KXBTCD-25MAY2123-T109499.99,DELTA,82,250,85,100,1083,no,15,100
2025-05-21T19:06:47.156773,KXBTCD-25MAY2123-T109499.99,DELTA,82,250,85,100,1084,no,11,-1000
2025-05-21T19:06:47.177802,KXBTCD-25MAY2123-T109499.99,DELTA,80,1250,85,100,1085,yes,82,-250
2025-05-21T19:06:47.178763,KXBTCD-25MAY2123-T109499.99,DELTA,80,1250,85,100,1086,yes,72,250
2025-05-21T19:06:47.238250,KXBTCD-25MAY2123-T109499.99,DELTA,80,1250,85,100,1087,yes,77,-2000
2025-05-21T19:06:47.238928,KXBTCD-25MAY2123-T109499.99,DELTA,80,250,85,100,1088,yes,80,-1000
