timestamp,market_ticker,type,yes_bid_price_cents,yes_bid_qty,yes_ask_price_cents,yes_ask_qty_on_no_side,sequence_num,delta_side,delta_price_cents,delta_quantity
2025-05-21T14:01:46.877111,KXBTCD-25MAY2118-T108749.99,SNAPSHOT,11,50,14,1250,1,,,
2025-05-21T14:01:47.009216,KXBTCD-25MAY2118-T108749.99,DELTA,11,50,14,1250,2,no,12,-2700
2025-05-21T14:01:47.010202,KXBTCD-25MAY2118-T108749.99,DELTA,11,50,14,1250,3,no,6,5400
2025-05-21T14:01:47.228050,KXBTCD-25MAY2118-T108749.99,DELTA,11,50,14,1250,4,no,5,-20000
2025-05-21T14:01:47.308212,KXBTCD-25MAY2118-T108749.99,DELTA,11,50,14,1250,5,no,71,-9
2025-05-21T14:01:47.386773,KXBTCD-25MAY2118-T108749.99,DELTA,11,50,14,1250,6,no,7,20000
2025-05-21T14:01:51.310585,KXBTCD-25MAY2118-T108749.99,DELTA,11,50,14,1250,7,no,6,-5400
2025-05-21T14:01:51.311599,KXBTCD-25MAY2118-T108749.99,DELTA,11,50,14,1250,8,no,8,4050
2025-05-21T14:01:51.410788,KXBTCD-25MAY2118-T108749.99,DELTA,11,50,14,1250,9,no,7,-20000
2025-05-21T14:01:51.448528,KXBTCD-25MAY2118-T108749.99,DELTA,11,50,14,1250,10,no,9,20000
2025-05-21T14:01:52.391334,KXBTCD-25MAY2118-T108749.99,DELTA,11,50,14,1250,11,no,8,-4050
2025-05-21T14:01:52.391790,KXBTCD-25MAY2118-T108749.99,DELTA,11,50,14,1250,12,no,10,3240
2025-05-21T14:01:52.468559,KXBTCD-25MAY2118-T108749.99,DELTA,11,50,14,1250,13,no,9,-20000
2025-05-21T14:01:52.509859,KXBTCD-25MAY2118-T108749.99,DELTA,11,50,14,1250,14,no,11,20000
2025-05-21T14:01:53.609875,KXBTCD-25MAY2118-T108749.99,DELTA,11,50,14,1250,15,no,10,-3240
2025-05-21T14:01:53.610893,KXBTCD-25MAY2118-T108749.99,DELTA,11,50,14,1250,16,no,12,2700
2025-05-21T14:01:53.690563,KXBTCD-25MAY2118-T108749.99,DELTA,11,50,14,1250,17,no,11,-20000
2025-05-21T14:01:53.729684,KXBTCD-25MAY2118-T108749.99,DELTA,11,50,14,1250,18,no,5,20000
2025-05-21T14:01:54.652430,KXBTCD-25MAY2118-T108749.99,DELTA,11,50,14,1250,19,no,82,-50
2025-05-21T14:01:54.653351,KXBTCD-25MAY2118-T108749.99,DELTA,11,50,14,1250,20,no,81,50
2025-05-21T14:01:54.752284,KXBTCD-25MAY2118-T108749.99,DELTA,11,50,14,1250,21,no,12,-2700
2025-05-21T14:01:54.753304,KXBTCD-25MAY2118-T108749.99,DELTA,11,50,14,1250,22,no,45,720
2025-05-21T14:01:59.092073,KXBTCD-25MAY2118-T108749.99,DELTA,11,50,14,1250,23,yes,1,-24
2025-05-21T14:01:59.092800,KXBTCD-25MAY2118-T108749.99,DELTA,11,50,14,1250,24,yes,3,24
2025-05-21T14:01:59.093328,KXBTCD-25MAY2118-T108749.99,DELTA,11,50,14,1250,25,no,82,-24
2025-05-21T14:01:59.093739,KXBTCD-25MAY2118-T108749.99,DELTA,11,50,14,1250,26,no,80,24
2025-05-21T14:01:59.191242,KXBTCD-25MAY2118-T108749.99,DELTA,11,50,14,1250,27,no,81,-50
2025-05-21T14:01:59.191885,KXBTCD-25MAY2118-T108749.99,DELTA,11,50,14,1250,28,no,80,50
2025-05-21T14:01:59.271397,KXBTCD-25MAY2118-T108749.99,DELTA,11,50,14,1000,29,no,86,-250
2025-05-21T14:01:59.350985,KXBTCD-25MAY2118-T108749.99,DELTA,11,50,14,1000,30,yes,9,-450
2025-05-21T14:01:59.351692,KXBTCD-25MAY2118-T108749.99,DELTA,11,50,14,1000,31,yes,9,-1000
2025-05-21T14:01:59.370411,KXBTCD-25MAY2118-T108749.99,DELTA,11,50,17,100,32,no,86,-1000
2025-05-21T14:01:59.472537,KXBTCD-25MAY2118-T108749.99,DELTA,11,50,17,100,33,yes,10,1000
2025-05-21T14:01:59.473073,KXBTCD-25MAY2118-T108749.99,DELTA,11,50,16,1000,34,no,84,1000
2025-05-21T14:01:59.473449,KXBTCD-25MAY2118-T108749.99,DELTA,11,200,16,1000,35,yes,11,150
2025-05-21T14:01:59.490271,KXBTCD-25MAY2118-T108749.99,DELTA,11,200,15,300,36,no,85,300
2025-05-21T14:01:59.551004,KXBTCD-25MAY2118-T108749.99,DELTA,11,200,15,300,37,no,83,-100
2025-05-21T14:01:59.590565,KXBTCD-25MAY2118-T108749.99,DELTA,11,200,15,300,38,no,84,-1000
2025-05-21T14:01:59.650293,KXBTCD-25MAY2118-T108749.99,DELTA,11,200,15,1300,39,no,85,1000
2025-05-21T14:01:59.851054,KXBTCD-25MAY2118-T108749.99,DELTA,11,200,15,1300,40,yes,10,-100
2025-05-21T14:01:59.950470,KXBTCD-25MAY2118-T108749.99,DELTA,11,200,15,1300,41,yes,10,-1000
2025-05-21T14:02:00.530682,KXBTCD-25MAY2118-T108749.99,DELTA,11,200,15,1300,42,no,81,100
2025-05-21T14:02:01.310724,KXBTCD-25MAY2118-T108749.99,DELTA,11,300,15,1300,43,yes,11,100
2025-05-21T14:02:01.431206,KXBTCD-25MAY2118-T108749.99,DELTA,11,300,15,1300,44,yes,4,9
2025-05-21T14:02:01.771839,KXBTCD-25MAY2118-T108749.99,DELTA,11,300,15,300,45,no,85,-1000
2025-05-21T14:02:01.851479,KXBTCD-25MAY2118-T108749.99,DELTA,11,300,14,1000,46,no,86,1000
2025-05-21T14:02:01.890439,KXBTCD-25MAY2118-T108749.99,DELTA,11,150,14,1000,47,yes,11,-150
2025-05-21T14:02:01.951213,KXBTCD-25MAY2118-T108749.99,DELTA,11,150,14,1000,48,yes,10,500
2025-05-21T14:02:05.331933,KXBTCD-25MAY2118-T108749.99,DELTA,11,50,14,1000,49,yes,11,-100
2025-05-21T14:02:05.451090,KXBTCD-25MAY2118-T108749.99,DELTA,11,50,14,1000,50,yes,4,-9
2025-05-21T14:02:06.641041,KXBTCD-25MAY2118-T108749.99,DELTA,12,100,14,1000,51,yes,12,100
2025-05-21T14:02:06.641859,KXBTCD-25MAY2118-T108749.99,DELTA,12,100,14,1000,52,yes,11,-50
2025-05-21T14:02:06.642345,KXBTCD-25MAY2118-T108749.99,DELTA,13,50,14,1000,53,yes,13,50
2025-05-21T14:02:08.711933,KXBTCD-25MAY2118-T108749.99,DELTA,13,50,14,1000,54,no,80,-50
2025-05-21T14:02:08.712206,KXBTCD-25MAY2118-T108749.99,DELTA,13,50,14,1000,55,no,81,50
2025-05-21T14:02:08.791661,KXBTCD-25MAY2118-T108749.99,DELTA,13,50,14,1000,56,no,51,-2000
2025-05-21T14:02:08.852795,KXBTCD-25MAY2118-T108749.99,DELTA,13,50,14,1000,57,no,82,2000
2025-05-21T14:02:09.032519,KXBTCD-25MAY2118-T108749.99,DELTA,13,50,14,1000,58,yes,10,-500
2025-05-21T14:02:09.112507,KXBTCD-25MAY2118-T108749.99,DELTA,13,50,14,1000,59,yes,10,50
2025-05-21T14:02:09.172884,KXBTCD-25MAY2118-T108749.99,DELTA,13,50,14,1000,60,yes,10,-50
2025-05-21T14:02:09.212620,KXBTCD-25MAY2118-T108749.99,DELTA,13,50,14,1000,61,yes,9,500
2025-05-21T14:02:09.292865,KXBTCD-25MAY2118-T108749.99,DELTA,13,50,14,1000,62,yes,9,1000
2025-05-21T14:02:09.451915,KXBTCD-25MAY2118-T108749.99,DELTA,13,50,14,1000,63,no,81,-100
2025-05-21T14:02:09.452198,KXBTCD-25MAY2118-T108749.99,DELTA,13,50,14,1000,64,yes,12,-100
2025-05-21T14:02:09.531408,KXBTCD-25MAY2118-T108749.99,DELTA,13,50,14,1000,65,no,82,-2000
2025-05-21T14:02:09.572444,KXBTCD-25MAY2118-T108749.99,DELTA,13,50,14,1000,66,no,51,2000
2025-05-21T14:02:11.033448,KXBTCD-25MAY2118-T108749.99,DELTA,13,50,14,1000,67,no,81,100
2025-05-21T14:02:11.033711,KXBTCD-25MAY2118-T108749.99,DELTA,13,50,14,1000,68,yes,10,100
2025-05-21T14:02:11.112651,KXBTCD-25MAY2118-T108749.99,DELTA,13,50,14,1000,69,no,51,-2000
2025-05-21T14:02:11.152768,KXBTCD-25MAY2118-T108749.99,DELTA,13,50,14,1000,70,no,82,2000
2025-05-21T14:02:11.252540,KXBTCD-25MAY2118-T108749.99,DELTA,13,50,14,1000,71,yes,10,-100
2025-05-21T14:02:11.504259,KXBTCD-25MAY2118-T108749.99,DELTA,13,50,14,1000,72,no,81,-100
2025-05-21T14:02:11.551746,KXBTCD-25MAY2118-T108749.99,DELTA,13,50,14,1000,73,no,82,-2000
2025-05-21T14:02:11.592980,KXBTCD-25MAY2118-T108749.99,DELTA,13,50,14,1000,74,no,51,2000
2025-05-21T14:02:11.611742,KXBTCD-25MAY2118-T108749.99,DELTA,9,1500,14,1000,75,yes,13,-50
2025-05-21T14:02:11.611903,KXBTCD-25MAY2118-T108749.99,DELTA,10,50,14,1000,76,yes,10,50
2025-05-21T14:02:12.192398,KXBTCD-25MAY2118-T108749.99,DELTA,11,100,14,1000,77,yes,11,100
2025-05-21T14:02:12.251722,KXBTCD-25MAY2118-T108749.99,DELTA,11,100,14,1000,78,yes,10,-50
2025-05-21T14:02:12.252166,KXBTCD-25MAY2118-T108749.99,DELTA,12,50,14,1000,79,yes,12,50
2025-05-21T14:02:12.772675,KXBTCD-25MAY2118-T108749.99,DELTA,12,50,14,1000,80,no,82,100
2025-05-21T14:02:12.852103,KXBTCD-25MAY2118-T108749.99,DELTA,12,50,14,1000,81,no,45,-720
2025-05-21T14:02:12.852265,KXBTCD-25MAY2118-T108749.99,DELTA,12,50,14,1000,82,no,46,704
2025-05-21T14:02:17.132720,KXBTCD-25MAY2118-T108749.99,DELTA,12,50,14,1000,83,no,85,-300
2025-05-21T14:02:17.172924,KXBTCD-25MAY2118-T108749.99,DELTA,12,50,13,50,84,no,87,50
2025-05-21T14:02:17.213483,KXBTCD-25MAY2118-T108749.99,DELTA,12,50,13,50,85,no,86,-1000
2025-05-21T14:02:17.306417,KXBTCD-25MAY2118-T108749.99,DELTA,12,50,13,50,86,no,83,1000
2025-05-21T14:02:17.312840,KXBTCD-25MAY2118-T108749.99,DELTA,12,50,17,1000,87,no,87,-50
2025-05-21T14:02:17.352062,KXBTCD-25MAY2118-T108749.99,DELTA,12,50,14,500,88,no,86,500
2025-05-21T14:02:17.431656,KXBTCD-25MAY2118-T108749.99,DELTA,12,50,14,500,89,no,83,-1000
2025-05-21T14:02:17.497034,KXBTCD-25MAY2118-T108749.99,DELTA,12,50,14,1500,90,no,86,1000
2025-05-21T14:02:18.012287,KXBTCD-25MAY2118-T108749.99,DELTA,12,50,14,1500,91,no,81,-50
2025-05-21T14:02:18.012509,KXBTCD-25MAY2118-T108749.99,DELTA,12,50,14,1500,92,no,82,50
2025-05-21T14:02:18.093023,KXBTCD-25MAY2118-T108749.99,DELTA,12,50,14,1500,93,no,51,-2000
2025-05-21T14:02:18.152067,KXBTCD-25MAY2118-T108749.99,DELTA,12,50,14,1500,94,no,83,2000
2025-05-21T14:02:48.372880,KXBTCD-25MAY2118-T108749.99,DELTA,12,50,14,1500,95,no,82,-100
2025-05-21T14:02:48.373118,KXBTCD-25MAY2118-T108749.99,DELTA,12,50,14,1500,96,yes,11,-100
2025-05-21T14:02:48.452012,KXBTCD-25MAY2118-T108749.99,DELTA,12,50,14,1500,97,no,83,-2000
2025-05-21T14:02:48.491991,KXBTCD-25MAY2118-T108749.99,DELTA,12,50,14,1500,98,no,51,2000
2025-05-21T14:02:48.593636,KXBTCD-25MAY2118-T108749.99,DELTA,9,1500,14,1500,99,yes,12,-50
2025-05-21T14:02:48.593813,KXBTCD-25MAY2118-T108749.99,DELTA,10,50,14,1500,100,yes,10,50
2025-05-21T14:02:49.292759,KXBTCD-25MAY2118-T108749.99,DELTA,10,50,14,1500,101,yes,9,100
2025-05-21T14:02:49.315522,KXBTCD-25MAY2118-T108749.99,DELTA,10,50,14,1500,102,no,83,100
2025-05-21T14:02:52.853438,KXBTCD-25MAY2118-T108749.99,DELTA,10,49,14,1500,103,yes,10,-1
2025-05-21T14:02:52.912991,KXBTCD-25MAY2118-T108749.99,DELTA,10,49,14,1500,104,no,82,-50
2025-05-21T14:02:52.913174,KXBTCD-25MAY2118-T108749.99,DELTA,9,1600,14,1500,105,yes,10,-49
2025-05-21T14:02:53.133328,KXBTCD-25MAY2118-T108749.99,DELTA,10,50,14,1500,106,yes,10,50
2025-05-21T14:02:53.152450,KXBTCD-25MAY2118-T108749.99,DELTA,10,50,14,1500,107,no,82,50
2025-05-21T14:02:53.173882,KXBTCD-25MAY2118-T108749.99,DELTA,9,1600,14,1500,108,yes,10,-50
2025-05-21T14:02:53.193502,KXBTCD-25MAY2118-T108749.99,DELTA,9,1600,14,1500,109,no,82,-50
2025-05-21T14:02:54.251979,KXBTCD-25MAY2118-T108749.99,DELTA,10,50,14,1500,110,yes,10,50
2025-05-21T14:02:54.292131,KXBTCD-25MAY2118-T108749.99,DELTA,10,50,14,1500,111,no,82,50
2025-05-21T14:02:54.312187,KXBTCD-25MAY2118-T108749.99,DELTA,9,1600,14,1500,112,yes,10,-50
2025-05-21T14:02:54.411955,KXBTCD-25MAY2118-T108749.99,DELTA,9,1600,14,1500,113,no,82,-50
2025-05-21T14:02:55.392643,KXBTCD-25MAY2118-T108749.99,DELTA,10,50,14,1500,114,yes,10,50
2025-05-21T14:02:55.512825,KXBTCD-25MAY2118-T108749.99,DELTA,10,50,14,1500,115,no,82,50
2025-05-21T14:02:55.693238,KXBTCD-25MAY2118-T108749.99,DELTA,10,50,14,1500,116,yes,9,-1000
2025-05-21T14:02:55.712841,KXBTCD-25MAY2118-T108749.99,DELTA,10,50,14,500,117,no,86,-1000
2025-05-21T14:02:55.815380,KXBTCD-25MAY2118-T108749.99,DELTA,10,50,14,500,118,yes,1,24
2025-05-21T14:02:55.815512,KXBTCD-25MAY2118-T108749.99,DELTA,10,50,14,500,119,yes,3,-24
2025-05-21T14:02:56.027011,KXBTCD-25MAY2118-T108749.99,DELTA,10,50,14,500,120,no,80,-24
2025-05-21T14:02:56.027135,KXBTCD-25MAY2118-T108749.99,DELTA,10,50,13,1000,121,no,87,1000
2025-05-21T14:02:56.027845,KXBTCD-25MAY2118-T108749.99,DELTA,10,50,13,1000,122,no,82,24
2025-05-21T14:02:57.094623,KXBTCD-25MAY2118-T108749.99,DELTA,10,50,13,1000,123,yes,9,-500
2025-05-21T14:02:57.292968,KXBTCD-25MAY2118-T108749.99,DELTA,10,50,13,1000,124,yes,4,9
2025-05-21T14:02:57.818074,KXBTCD-25MAY2118-T108749.99,DELTA,10,50,14,500,125,no,87,-1000
2025-05-21T14:02:57.818187,KXBTCD-25MAY2118-T108749.99,DELTA,10,50,14,500,126,yes,9,1000
2025-05-21T14:02:58.296898,KXBTCD-25MAY2118-T108749.99,DELTA,10,50,14,1500,127,no,86,1000
2025-05-21T14:02:58.313347,KXBTCD-25MAY2118-T108749.99,DELTA,10,50,14,1500,128,yes,9,-100
2025-05-21T14:02:58.331786,KXBTCD-25MAY2118-T108749.99,DELTA,10,50,14,1500,129,yes,8,500
2025-05-21T14:02:58.433279,KXBTCD-25MAY2118-T108749.99,DELTA,10,50,14,1500,130,yes,4,-9
2025-05-21T14:02:58.473350,KXBTCD-25MAY2118-T108749.99,DELTA,10,50,14,1500,131,yes,8,-500
2025-05-21T14:02:58.492430,KXBTCD-25MAY2118-T108749.99,DELTA,10,50,14,1000,132,no,86,-500
2025-05-21T14:02:58.611785,KXBTCD-25MAY2118-T108749.99,DELTA,10,50,14,1000,133,no,83,-100
2025-05-21T14:02:58.733138,KXBTCD-25MAY2118-T108749.99,DELTA,10,50,14,1000,134,yes,9,-1000
2025-05-21T14:02:58.733303,KXBTCD-25MAY2118-T108749.99,DELTA,10,50,18,74,135,no,86,-1000
2025-05-21T14:02:58.804737,KXBTCD-25MAY2118-T108749.99,DELTA,12,300,18,74,136,yes,12,300
2025-05-21T14:02:58.804857,KXBTCD-25MAY2118-T108749.99,DELTA,12,300,16,150,137,no,84,150
2025-05-21T14:02:58.807622,KXBTCD-25MAY2118-T108749.99,DELTA,12,300,16,150,138,yes,10,-50
2025-05-21T14:02:58.807696,KXBTCD-25MAY2118-T108749.99,DELTA,13,50,16,150,139,yes,13,50
2025-05-21T14:02:58.853994,KXBTCD-25MAY2118-T108749.99,DELTA,13,50,16,150,140,no,83,1000
2025-05-21T14:02:58.972596,KXBTCD-25MAY2118-T108749.99,DELTA,13,50,16,150,141,no,83,-1000
2025-05-21T14:02:59.092821,KXBTCD-25MAY2118-T108749.99,DELTA,13,50,15,1000,142,no,85,1000
2025-05-21T14:02:59.113063,KXBTCD-25MAY2118-T108749.99,DELTA,13,50,15,1000,143,yes,10,100
2025-05-21T14:02:59.213528,KXBTCD-25MAY2118-T108749.99,DELTA,13,50,15,1000,144,yes,4,9
2025-05-21T14:02:59.693023,KXBTCD-25MAY2118-T108749.99,DELTA,13,50,15,1000,145,yes,10,1000
2025-05-21T14:02:59.794401,KXBTCD-25MAY2118-T108749.99,DELTA,13,50,15,1000,146,no,82,100
2025-05-21T14:02:59.953515,KXBTCD-25MAY2118-T108749.99,DELTA,13,50,15,1000,147,no,51,-2000
2025-05-21T14:03:00.055349,KXBTCD-25MAY2118-T108749.99,DELTA,13,50,15,1000,148,yes,4,-9
2025-05-21T14:03:00.092909,KXBTCD-25MAY2118-T108749.99,DELTA,13,50,15,1000,149,no,82,2000
2025-05-21T14:03:04.134290,KXBTCD-25MAY2118-T108749.99,DELTA,13,50,15,1000,150,yes,10,-1000
2025-05-21T14:03:04.134742,KXBTCD-25MAY2118-T108749.99,DELTA,13,50,15,1000,151,no,82,-2000
2025-05-21T14:03:04.273154,KXBTCD-25MAY2118-T108749.99,DELTA,13,50,15,1000,152,yes,4,9
2025-05-21T14:03:04.273491,KXBTCD-25MAY2118-T108749.99,DELTA,13,50,15,1000,153,no,83,2000
2025-05-21T14:03:04.332131,KXBTCD-25MAY2118-T108749.99,DELTA,13,50,15,1000,154,yes,12,-300
2025-05-21T14:03:04.353790,KXBTCD-25MAY2118-T108749.99,DELTA,13,50,15,1000,155,no,84,-150
2025-05-21T14:03:04.553488,KXBTCD-25MAY2118-T108749.99,DELTA,13,50,17,2000,156,no,85,-1000
2025-05-21T14:03:04.553950,KXBTCD-25MAY2118-T108749.99,DELTA,13,50,17,2000,157,yes,12,50
2025-05-21T14:03:04.572124,KXBTCD-25MAY2118-T108749.99,DELTA,13,50,16,350,158,no,84,350
2025-05-21T14:03:04.673707,KXBTCD-25MAY2118-T108749.99,DELTA,13,50,16,350,159,no,83,1000
2025-05-21T14:03:04.711951,KXBTCD-25MAY2118-T108749.99,DELTA,13,50,16,1600,160,no,84,1250
2025-05-21T14:03:04.833385,KXBTCD-25MAY2118-T108749.99,DELTA,13,50,16,1600,161,no,83,-1000
2025-05-21T14:03:04.953473,KXBTCD-25MAY2118-T108749.99,DELTA,13,50,15,1000,162,no,85,1000
2025-05-21T14:03:07.223265,KXBTCD-25MAY2118-T108749.99,DELTA,13,50,15,1000,163,yes,12,-50
2025-05-21T14:03:07.283142,KXBTCD-25MAY2118-T108749.99,DELTA,13,50,15,1000,164,yes,12,150
2025-05-21T14:03:08.933897,KXBTCD-25MAY2118-T108749.99,DELTA,13,50,15,1000,165,yes,10,1000
2025-05-21T14:03:08.934048,KXBTCD-25MAY2118-T108749.99,DELTA,13,50,15,1000,166,no,83,-2000
2025-05-21T14:03:08.934133,KXBTCD-25MAY2118-T108749.99,DELTA,13,50,15,1000,167,yes,12,-150
2025-05-21T14:03:08.934206,KXBTCD-25MAY2118-T108749.99,DELTA,13,50,15,1000,168,no,84,-1250
2025-05-21T14:03:09.053947,KXBTCD-25MAY2118-T108749.99,DELTA,13,50,15,1000,169,yes,4,-9
2025-05-21T14:03:09.094641,KXBTCD-25MAY2118-T108749.99,DELTA,10,1100,15,1000,170,yes,13,-50
2025-05-21T14:03:09.094832,KXBTCD-25MAY2118-T108749.99,DELTA,11,50,15,1000,171,yes,11,50
2025-05-21T14:03:09.094916,KXBTCD-25MAY2118-T108749.99,DELTA,11,50,15,1000,172,no,84,-350
2025-05-21T14:03:09.114986,KXBTCD-25MAY2118-T108749.99,DELTA,11,50,15,1000,173,no,82,2000
2025-05-21T14:03:09.134021,KXBTCD-25MAY2118-T108749.99,DELTA,11,50,15,1000,174,no,82,-50
2025-05-21T14:03:09.134115,KXBTCD-25MAY2118-T108749.99,DELTA,11,50,15,1000,175,no,81,50
2025-05-21T14:03:09.134249,KXBTCD-25MAY2118-T108749.99,DELTA,10,1100,15,1000,176,yes,11,-50
2025-05-21T14:03:09.134364,KXBTCD-25MAY2118-T108749.99,DELTA,14,50,15,1000,177,yes,14,50
2025-05-21T14:03:09.254106,KXBTCD-25MAY2118-T108749.99,DELTA,14,50,18,2124,178,no,85,-1000
2025-05-21T14:03:09.254237,KXBTCD-25MAY2118-T108749.99,DELTA,10,1100,18,2124,179,yes,14,-50
2025-05-21T14:03:09.254318,KXBTCD-25MAY2118-T108749.99,DELTA,11,50,18,2124,180,yes,11,50
2025-05-21T14:03:09.274481,KXBTCD-25MAY2118-T108749.99,DELTA,13,200,18,2124,181,yes,13,200
2025-05-21T14:03:09.274653,KXBTCD-25MAY2118-T108749.99,DELTA,13,200,17,200,182,no,83,200
2025-05-21T14:03:09.333039,KXBTCD-25MAY2118-T108749.99,DELTA,13,200,17,200,183,no,82,-2000
2025-05-21T14:03:09.353639,KXBTCD-25MAY2118-T108749.99,DELTA,13,200,17,200,184,yes,11,-50
2025-05-21T14:03:09.353892,KXBTCD-25MAY2118-T108749.99,DELTA,14,50,17,200,185,yes,14,50
2025-05-21T14:03:09.393259,KXBTCD-25MAY2118-T108749.99,DELTA,14,50,17,1200,186,no,83,1000
2025-05-21T14:03:09.493177,KXBTCD-25MAY2118-T108749.99,DELTA,14,50,17,1200,187,no,51,2000
2025-05-21T14:03:09.514234,KXBTCD-25MAY2118-T108749.99,DELTA,14,50,17,1200,188,yes,13,-200
2025-05-21T14:03:09.534799,KXBTCD-25MAY2118-T108749.99,DELTA,14,50,17,1000,189,no,83,-200
2025-05-21T14:03:09.587977,KXBTCD-25MAY2118-T108749.99,DELTA,14,50,17,1000,190,yes,12,500
2025-05-21T14:03:09.601258,KXBTCD-25MAY2118-T108749.99,DELTA,14,50,17,1450,191,no,83,450
2025-05-21T14:03:09.621942,KXBTCD-25MAY2118-T108749.99,DELTA,14,50,17,1450,192,yes,10,-100
2025-05-21T14:03:09.685904,KXBTCD-25MAY2118-T108749.99,DELTA,14,50,17,450,193,no,83,-1000
2025-05-21T14:03:09.740747,KXBTCD-25MAY2118-T108749.99,DELTA,14,50,17,1700,194,no,83,1250
2025-05-21T14:03:09.752390,KXBTCD-25MAY2118-T108749.99,DELTA,14,50,17,1700,195,yes,10,-1000
2025-05-21T14:03:09.821075,KXBTCD-25MAY2118-T108749.99,DELTA,14,50,16,1000,196,no,84,1000
2025-05-21T14:03:10.360608,KXBTCD-25MAY2118-T108749.99,DELTA,14,50,16,1000,197,no,46,-704
2025-05-21T14:03:10.360920,KXBTCD-25MAY2118-T108749.99,DELTA,14,50,16,1000,198,no,6,5400
2025-05-21T14:03:10.536529,KXBTCD-25MAY2118-T108749.99,DELTA,14,50,16,1000,199,yes,3,24
2025-05-21T14:03:10.536796,KXBTCD-25MAY2118-T108749.99,DELTA,14,50,16,1000,200,yes,1,-24
2025-05-21T14:03:10.536881,KXBTCD-25MAY2118-T108749.99,DELTA,14,50,16,1000,201,no,80,24
2025-05-21T14:03:10.553178,KXBTCD-25MAY2118-T108749.99,DELTA,14,50,16,1000,202,no,82,-24
2025-05-21T14:03:10.573087,KXBTCD-25MAY2118-T108749.99,DELTA,14,50,16,1000,203,no,5,-20000
2025-05-21T14:03:10.674200,KXBTCD-25MAY2118-T108749.99,DELTA,14,50,16,1000,204,yes,10,100
2025-05-21T14:03:10.716381,KXBTCD-25MAY2118-T108749.99,DELTA,14,50,16,1000,205,no,7,20000
2025-05-21T14:03:10.733336,KXBTCD-25MAY2118-T108749.99,DELTA,14,50,16,1000,206,no,83,-450
2025-05-21T14:03:10.835088,KXBTCD-25MAY2118-T108749.99,DELTA,14,50,16,1000,207,yes,12,-500
2025-05-21T14:03:10.854453,KXBTCD-25MAY2118-T108749.99,DELTA,14,50,16,1000,208,yes,10,-100
2025-05-21T14:03:10.892966,KXBTCD-25MAY2118-T108749.99,DELTA,14,50,16,1000,209,yes,10,1000
2025-05-21T14:03:10.916656,KXBTCD-25MAY2118-T108749.99,DELTA,14,50,17,1250,210,no,84,-1000
2025-05-21T14:03:10.941668,KXBTCD-25MAY2118-T108749.99,DELTA,14,50,18,100,211,no,83,-1250
2025-05-21T14:03:11.014758,KXBTCD-25MAY2118-T108749.99,DELTA,14,50,18,100,212,yes,13,350
2025-05-21T14:03:11.015624,KXBTCD-25MAY2118-T108749.99,DELTA,14,50,17,50,213,no,83,50
2025-05-21T14:03:11.073918,KXBTCD-25MAY2118-T108749.99,DELTA,14,50,17,50,214,no,6,-5400
2025-05-21T14:03:11.113592,KXBTCD-25MAY2118-T108749.99,DELTA,14,50,17,50,215,yes,10,-1000
2025-05-21T14:03:11.152878,KXBTCD-25MAY2118-T108749.99,DELTA,14,50,18,100,216,no,83,-50
2025-05-21T14:03:11.153966,KXBTCD-25MAY2118-T108749.99,DELTA,14,50,17,1000,217,no,83,1000
2025-05-21T14:03:11.253878,KXBTCD-25MAY2118-T108749.99,DELTA,14,50,17,1250,218,no,83,250
2025-05-21T14:03:11.292983,KXBTCD-25MAY2118-T108749.99,DELTA,14,50,17,1250,219,no,7,-20000
2025-05-21T14:03:11.412951,KXBTCD-25MAY2118-T108749.99,DELTA,14,50,16,1250,220,no,84,1250
2025-05-21T14:03:11.432969,KXBTCD-25MAY2118-T108749.99,DELTA,14,50,16,1250,221,yes,4,9
2025-05-21T14:03:11.433201,KXBTCD-25MAY2118-T108749.99,DELTA,14,50,16,1250,222,no,81,-50
2025-05-21T14:03:11.433359,KXBTCD-25MAY2118-T108749.99,DELTA,14,50,16,1250,223,no,79,50
2025-05-21T14:03:11.453009,KXBTCD-25MAY2118-T108749.99,DELTA,14,50,16,1250,224,no,5,20000
2025-05-21T14:03:11.592176,KXBTCD-25MAY2118-T108749.99,DELTA,14,50,16,1250,225,no,51,-2000
2025-05-21T14:03:11.612318,KXBTCD-25MAY2118-T108749.99,DELTA,14,50,16,1250,226,no,79,-50
2025-05-21T14:03:11.612644,KXBTCD-25MAY2118-T108749.99,DELTA,14,50,16,1250,227,no,81,50
2025-05-21T14:03:11.612755,KXBTCD-25MAY2118-T108749.99,DELTA,14,50,16,1250,228,no,83,-1000
2025-05-21T14:03:11.732831,KXBTCD-25MAY2118-T108749.99,DELTA,14,50,16,1250,229,no,83,2000
2025-05-21T14:03:11.752130,KXBTCD-25MAY2118-T108749.99,DELTA,14,50,16,2250,230,no,84,1000
2025-05-21T14:03:12.177201,KXBTCD-25MAY2118-T108749.99,DELTA,14,50,16,2250,231,yes,11,100
2025-05-21T14:03:12.313445,KXBTCD-25MAY2118-T108749.99,DELTA,14,50,16,2250,232,yes,4,-9
2025-05-21T14:03:12.514490,KXBTCD-25MAY2118-T108749.99,DELTA,14,50,16,2250,233,yes,13,-350
2025-05-21T14:03:12.713778,KXBTCD-25MAY2118-T108749.99,DELTA,14,50,16,2250,234,yes,12,500
2025-05-21T14:03:14.813769,KXBTCD-25MAY2118-T108749.99,DELTA,12,500,16,2250,235,yes,14,-50
2025-05-21T14:03:14.814478,KXBTCD-25MAY2118-T108749.99,DELTA,13,50,16,2250,236,yes,13,50
2025-05-21T14:03:17.794671,KXBTCD-25MAY2118-T108749.99,DELTA,13,50,16,2250,237,no,6,5400
2025-05-21T14:03:17.934760,KXBTCD-25MAY2118-T108749.99,DELTA,13,50,16,2250,238,no,5,-20000
2025-05-21T14:03:18.034323,KXBTCD-25MAY2118-T108749.99,DELTA,13,50,16,2250,239,no,7,20000
2025-05-21T14:03:18.393465,KXBTCD-25MAY2118-T108749.99,DELTA,13,50,16,2250,240,yes,11,-100
2025-05-21T14:03:18.794357,KXBTCD-25MAY2118-T108749.99,DELTA,13,50,16,2250,241,yes,12,-500
2025-05-21T14:03:18.854204,KXBTCD-25MAY2118-T108749.99,DELTA,13,50,16,2250,242,yes,11,500
2025-05-21T14:03:18.913987,KXBTCD-25MAY2118-T108749.99,DELTA,13,50,16,2250,243,yes,4,9
2025-05-21T14:03:19.152347,KXBTCD-25MAY2118-T108749.99,DELTA,11,500,16,2250,244,yes,13,-50
2025-05-21T14:03:19.152918,KXBTCD-25MAY2118-T108749.99,DELTA,12,50,16,2250,245,yes,12,50
2025-05-21T14:03:19.153526,KXBTCD-25MAY2118-T108749.99,DELTA,12,50,16,2250,246,no,81,-50
2025-05-21T14:03:19.153720,KXBTCD-25MAY2118-T108749.99,DELTA,12,50,16,2250,247,no,82,50
2025-05-21T14:03:19.193193,KXBTCD-25MAY2118-T108749.99,DELTA,11,500,16,2250,248,yes,12,-50
2025-05-21T14:03:19.193417,KXBTCD-25MAY2118-T108749.99,DELTA,14,50,16,2250,249,yes,14,50
2025-05-21T14:03:19.254215,KXBTCD-25MAY2118-T108749.99,DELTA,11,500,16,2250,250,yes,14,-50
2025-05-21T14:03:19.255091,KXBTCD-25MAY2118-T108749.99,DELTA,12,50,16,2250,251,yes,12,50
2025-05-21T14:03:19.894136,KXBTCD-25MAY2118-T108749.99,DELTA,12,50,16,2250,252,yes,10,100
2025-05-21T14:03:19.994464,KXBTCD-25MAY2118-T108749.99,DELTA,12,50,16,2250,253,yes,4,-9
2025-05-21T14:03:20.253743,KXBTCD-25MAY2118-T108749.99,DELTA,12,50,16,2250,254,no,83,-250
2025-05-21T14:03:20.313509,KXBTCD-25MAY2118-T108749.99,DELTA,12,50,16,2700,255,no,84,450
2025-05-21T14:03:20.393411,KXBTCD-25MAY2118-T108749.99,DELTA,12,50,16,1700,256,no,84,-1000
2025-05-21T14:03:20.393668,KXBTCD-25MAY2118-T108749.99,DELTA,12,50,16,450,257,no,84,-1250
2025-05-21T14:03:20.532133,KXBTCD-25MAY2118-T108749.99,DELTA,12,50,15,1000,258,no,85,1000
2025-05-21T14:03:20.532361,KXBTCD-25MAY2118-T108749.99,DELTA,12,50,15,1000,259,no,84,1250
2025-05-21T14:03:21.053999,KXBTCD-25MAY2118-T108749.99,DELTA,12,50,15,1000,260,no,6,-5400
2025-05-21T14:03:21.054301,KXBTCD-25MAY2118-T108749.99,DELTA,12,50,15,1000,261,no,8,4050
2025-05-21T14:03:21.215423,KXBTCD-25MAY2118-T108749.99,DELTA,12,50,15,1000,262,no,7,-20000
2025-05-21T14:03:21.314094,KXBTCD-25MAY2118-T108749.99,DELTA,12,50,15,1000,263,yes,11,-500
2025-05-21T14:03:21.354150,KXBTCD-25MAY2118-T108749.99,DELTA,12,50,15,1000,264,no,9,20000
2025-05-21T14:03:21.354376,KXBTCD-25MAY2118-T108749.99,DELTA,12,50,15,1000,265,no,82,-100
2025-05-21T14:03:21.432962,KXBTCD-25MAY2118-T108749.99,DELTA,12,50,15,1000,266,yes,10,500
2025-05-21T14:03:21.533041,KXBTCD-25MAY2118-T108749.99,DELTA,12,50,15,1000,267,no,83,-2000
2025-05-21T14:03:21.674528,KXBTCD-25MAY2118-T108749.99,DELTA,12,50,15,1000,268,no,51,2000
2025-05-21T14:03:22.012526,KXBTCD-25MAY2118-T108749.99,DELTA,12,50,15,1000,269,no,82,-50
2025-05-21T14:03:22.012687,KXBTCD-25MAY2118-T108749.99,DELTA,12,50,15,1000,270,no,83,50
2025-05-21T14:03:22.394147,KXBTCD-25MAY2118-T108749.99,DELTA,12,50,15,1000,271,no,8,-4050
2025-05-21T14:03:22.395079,KXBTCD-25MAY2118-T108749.99,DELTA,12,50,15,1000,272,no,10,3240
2025-05-21T14:03:22.532619,KXBTCD-25MAY2118-T108749.99,DELTA,12,50,15,1000,273,no,9,-20000
2025-05-21T14:03:22.653509,KXBTCD-25MAY2118-T108749.99,DELTA,12,50,15,1000,274,no,11,20000
2025-05-21T14:03:22.906654,KXBTCD-25MAY2118-T108749.99,DELTA,12,50,15,1000,275,no,83,100
2025-05-21T14:03:23.032940,KXBTCD-25MAY2118-T108749.99,DELTA,12,50,15,1000,276,no,51,-2000
2025-05-21T14:03:23.153567,KXBTCD-25MAY2118-T108749.99,DELTA,12,50,15,1000,277,no,83,2000
2025-05-21T14:03:23.653467,KXBTCD-25MAY2118-T108749.99,DELTA,12,50,15,1000,278,no,10,-3240
2025-05-21T14:03:23.654295,KXBTCD-25MAY2118-T108749.99,DELTA,12,50,15,1000,279,no,12,2700
2025-05-21T14:03:23.832999,KXBTCD-25MAY2118-T108749.99,DELTA,12,50,15,1000,280,no,11,-20000
2025-05-21T14:03:23.953516,KXBTCD-25MAY2118-T108749.99,DELTA,12,50,15,1000,281,no,5,20000
2025-05-21T14:03:24.934818,KXBTCD-25MAY2118-T108749.99,DELTA,12,50,15,1000,282,no,12,-2700
2025-05-21T14:03:24.935529,KXBTCD-25MAY2118-T108749.99,DELTA,12,50,15,1000,283,no,6,5400
2025-05-21T14:03:25.093436,KXBTCD-25MAY2118-T108749.99,DELTA,12,50,15,1000,284,no,5,-20000
2025-05-21T14:03:25.212649,KXBTCD-25MAY2118-T108749.99,DELTA,12,50,15,1000,285,no,7,20000
2025-05-21T14:03:25.727136,KXBTCD-25MAY2118-T108749.99,DELTA,12,50,15,1000,286,yes,1,24
2025-05-21T14:03:25.727845,KXBTCD-25MAY2118-T108749.99,DELTA,12,50,15,1000,287,no,82,24
2025-05-21T14:03:25.728355,KXBTCD-25MAY2118-T108749.99,DELTA,12,50,15,1000,288,yes,3,-24
2025-05-21T14:03:25.736074,KXBTCD-25MAY2118-T108749.99,DELTA,12,50,15,1000,289,no,80,-24
2025-05-21T14:03:25.794813,KXBTCD-25MAY2118-T108749.99,DELTA,12,50,15,1000,290,no,83,-2000
2025-05-21T14:03:25.826396,KXBTCD-25MAY2118-T108749.99,DELTA,12,50,15,1000,291,no,84,-1250
2025-05-21T14:03:25.827374,KXBTCD-25MAY2118-T108749.99,DELTA,12,50,15,1000,292,no,84,-450
2025-05-21T14:03:25.857247,KXBTCD-25MAY2118-T108749.99,DELTA,12,50,14,50,293,no,86,50
2025-05-21T14:03:25.935298,KXBTCD-25MAY2118-T108749.99,DELTA,12,50,14,50,294,no,85,1250
2025-05-21T14:03:25.953223,KXBTCD-25MAY2118-T108749.99,DELTA,12,50,14,50,295,no,84,2000
2025-05-21T14:03:25.974422,KXBTCD-25MAY2118-T108749.99,DELTA,12,50,14,50,296,no,85,-1000
2025-05-21T14:03:25.993339,KXBTCD-25MAY2118-T108749.99,DELTA,12,50,15,1250,297,no,86,-50
2025-05-21T14:03:26.073899,KXBTCD-25MAY2118-T108749.99,DELTA,12,50,16,2000,298,no,85,-1250
2025-05-21T14:03:26.094194,KXBTCD-25MAY2118-T108749.99,DELTA,12,50,13,1000,299,no,87,1000
2025-05-21T14:03:26.134164,KXBTCD-25MAY2118-T108749.99,DELTA,12,50,13,1000,300,no,6,-5400
2025-05-21T14:03:26.134259,KXBTCD-25MAY2118-T108749.99,DELTA,12,50,13,1000,301,no,8,4050
2025-05-21T14:03:26.174159,KXBTCD-25MAY2118-T108749.99,DELTA,12,50,13,1000,302,no,86,200
2025-05-21T14:03:26.225600,KXBTCD-25MAY2118-T108749.99,DELTA,12,50,14,200,303,no,87,-1000
2025-05-21T14:03:26.335307,KXBTCD-25MAY2118-T108749.99,DELTA,12,50,13,1000,304,no,87,1000
2025-05-21T14:03:26.335457,KXBTCD-25MAY2118-T108749.99,DELTA,12,50,13,1000,305,no,7,-20000
2025-05-21T14:03:26.453545,KXBTCD-25MAY2118-T108749.99,DELTA,12,50,13,1000,306,no,9,20000
2025-05-21T14:03:27.432966,KXBTCD-25MAY2118-T108749.99,DELTA,12,50,13,1000,307,yes,10,-100
2025-05-21T14:03:28.472961,KXBTCD-25MAY2118-T108749.99,DELTA,12,50,13,1000,308,yes,8,100
2025-05-21T14:03:28.592226,KXBTCD-25MAY2118-T108749.99,DELTA,12,50,13,1000,309,yes,8,1000
2025-05-21T14:03:28.753170,KXBTCD-25MAY2118-T108749.99,DELTA,12,50,13,1000,310,yes,8,-100
2025-05-21T14:03:28.893137,KXBTCD-25MAY2118-T108749.99,DELTA,12,50,13,1000,311,yes,8,-1000
2025-05-21T14:03:29.713878,KXBTCD-25MAY2118-T108749.99,DELTA,12,50,13,1000,312,no,8,-4050
2025-05-21T14:03:29.714651,KXBTCD-25MAY2118-T108749.99,DELTA,12,50,13,1000,313,no,10,3240
2025-05-21T14:03:29.793555,KXBTCD-25MAY2118-T108749.99,DELTA,12,50,13,1000,314,yes,9,100
2025-05-21T14:03:29.874197,KXBTCD-25MAY2118-T108749.99,DELTA,12,50,13,1000,315,no,9,-20000
2025-05-21T14:03:30.033998,KXBTCD-25MAY2118-T108749.99,DELTA,12,50,13,1000,316,no,11,20000
2025-05-21T14:03:32.214158,KXBTCD-25MAY2118-T108749.99,DELTA,12,50,13,1000,317,no,83,-100
2025-05-21T14:03:32.234338,KXBTCD-25MAY2118-T108749.99,DELTA,12,50,13,1000,318,yes,10,-500
2025-05-21T14:03:32.253876,KXBTCD-25MAY2118-T108749.99,DELTA,12,50,13,1000,319,no,86,-200
2025-05-21T14:03:32.353683,KXBTCD-25MAY2118-T108749.99,DELTA,12,50,13,1000,320,yes,10,50
2025-05-21T14:03:32.354297,KXBTCD-25MAY2118-T108749.99,DELTA,12,50,13,1000,321,no,84,-2000
2025-05-21T14:03:32.372634,KXBTCD-25MAY2118-T108749.99,DELTA,12,50,13,1000,322,no,86,450
2025-05-21T14:03:32.393264,KXBTCD-25MAY2118-T108749.99,DELTA,12,50,14,450,323,no,87,-1000
2025-05-21T14:03:32.453059,KXBTCD-25MAY2118-T108749.99,DELTA,12,50,14,450,324,yes,10,-50
2025-05-21T14:03:32.472419,KXBTCD-25MAY2118-T108749.99,DELTA,12,50,14,450,325,no,51,2000
2025-05-21T14:03:32.513879,KXBTCD-25MAY2118-T108749.99,DELTA,12,50,13,1000,326,no,87,1000
2025-05-21T14:03:32.532385,KXBTCD-25MAY2118-T108749.99,DELTA,12,50,13,1000,327,yes,10,200
2025-05-21T14:03:33.313303,KXBTCD-25MAY2118-T108749.99,DELTA,12,50,13,1000,328,no,10,-3240
2025-05-21T14:03:33.313593,KXBTCD-25MAY2118-T108749.99,DELTA,12,50,13,1000,329,no,12,2700
2025-05-21T14:03:33.332363,KXBTCD-25MAY2118-T108749.99,DELTA,12,50,13,1000,330,no,84,100
2025-05-21T14:03:33.434702,KXBTCD-25MAY2118-T108749.99,DELTA,12,50,13,1000,331,yes,4,9
2025-05-21T14:03:33.474272,KXBTCD-25MAY2118-T108749.99,DELTA,12,50,13,1000,332,no,11,-20000
2025-05-21T14:03:33.592926,KXBTCD-25MAY2118-T108749.99,DELTA,12,50,13,1000,333,no,5,20000
2025-05-21T14:03:34.492791,KXBTCD-25MAY2118-T108749.99,DELTA,12,50,13,1000,334,no,12,-2700
2025-05-21T14:03:34.493035,KXBTCD-25MAY2118-T108749.99,DELTA,12,50,13,1000,335,no,6,5400
2025-05-21T14:03:34.632775,KXBTCD-25MAY2118-T108749.99,DELTA,12,50,13,1000,336,no,5,-20000
2025-05-21T14:03:34.734567,KXBTCD-25MAY2118-T108749.99,DELTA,12,50,13,1000,337,no,7,20000
2025-05-21T14:03:35.633188,KXBTCD-25MAY2118-T108749.99,DELTA,12,50,13,1000,338,no,6,-5400
2025-05-21T14:03:35.633374,KXBTCD-25MAY2118-T108749.99,DELTA,12,50,13,1000,339,no,8,4050
2025-05-21T14:03:35.772394,KXBTCD-25MAY2118-T108749.99,DELTA,12,50,13,1000,340,no,7,-20000
2025-05-21T14:03:35.893564,KXBTCD-25MAY2118-T108749.99,DELTA,12,50,13,1000,341,no,9,20000
2025-05-21T14:03:36.793104,KXBTCD-25MAY2118-T108749.99,DELTA,12,50,13,1000,342,no,8,-4050
2025-05-21T14:03:36.793510,KXBTCD-25MAY2118-T108749.99,DELTA,12,50,13,1000,343,no,10,3240
2025-05-21T14:03:36.936475,KXBTCD-25MAY2118-T108749.99,DELTA,12,50,13,1000,344,no,9,-20000
2025-05-21T14:03:37.054673,KXBTCD-25MAY2118-T108749.99,DELTA,12,50,13,1000,345,no,11,20000
2025-05-21T14:03:38.012638,KXBTCD-25MAY2118-T108749.99,DELTA,12,50,13,1000,346,no,10,-3240
2025-05-21T14:03:38.012834,KXBTCD-25MAY2118-T108749.99,DELTA,12,50,13,1000,347,no,12,2700
2025-05-21T14:03:38.152687,KXBTCD-25MAY2118-T108749.99,DELTA,12,50,13,1000,348,no,11,-20000
2025-05-21T14:03:38.273603,KXBTCD-25MAY2118-T108749.99,DELTA,12,50,13,1000,349,no,5,20000
2025-05-21T14:03:38.913430,KXBTCD-25MAY2118-T108749.99,DELTA,12,50,13,1000,350,yes,10,-200
2025-05-21T14:03:38.975958,KXBTCD-25MAY2118-T108749.99,DELTA,12,50,13,1000,351,yes,9,500
2025-05-21T14:03:38.976151,KXBTCD-25MAY2118-T108749.99,DELTA,12,50,13,1000,352,no,83,-50
2025-05-21T14:03:38.976462,KXBTCD-25MAY2118-T108749.99,DELTA,12,50,13,1000,353,no,84,50
2025-05-21T14:03:39.113000,KXBTCD-25MAY2118-T108749.99,DELTA,12,50,13,1000,354,no,51,-2000
2025-05-21T14:03:39.234287,KXBTCD-25MAY2118-T108749.99,DELTA,12,50,13,1000,355,no,84,2000
2025-05-21T14:03:39.315430,KXBTCD-25MAY2118-T108749.99,DELTA,9,600,13,1000,356,yes,12,-50
2025-05-21T14:03:39.315572,KXBTCD-25MAY2118-T108749.99,DELTA,10,50,13,1000,357,yes,10,50
2025-05-21T14:03:41.533232,KXBTCD-25MAY2118-T108749.99,DELTA,10,50,13,1000,358,no,12,-2700
2025-05-21T14:03:41.533411,KXBTCD-25MAY2118-T108749.99,DELTA,10,50,13,1000,359,no,6,5400
2025-05-21T14:03:41.654379,KXBTCD-25MAY2118-T108749.99,DELTA,10,50,13,1000,360,yes,4,-9
2025-05-21T14:03:41.674426,KXBTCD-25MAY2118-T108749.99,DELTA,10,50,13,1000,361,no,5,-20000
2025-05-21T14:03:41.813000,KXBTCD-25MAY2118-T108749.99,DELTA,10,50,13,1000,362,no,7,20000
2025-05-21T14:03:42.273511,KXBTCD-25MAY2118-T108749.99,DELTA,10,50,13,1000,363,no,84,-2000
2025-05-21T14:03:42.294402,KXBTCD-25MAY2118-T108749.99,DELTA,10,50,13,1000,364,no,86,1250
2025-05-21T14:03:42.353773,KXBTCD-25MAY2118-T108749.99,DELTA,10,50,13,1000,365,no,84,-100
2025-05-21T14:03:42.353938,KXBTCD-25MAY2118-T108749.99,DELTA,10,50,13,1000,366,yes,9,-100
2025-05-21T14:03:42.413680,KXBTCD-25MAY2118-T108749.99,DELTA,10,50,13,1000,367,no,85,2000
2025-05-21T14:03:42.572891,KXBTCD-25MAY2118-T108749.99,DELTA,10,50,13,1000,368,no,85,-2000
2025-05-21T14:03:42.692703,KXBTCD-25MAY2118-T108749.99,DELTA,10,50,13,1000,369,no,51,2000
2025-05-21T14:03:43.712415,KXBTCD-25MAY2118-T108749.99,DELTA,10,50,13,1000,370,yes,8,100
2025-05-21T14:03:43.712590,KXBTCD-25MAY2118-T108749.99,DELTA,10,50,13,1000,371,no,84,100
2025-05-21T14:03:43.832280,KXBTCD-25MAY2118-T108749.99,DELTA,10,50,13,1000,372,no,51,-2000
2025-05-21T14:03:43.933881,KXBTCD-25MAY2118-T108749.99,DELTA,10,50,13,1000,373,no,85,2000
2025-05-21T14:03:44.193391,KXBTCD-25MAY2118-T108749.99,DELTA,10,50,13,1000,374,no,84,-100
2025-05-21T14:03:44.353657,KXBTCD-25MAY2118-T108749.99,DELTA,10,50,13,1000,375,no,85,-2000
2025-05-21T14:03:44.473639,KXBTCD-25MAY2118-T108749.99,DELTA,10,50,13,1000,376,no,51,2000
2025-05-21T14:03:44.672716,KXBTCD-25MAY2118-T108749.99,DELTA,10,50,13,1000,377,no,6,-5400
2025-05-21T14:03:44.672843,KXBTCD-25MAY2118-T108749.99,DELTA,10,50,13,1000,378,no,8,4050
2025-05-21T14:03:44.813730,KXBTCD-25MAY2118-T108749.99,DELTA,10,50,13,1000,379,no,7,-20000
2025-05-21T14:03:44.913744,KXBTCD-25MAY2118-T108749.99,DELTA,10,50,13,1000,380,no,9,20000
2025-05-21T14:03:45.175422,KXBTCD-25MAY2118-T108749.99,DELTA,10,50,13,1000,381,no,84,100
2025-05-21T14:03:45.313226,KXBTCD-25MAY2118-T108749.99,DELTA,10,50,13,1000,382,no,51,-2000
2025-05-21T14:03:45.334527,KXBTCD-25MAY2118-T108749.99,DELTA,10,50,13,1000,383,no,84,-100
2025-05-21T14:03:45.413462,KXBTCD-25MAY2118-T108749.99,DELTA,10,50,13,1000,384,yes,9,-500
2025-05-21T14:03:45.433218,KXBTCD-25MAY2118-T108749.99,DELTA,10,50,13,1000,385,no,85,2000
2025-05-21T14:03:45.473308,KXBTCD-25MAY2118-T108749.99,DELTA,10,50,13,1000,386,yes,9,50
2025-05-21T14:03:45.533024,KXBTCD-25MAY2118-T108749.99,DELTA,10,50,13,1000,387,no,85,-2000
2025-05-21T14:03:45.653202,KXBTCD-25MAY2118-T108749.99,DELTA,10,50,13,1000,388,no,51,2000
2025-05-21T14:03:45.753697,KXBTCD-25MAY2118-T108749.99,DELTA,10,50,13,1000,389,no,8,-4050
2025-05-21T14:03:45.753812,KXBTCD-25MAY2118-T108749.99,DELTA,10,50,13,1000,390,no,10,3240
2025-05-21T14:03:45.912725,KXBTCD-25MAY2118-T108749.99,DELTA,10,50,13,1000,391,no,9,-20000
2025-05-21T14:03:45.933058,KXBTCD-25MAY2118-T108749.99,DELTA,10,50,13,1000,392,yes,9,-50
2025-05-21T14:03:46.033528,KXBTCD-25MAY2118-T108749.99,DELTA,10,50,13,1000,393,yes,8,500
2025-05-21T14:03:46.033664,KXBTCD-25MAY2118-T108749.99,DELTA,10,50,13,1000,394,no,11,20000
2025-05-21T14:03:46.376942,KXBTCD-25MAY2118-T108749.99,DELTA,10,50,13,1000,395,no,85,100
2025-05-21T14:03:46.833519,KXBTCD-25MAY2118-T108749.99,DELTA,10,50,13,1000,396,no,10,-3240
2025-05-21T14:03:46.833625,KXBTCD-25MAY2118-T108749.99,DELTA,10,50,13,1000,397,no,12,2700
2025-05-21T14:03:46.893342,KXBTCD-25MAY2118-T108749.99,DELTA,8,600,13,1000,398,yes,10,-50
2025-05-21T14:03:46.893501,KXBTCD-25MAY2118-T108749.99,DELTA,9,50,13,1000,399,yes,9,50
2025-05-21T14:03:46.973332,KXBTCD-25MAY2118-T108749.99,DELTA,9,50,13,1000,400,no,11,-20000
2025-05-21T14:03:47.093141,KXBTCD-25MAY2118-T108749.99,DELTA,9,50,13,1000,401,no,5,20000
2025-05-21T14:03:47.933704,KXBTCD-25MAY2118-T108749.99,DELTA,9,50,13,1000,402,no,12,-2700
2025-05-21T14:03:47.933831,KXBTCD-25MAY2118-T108749.99,DELTA,9,50,13,1000,403,no,6,5400
2025-05-21T14:03:48.073841,KXBTCD-25MAY2118-T108749.99,DELTA,9,50,13,1000,404,no,5,-20000
2025-05-21T14:03:48.193997,KXBTCD-25MAY2118-T108749.99,DELTA,9,50,13,1000,405,no,7,20000
2025-05-21T14:03:49.113472,KXBTCD-25MAY2118-T108749.99,DELTA,9,50,13,1000,406,no,6,-5400
2025-05-21T14:03:49.113648,KXBTCD-25MAY2118-T108749.99,DELTA,9,50,13,1000,407,no,8,4050
2025-05-21T14:03:49.252334,KXBTCD-25MAY2118-T108749.99,DELTA,9,50,13,1000,408,no,7,-20000
2025-05-21T14:03:49.372028,KXBTCD-25MAY2118-T108749.99,DELTA,9,50,13,1000,409,no,9,20000
2025-05-21T14:03:50.274625,KXBTCD-25MAY2118-T108749.99,DELTA,9,50,13,1000,410,no,83,24
2025-05-21T14:03:50.274743,KXBTCD-25MAY2118-T108749.99,DELTA,9,50,13,1000,411,yes,1,-24
2025-05-21T14:03:50.292659,KXBTCD-25MAY2118-T108749.99,DELTA,9,50,13,1000,412,no,82,-24
2025-05-21T14:03:50.473487,KXBTCD-25MAY2118-T108749.99,DELTA,9,50,13,1000,413,no,86,-450
2025-05-21T14:03:50.513944,KXBTCD-25MAY2118-T108749.99,DELTA,9,50,12,50,414,no,88,50
2025-05-21T14:03:50.612792,KXBTCD-25MAY2118-T108749.99,DELTA,9,50,12,50,415,no,87,-1000
2025-05-21T14:03:50.612909,KXBTCD-25MAY2118-T108749.99,DELTA,9,50,12,50,416,no,86,-1250
2025-05-21T14:03:50.733657,KXBTCD-25MAY2118-T108749.99,DELTA,9,50,12,1050,417,no,88,1000
2025-05-21T14:03:52.317016,KXBTCD-25MAY2118-T108749.99,DELTA,9,50,12,1000,418,no,88,-50
2025-05-21T14:03:52.620422,KXBTCD-25MAY2118-T108749.99,DELTA,9,50,15,100,419,no,88,-1000
2025-05-21T14:03:52.720685,KXBTCD-25MAY2118-T108749.99,DELTA,9,50,15,100,420,no,84,-50
2025-05-21T14:03:52.720789,KXBTCD-25MAY2118-T108749.99,DELTA,9,50,14,50,421,no,86,50
2025-05-21T14:03:52.795286,KXBTCD-25MAY2118-T108749.99,DELTA,9,50,14,1050,422,no,86,1000
2025-05-21T14:03:52.913729,KXBTCD-25MAY2118-T108749.99,DELTA,9,50,14,1050,423,no,85,-100
2025-05-21T14:03:52.994845,KXBTCD-25MAY2118-T108749.99,DELTA,9,50,14,1050,424,yes,8,-100
2025-05-21T14:03:53.123860,KXBTCD-25MAY2118-T108749.99,DELTA,9,50,14,50,425,no,86,-1000
2025-05-21T14:03:53.213920,KXBTCD-25MAY2118-T108749.99,DELTA,9,50,14,50,426,no,8,-4050
2025-05-21T14:03:53.214034,KXBTCD-25MAY2118-T108749.99,DELTA,9,50,14,50,427,no,10,3240
2025-05-21T14:03:53.292894,KXBTCD-25MAY2118-T108749.99,DELTA,9,50,13,1000,428,no,87,1000
2025-05-21T14:03:53.293107,KXBTCD-25MAY2118-T108749.99,DELTA,9,50,13,1000,429,no,71,9
2025-05-21T14:03:53.815350,KXBTCD-25MAY2118-T108749.99,DELTA,9,50,13,1000,430,no,9,-20000
2025-05-21T14:03:54.366453,KXBTCD-25MAY2118-T108749.99,DELTA,9,50,13,1000,431,no,11,20000
2025-05-21T14:03:54.613650,KXBTCD-25MAY2118-T108749.99,DELTA,9,50,13,1000,432,no,71,-9
2025-05-21T14:03:54.913830,KXBTCD-25MAY2118-T108749.99,DELTA,9,50,12,450,433,no,88,450
2025-05-21T14:03:55.192408,KXBTCD-25MAY2118-T108749.99,DELTA,9,50,12,450,434,no,87,-1000
2025-05-21T14:03:55.192622,KXBTCD-25MAY2118-T108749.99,DELTA,9,50,12,450,435,yes,6,100
2025-05-21T14:03:55.426221,KXBTCD-25MAY2118-T108749.99,DELTA,9,50,12,450,436,no,86,100
2025-05-21T14:03:55.426392,KXBTCD-25MAY2118-T108749.99,DELTA,9,50,12,450,437,yes,7,1000
2025-05-21T14:03:55.494970,KXBTCD-25MAY2118-T108749.99,DELTA,9,50,12,1450,438,no,88,1000
2025-05-21T14:03:56.095691,KXBTCD-25MAY2118-T108749.99,DELTA,9,50,12,1450,439,yes,8,-500
2025-05-21T14:03:56.095787,KXBTCD-25MAY2118-T108749.99,DELTA,9,50,12,1450,440,yes,7,-1000
2025-05-21T14:03:56.115431,KXBTCD-25MAY2118-T108749.99,DELTA,9,50,12,1450,441,no,51,-2000
2025-05-21T14:03:56.115598,KXBTCD-25MAY2118-T108749.99,DELTA,9,50,12,450,442,no,88,-1000
2025-05-21T14:03:56.155168,KXBTCD-25MAY2118-T108749.99,DELTA,9,50,12,450,443,yes,7,500
2025-05-21T14:03:56.173538,KXBTCD-25MAY2118-T108749.99,DELTA,9,50,12,450,444,yes,6,1000
2025-05-21T14:03:56.173623,KXBTCD-25MAY2118-T108749.99,DELTA,9,50,11,1000,445,no,89,1000
2025-05-21T14:03:56.174057,KXBTCD-25MAY2118-T108749.99,DELTA,9,50,11,1000,446,no,86,2000
2025-05-21T14:03:57.992841,KXBTCD-25MAY2118-T108749.99,DELTA,9,50,11,1000,447,no,10,-3240
2025-05-21T14:03:57.993051,KXBTCD-25MAY2118-T108749.99,DELTA,9,50,11,1000,448,no,12,2700
2025-05-21T14:03:58.073644,KXBTCD-25MAY2118-T108749.99,DELTA,9,50,11,1000,449,no,11,-20000
2025-05-21T14:03:58.132334,KXBTCD-25MAY2118-T108749.99,DELTA,9,50,11,1000,450,no,5,20000
2025-05-21T14:03:59.253314,KXBTCD-25MAY2118-T108749.99,DELTA,9,50,11,1000,451,no,12,-2700
2025-05-21T14:03:59.253490,KXBTCD-25MAY2118-T108749.99,DELTA,9,50,11,1000,452,no,6,5400
2025-05-21T14:03:59.333059,KXBTCD-25MAY2118-T108749.99,DELTA,9,50,11,1000,453,no,5,-20000
2025-05-21T14:03:59.392211,KXBTCD-25MAY2118-T108749.99,DELTA,9,50,11,1000,454,no,7,20000
2025-05-21T14:04:00.092927,KXBTCD-25MAY2118-T108749.99,DELTA,9,50,11,1000,455,no,86,-50
2025-05-21T14:04:00.093069,KXBTCD-25MAY2118-T108749.99,DELTA,9,50,11,1000,456,no,87,50
2025-05-21T14:04:00.174620,KXBTCD-25MAY2118-T108749.99,DELTA,9,50,11,1000,457,yes,6,-1000
2025-05-21T14:04:00.175206,KXBTCD-25MAY2118-T108749.99,DELTA,9,50,11,1000,458,no,88,1250
2025-05-21T14:04:00.194064,KXBTCD-25MAY2118-T108749.99,DELTA,9,50,11,1000,459,no,86,-2000
2025-05-21T14:04:00.213065,KXBTCD-25MAY2118-T108749.99,DELTA,9,50,11,1000,460,no,50,-200
2025-05-21T14:04:00.213264,KXBTCD-25MAY2118-T108749.99,DELTA,9,50,11,1000,461,no,60,200
2025-05-21T14:04:00.332586,KXBTCD-25MAY2118-T108749.99,DELTA,9,50,11,1000,462,yes,7,-500
2025-05-21T14:04:00.353049,KXBTCD-25MAY2118-T108749.99,DELTA,9,50,11,1000,463,no,51,2000
2025-05-21T14:04:00.412977,KXBTCD-25MAY2118-T108749.99,DELTA,9,50,11,1000,464,no,88,-450
2025-05-21T14:04:00.432612,KXBTCD-25MAY2118-T108749.99,DELTA,9,50,11,1000,465,no,51,-2000
2025-05-21T14:04:00.513131,KXBTCD-25MAY2118-T108749.99,DELTA,9,50,11,1000,466,no,86,-100
2025-05-21T14:04:00.513811,KXBTCD-25MAY2118-T108749.99,DELTA,6,100,11,1000,467,yes,9,-50
2025-05-21T14:04:00.513897,KXBTCD-25MAY2118-T108749.99,DELTA,7,50,11,1000,468,yes,7,50
2025-05-21T14:04:00.533542,KXBTCD-25MAY2118-T108749.99,DELTA,7,50,12,1250,469,no,89,-1000
2025-05-21T14:04:00.533648,KXBTCD-25MAY2118-T108749.99,DELTA,7,50,12,1250,470,no,61,2000
2025-05-21T14:04:00.533712,KXBTCD-25MAY2118-T108749.99,DELTA,7,50,13,50,471,no,88,-1250
2025-05-21T14:04:00.614781,KXBTCD-25MAY2118-T108749.99,DELTA,7,50,12,1000,472,no,88,1000
2025-05-21T14:04:00.714329,KXBTCD-25MAY2118-T108749.99,DELTA,7,50,12,1000,473,yes,6,500
2025-05-21T14:04:00.714452,KXBTCD-25MAY2118-T108749.99,DELTA,7,50,10,250,474,no,90,250
2025-05-21T14:04:00.714525,KXBTCD-25MAY2118-T108749.99,DELTA,7,50,10,250,475,no,6,-5400
2025-05-21T14:04:00.714591,KXBTCD-25MAY2118-T108749.99,DELTA,7,50,10,250,476,no,8,4050
2025-05-21T14:04:00.955175,KXBTCD-25MAY2118-T108749.99,DELTA,7,50,10,250,477,no,7,-20000
2025-05-21T14:04:00.957035,KXBTCD-25MAY2118-T108749.99,DELTA,7,50,10,250,478,no,88,-1000
2025-05-21T14:04:01.013431,KXBTCD-25MAY2118-T108749.99,DELTA,7,50,10,250,479,no,87,-50
2025-05-21T14:04:01.013542,KXBTCD-25MAY2118-T108749.99,DELTA,7,50,10,250,480,no,88,50
2025-05-21T14:04:01.053613,KXBTCD-25MAY2118-T108749.99,DELTA,7,50,10,250,481,no,9,20000
2025-05-21T14:04:01.053718,KXBTCD-25MAY2118-T108749.99,DELTA,7,50,10,1250,482,no,90,1000
2025-05-21T14:04:01.173313,KXBTCD-25MAY2118-T108749.99,DELTA,7,50,10,1250,483,no,71,9
2025-05-21T14:04:01.634611,KXBTCD-25MAY2118-T108749.99,DELTA,7,50,10,1250,484,no,87,100
2025-05-21T14:04:02.072874,KXBTCD-25MAY2118-T108749.99,DELTA,7,50,10,1250,485,no,8,-4050
2025-05-21T14:04:02.073003,KXBTCD-25MAY2118-T108749.99,DELTA,7,50,10,1250,486,no,10,3240
2025-05-21T14:04:02.154567,KXBTCD-25MAY2118-T108749.99,DELTA,7,50,10,1250,487,no,9,-20000
2025-05-21T14:04:02.192247,KXBTCD-25MAY2118-T108749.99,DELTA,7,50,10,1250,488,no,71,-9
2025-05-21T14:04:02.213215,KXBTCD-25MAY2118-T108749.99,DELTA,7,50,10,1250,489,no,11,20000
2025-05-21T14:04:02.505399,KXBTCD-25MAY2118-T108749.99,DELTA,7,49,10,1250,490,yes,7,-1
2025-05-21T14:04:02.574850,KXBTCD-25MAY2118-T108749.99,DELTA,6,600,10,1250,491,yes,7,-49
2025-05-21T14:04:02.574989,KXBTCD-25MAY2118-T108749.99,DELTA,6,600,10,1250,492,no,88,-50
2025-05-21T14:04:02.794283,KXBTCD-25MAY2118-T108749.99,DELTA,7,50,10,1250,493,yes,7,50
2025-05-21T14:04:02.794605,KXBTCD-25MAY2118-T108749.99,DELTA,7,50,10,1250,494,no,88,50
2025-05-21T14:04:02.833111,KXBTCD-25MAY2118-T108749.99,DELTA,7,50,10,1250,495,no,88,-50
2025-05-21T14:04:02.833263,KXBTCD-25MAY2118-T108749.99,DELTA,6,600,10,1250,496,yes,7,-50
2025-05-21T14:04:03.592689,KXBTCD-25MAY2118-T108749.99,DELTA,6,100,10,1250,497,yes,6,-500
2025-05-21T14:04:03.651917,KXBTCD-25MAY2118-T108749.99,DELTA,6,100,10,1250,498,yes,5,500
2025-05-21T14:04:03.733213,KXBTCD-25MAY2118-T108749.99,DELTA,6,100,10,1250,499,yes,5,1000
2025-05-21T14:04:03.913309,KXBTCD-25MAY2118-T108749.99,DELTA,6,100,10,1250,500,no,88,50
2025-05-21T14:04:03.913532,KXBTCD-25MAY2118-T108749.99,DELTA,7,50,10,1250,501,yes,7,50
2025-05-21T14:04:03.932165,KXBTCD-25MAY2118-T108749.99,DELTA,7,50,10,1250,502,no,87,-100
2025-05-21T14:04:03.951942,KXBTCD-25MAY2118-T108749.99,DELTA,7,50,10,1250,503,no,88,-50
2025-05-21T14:04:03.973895,KXBTCD-25MAY2118-T108749.99,DELTA,6,100,10,1250,504,yes,7,-50
2025-05-21T14:04:04.873963,KXBTCD-25MAY2118-T108749.99,DELTA,6,100,10,1250,505,no,87,100
2025-05-21T14:04:04.994038,KXBTCD-25MAY2118-T108749.99,DELTA,6,100,10,1250,506,no,88,50
2025-05-21T14:04:05.012402,KXBTCD-25MAY2118-T108749.99,DELTA,7,50,10,1250,507,yes,7,50
2025-05-21T14:04:05.033503,KXBTCD-25MAY2118-T108749.99,DELTA,7,50,10,1250,508,no,88,-50
2025-05-21T14:04:05.053334,KXBTCD-25MAY2118-T108749.99,DELTA,6,100,10,1250,509,yes,7,-50
2025-05-21T14:04:05.334116,KXBTCD-25MAY2118-T108749.99,DELTA,6,100,10,1250,510,yes,5,-1000
2025-05-21T14:04:05.334247,KXBTCD-25MAY2118-T108749.99,DELTA,6,100,10,1250,511,yes,3,-80000
2025-05-21T14:04:05.353368,KXBTCD-25MAY2118-T108749.99,DELTA,6,100,10,250,512,no,90,-1000
2025-05-21T14:04:05.453171,KXBTCD-25MAY2118-T108749.99,DELTA,6,100,9,1000,513,no,91,1000
2025-05-21T14:04:05.453322,KXBTCD-25MAY2118-T108749.99,DELTA,6,100,9,1000,514,yes,2,80000
2025-05-21T14:04:06.073237,KXBTCD-25MAY2118-T108749.99,DELTA,6,100,9,1000,515,no,88,50
2025-05-21T14:04:06.094413,KXBTCD-25MAY2118-T108749.99,DELTA,7,50,9,1000,516,yes,7,50
2025-05-21T14:04:09.633060,KXBTCD-25MAY2118-T108749.99,DELTA,7,50,9,1000,517,no,10,-3240
2025-05-21T14:04:09.633432,KXBTCD-25MAY2118-T108749.99,DELTA,7,50,9,1000,518,no,12,2700
2025-05-21T14:04:09.733197,KXBTCD-25MAY2118-T108749.99,DELTA,7,50,9,1000,519,no,11,-20000
2025-05-21T14:04:09.773052,KXBTCD-25MAY2118-T108749.99,DELTA,7,50,9,1000,520,no,5,20000
2025-05-21T14:04:10.814033,KXBTCD-25MAY2118-T108749.99,DELTA,7,50,9,1000,521,no,12,-2700
2025-05-21T14:04:10.814213,KXBTCD-25MAY2118-T108749.99,DELTA,7,50,9,1000,522,no,6,5400
2025-05-21T14:04:10.892713,KXBTCD-25MAY2118-T108749.99,DELTA,7,50,9,1000,523,no,5,-20000
2025-05-21T14:04:10.933609,KXBTCD-25MAY2118-T108749.99,DELTA,7,50,9,1000,524,no,7,20000
2025-05-21T14:04:11.993208,KXBTCD-25MAY2118-T108749.99,DELTA,7,50,9,1000,525,no,6,-5400
2025-05-21T14:04:11.993383,KXBTCD-25MAY2118-T108749.99,DELTA,7,50,9,1000,526,no,8,4050
2025-05-21T14:04:12.073555,KXBTCD-25MAY2118-T108749.99,DELTA,7,50,9,1000,527,no,7,-20000
2025-05-21T14:04:12.113096,KXBTCD-25MAY2118-T108749.99,DELTA,7,50,9,1000,528,no,9,20000
2025-05-21T14:04:13.153542,KXBTCD-25MAY2118-T108749.99,DELTA,7,50,9,1000,529,no,8,-4050
2025-05-21T14:04:13.153733,KXBTCD-25MAY2118-T108749.99,DELTA,7,50,9,1000,530,no,10,3240
2025-05-21T14:04:13.232476,KXBTCD-25MAY2118-T108749.99,DELTA,7,50,9,1000,531,no,9,-20000
2025-05-21T14:04:13.273066,KXBTCD-25MAY2118-T108749.99,DELTA,7,50,9,1000,532,no,11,20000
2025-05-21T14:04:14.394253,KXBTCD-25MAY2118-T108749.99,DELTA,7,50,9,1000,533,no,10,-3240
2025-05-21T14:04:14.394415,KXBTCD-25MAY2118-T108749.99,DELTA,7,50,9,1000,534,no,12,2700
2025-05-21T14:04:14.473607,KXBTCD-25MAY2118-T108749.99,DELTA,7,50,9,1000,535,no,11,-20000
2025-05-21T14:04:14.533436,KXBTCD-25MAY2118-T108749.99,DELTA,7,50,9,1000,536,no,5,20000
2025-05-21T14:04:14.533662,KXBTCD-25MAY2118-T108749.99,DELTA,7,49,9,1000,537,yes,7,-1
2025-05-21T14:04:14.592847,KXBTCD-25MAY2118-T108749.99,DELTA,6,100,9,1000,538,yes,7,-49
2025-05-21T14:04:14.593079,KXBTCD-25MAY2118-T108749.99,DELTA,6,100,9,1000,539,no,88,-50
2025-05-21T14:04:14.893647,KXBTCD-25MAY2118-T108749.99,DELTA,6,100,9,1000,540,no,88,50
2025-05-21T14:04:14.893794,KXBTCD-25MAY2118-T108749.99,DELTA,7,50,9,1000,541,yes,7,50
2025-05-21T14:04:14.933929,KXBTCD-25MAY2118-T108749.99,DELTA,7,50,9,1000,542,no,88,-50
2025-05-21T14:04:14.953787,KXBTCD-25MAY2118-T108749.99,DELTA,6,100,9,1000,543,yes,7,-50
2025-05-21T14:04:15.993882,KXBTCD-25MAY2118-T108749.99,DELTA,6,100,9,1000,544,no,88,50
2025-05-21T14:04:15.994108,KXBTCD-25MAY2118-T108749.99,DELTA,7,50,9,1000,545,yes,7,50
2025-05-21T14:04:16.033255,KXBTCD-25MAY2118-T108749.99,DELTA,7,50,9,1000,546,no,88,-50
2025-05-21T14:04:16.053738,KXBTCD-25MAY2118-T108749.99,DELTA,6,100,9,1000,547,yes,7,-50
2025-05-21T14:04:16.254366,KXBTCD-25MAY2118-T108749.99,DELTA,6,100,9,1000,548,yes,2,-80000
2025-05-21T14:04:16.255579,KXBTCD-25MAY2118-T108749.99,DELTA,6,100,9,1000,549,yes,5,1000
2025-05-21T14:04:16.256474,KXBTCD-25MAY2118-T108749.99,DELTA,6,100,10,250,550,no,91,-1000
2025-05-21T14:04:16.314181,KXBTCD-25MAY2118-T108749.99,DELTA,6,100,10,1250,551,no,90,1000
2025-05-21T14:04:16.333316,KXBTCD-25MAY2118-T108749.99,DELTA,6,100,10,1250,552,yes,3,80000
2025-05-21T14:04:17.075278,KXBTCD-25MAY2118-T108749.99,DELTA,6,100,10,1250,553,no,88,50
2025-05-21T14:04:17.094554,KXBTCD-25MAY2118-T108749.99,DELTA,7,50,10,1250,554,yes,7,50
2025-05-21T14:04:17.113738,KXBTCD-25MAY2118-T108749.99,DELTA,7,50,10,1250,555,no,88,-50
2025-05-21T14:04:17.135613,KXBTCD-25MAY2118-T108749.99,DELTA,6,100,10,1250,556,yes,7,-50
2025-05-21T14:04:17.872781,KXBTCD-25MAY2118-T108749.99,DELTA,6,100,10,1250,557,no,12,-2700
2025-05-21T14:04:17.873038,KXBTCD-25MAY2118-T108749.99,DELTA,6,100,10,1250,558,no,6,5400
2025-05-21T14:04:17.953125,KXBTCD-25MAY2118-T108749.99,DELTA,6,100,10,1250,559,no,5,-20000
2025-05-21T14:04:17.993396,KXBTCD-25MAY2118-T108749.99,DELTA,6,100,10,1250,560,no,7,20000
2025-05-21T14:04:18.154214,KXBTCD-25MAY2118-T108749.99,DELTA,6,100,10,1250,561,no,88,50
2025-05-21T14:04:18.174257,KXBTCD-25MAY2118-T108749.99,DELTA,7,50,10,1250,562,yes,7,50
2025-05-21T14:04:18.193737,KXBTCD-25MAY2118-T108749.99,DELTA,7,50,10,1250,563,no,88,-50
2025-05-21T14:04:18.214474,KXBTCD-25MAY2118-T108749.99,DELTA,6,100,10,1250,564,yes,7,-50
2025-05-21T14:04:18.854143,KXBTCD-25MAY2118-T108749.99,DELTA,6,100,10,1250,565,yes,5,-1000
2025-05-21T14:04:18.872680,KXBTCD-25MAY2118-T108749.99,DELTA,6,100,10,1250,566,yes,3,-80000
2025-05-21T14:04:18.872916,KXBTCD-25MAY2118-T108749.99,DELTA,6,100,10,250,567,no,90,-1000
2025-05-21T14:04:18.934706,KXBTCD-25MAY2118-T108749.99,DELTA,6,100,10,250,568,no,87,-100
2025-05-21T14:04:18.935572,KXBTCD-25MAY2118-T108749.99,DELTA,5,500,10,250,569,yes,6,-100
2025-05-21T14:04:18.975860,KXBTCD-25MAY2118-T108749.99,DELTA,5,500,9,1000,570,no,91,1000
2025-05-21T14:04:18.976851,KXBTCD-25MAY2118-T108749.99,DELTA,5,500,9,1000,571,yes,2,80000
2025-05-21T14:04:19.233995,KXBTCD-25MAY2118-T108749.99,DELTA,5,500,9,1000,572,no,88,50
2025-05-21T14:04:19.253526,KXBTCD-25MAY2118-T108749.99,DELTA,6,50,9,1000,573,yes,6,50
2025-05-21T14:04:19.733617,KXBTCD-25MAY2118-T108749.99,DELTA,6,50,9,1000,574,no,83,-24
2025-05-21T14:04:19.733921,KXBTCD-25MAY2118-T108749.99,DELTA,6,50,9,1000,575,no,85,24
2025-05-21T14:04:19.994077,KXBTCD-25MAY2118-T108749.99,DELTA,6,50,9,1000,576,yes,4,100
2025-05-21T14:04:20.013311,KXBTCD-25MAY2118-T108749.99,DELTA,6,50,9,1000,577,no,87,100
2025-05-21T14:04:20.074301,KXBTCD-25MAY2118-T108749.99,DELTA,6,50,9,1000,578,yes,4,1000
2025-05-21T14:04:20.193405,KXBTCD-25MAY2118-T108749.99,DELTA,6,50,9,1000,579,no,88,-50
2025-05-21T14:04:20.193772,KXBTCD-25MAY2118-T108749.99,DELTA,6,50,9,1000,580,no,87,50
2025-05-21T14:04:20.274180,KXBTCD-25MAY2118-T108749.99,DELTA,6,50,9,1000,581,no,61,-2000
2025-05-21T14:04:20.274706,KXBTCD-25MAY2118-T108749.99,DELTA,6,50,9,1000,582,no,87,-100
2025-05-21T14:04:20.312333,KXBTCD-25MAY2118-T108749.99,DELTA,6,50,9,1000,583,no,88,2000
2025-05-21T14:04:20.352485,KXBTCD-25MAY2118-T108749.99,DELTA,6,50,9,1000,584,no,88,-2000
2025-05-21T14:04:20.392248,KXBTCD-25MAY2118-T108749.99,DELTA,6,50,9,1000,585,no,61,2000
2025-05-21T14:04:21.014128,KXBTCD-25MAY2118-T108749.99,DELTA,6,50,9,1000,586,no,88,100
2025-05-21T14:04:21.094507,KXBTCD-25MAY2118-T108749.99,DELTA,6,50,9,1000,587,no,6,-5400
2025-05-21T14:04:21.095485,KXBTCD-25MAY2118-T108749.99,DELTA,6,50,9,1000,588,no,45,720
2025-05-21T14:04:21.174285,KXBTCD-25MAY2118-T108749.99,DELTA,6,50,9,1000,589,no,7,-20000
2025-05-21T14:04:21.213309,KXBTCD-25MAY2118-T108749.99,DELTA,6,50,9,1000,590,no,5,20000
2025-05-21T14:04:21.413026,KXBTCD-25MAY2118-T108749.99,DELTA,6,50,9,1000,591,yes,4,-1000
2025-05-21T14:04:21.413777,KXBTCD-25MAY2118-T108749.99,DELTA,6,50,9,1000,592,yes,2,-80000
2025-05-21T14:04:21.433330,KXBTCD-25MAY2118-T108749.99,DELTA,6,50,10,250,593,no,91,-1000
2025-05-21T14:04:21.515337,KXBTCD-25MAY2118-T108749.99,DELTA,6,50,10,250,594,yes,5,1000
2025-05-21T14:04:21.516260,KXBTCD-25MAY2118-T108749.99,DELTA,6,50,10,1250,595,no,90,1000
2025-05-21T14:04:21.516801,KXBTCD-25MAY2118-T108749.99,DELTA,6,50,10,1250,596,yes,3,80000
2025-05-21T14:04:21.775083,KXBTCD-25MAY2118-T108749.99,DELTA,6,50,10,1250,597,yes,5,-1000
2025-05-21T14:04:21.793438,KXBTCD-25MAY2118-T108749.99,DELTA,6,50,10,1250,598,yes,3,-80000
2025-05-21T14:04:21.793654,KXBTCD-25MAY2118-T108749.99,DELTA,6,50,10,250,599,no,90,-1000
2025-05-21T14:04:21.855066,KXBTCD-25MAY2118-T108749.99,DELTA,6,50,10,1250,600,no,90,1000
2025-05-21T14:04:21.855655,KXBTCD-25MAY2118-T108749.99,DELTA,6,50,10,1250,601,yes,5,1000
2025-05-21T14:04:21.856033,KXBTCD-25MAY2118-T108749.99,DELTA,6,50,10,1250,602,yes,3,80000
2025-05-21T14:04:22.533325,KXBTCD-25MAY2118-T108749.99,DELTA,6,50,10,1250,603,yes,4,-100
2025-05-21T14:04:22.634215,KXBTCD-25MAY2118-T108749.99,DELTA,6,50,10,1250,604,no,87,-50
2025-05-21T14:04:22.634421,KXBTCD-25MAY2118-T108749.99,DELTA,6,50,10,1250,605,no,86,50
2025-05-21T14:04:22.973272,KXBTCD-25MAY2118-T108749.99,DELTA,6,50,10,1000,606,no,90,-250
2025-05-21T14:04:23.053757,KXBTCD-25MAY2118-T108749.99,DELTA,6,50,12,100,607,no,90,-1000
2025-05-21T14:04:23.093901,KXBTCD-25MAY2118-T108749.99,DELTA,6,50,11,500,608,no,89,500
2025-05-21T14:04:23.120013,KXBTCD-25MAY2118-T108749.99,DELTA,6,50,11,1500,609,no,89,1000
2025-05-21T14:04:23.134481,KXBTCD-25MAY2118-T108749.99,DELTA,6,50,11,1500,610,yes,5,-500
2025-05-21T14:04:23.174431,KXBTCD-25MAY2118-T108749.99,DELTA,6,50,11,500,611,no,89,-1000
2025-05-21T14:04:23.232466,KXBTCD-25MAY2118-T108749.99,DELTA,7,50,11,500,612,yes,7,50
2025-05-21T14:04:23.252953,KXBTCD-25MAY2118-T108749.99,DELTA,7,50,10,1000,613,no,90,1000
2025-05-21T14:04:23.253217,KXBTCD-25MAY2118-T108749.99,DELTA,7,50,10,1000,614,yes,5,-1000
2025-05-21T14:04:23.292883,KXBTCD-25MAY2118-T108749.99,DELTA,7,50,10,1000,615,yes,6,-50
2025-05-21T14:04:23.293108,KXBTCD-25MAY2118-T108749.99,DELTA,8,50,10,1000,616,yes,8,50
2025-05-21T14:04:23.405489,KXBTCD-25MAY2118-T108749.99,DELTA,8,50,10,1000,617,no,88,-100
2025-05-21T14:04:23.413490,KXBTCD-25MAY2118-T108749.99,DELTA,8,50,10,1000,618,yes,4,9
2025-05-21T14:04:23.758775,KXBTCD-25MAY2118-T108749.99,DELTA,8,50,10,1000,619,yes,6,100
2025-05-21T14:04:23.972599,KXBTCD-25MAY2118-T108749.99,DELTA,8,50,10,1000,620,yes,7,-50
2025-05-21T14:04:24.013515,KXBTCD-25MAY2118-T108749.99,DELTA,8,50,10,1000,621,yes,6,500
2025-05-21T14:04:24.432900,KXBTCD-25MAY2118-T108749.99,DELTA,8,50,10,1000,622,no,86,100
2025-05-21T14:04:24.540257,KXBTCD-25MAY2118-T108749.99,DELTA,8,50,10,1000,623,no,61,-2000
2025-05-21T14:04:24.552666,KXBTCD-25MAY2118-T108749.99,DELTA,8,50,10,1000,624,yes,4,-9
2025-05-21T14:04:24.552834,KXBTCD-25MAY2118-T108749.99,DELTA,8,50,10,1000,625,no,87,2000
2025-05-21T14:04:24.913976,KXBTCD-25MAY2118-T108749.99,DELTA,8,50,10,999,626,no,90,-1
2025-05-21T14:04:27.473152,KXBTCD-25MAY2118-T108749.99,DELTA,8,50,10,999,627,no,60,-200
2025-05-21T14:04:27.473438,KXBTCD-25MAY2118-T108749.99,DELTA,8,50,10,999,628,no,50,200
2025-05-21T14:04:28.254297,KXBTCD-25MAY2118-T108749.99,DELTA,8,50,10,999,629,no,85,-24
2025-05-21T14:04:28.293180,KXBTCD-25MAY2118-T108749.99,DELTA,8,50,10,999,630,no,83,24
2025-05-21T14:04:28.333351,KXBTCD-25MAY2118-T108749.99,DELTA,8,50,10,999,631,no,86,-50
2025-05-21T14:04:28.334041,KXBTCD-25MAY2118-T108749.99,DELTA,8,50,10,999,632,no,85,50
2025-05-21T14:04:28.493005,KXBTCD-25MAY2118-T108749.99,DELTA,8,50,10,999,633,no,87,-2000
2025-05-21T14:04:28.633999,KXBTCD-25MAY2118-T108749.99,DELTA,8,50,10,999,634,no,51,2000
2025-05-21T14:04:28.893904,KXBTCD-25MAY2118-T108749.99,DELTA,8,50,10,999,635,yes,6,-500
2025-05-21T14:04:28.894386,KXBTCD-25MAY2118-T108749.99,DELTA,8,50,10,999,636,no,89,-500
2025-05-21T14:04:29.017090,KXBTCD-25MAY2118-T108749.99,DELTA,8,300,10,999,637,yes,8,250
2025-05-21T14:04:29.036515,KXBTCD-25MAY2118-T108749.99,DELTA,8,300,10,999,638,no,88,350
2025-05-21T14:04:29.075627,KXBTCD-25MAY2118-T108749.99,DELTA,8,300,12,350,639,no,90,-999
2025-05-21T14:04:29.135529,KXBTCD-25MAY2118-T108749.99,DELTA,8,300,12,350,640,yes,4,9
2025-05-21T14:04:29.155329,KXBTCD-25MAY2118-T108749.99,DELTA,8,50,12,350,641,yes,8,-250
2025-05-21T14:04:29.175060,KXBTCD-25MAY2118-T108749.99,DELTA,8,50,12,1600,642,no,88,1250
2025-05-21T14:04:29.217050,KXBTCD-25MAY2118-T108749.99,DELTA,8,50,11,1000,643,no,89,1000
2025-05-21T14:04:29.254367,KXBTCD-25MAY2118-T108749.99,DELTA,8,50,11,1000,644,yes,7,500
2025-05-21T14:04:29.294591,KXBTCD-25MAY2118-T108749.99,DELTA,8,50,11,1000,645,yes,6,-100
2025-05-21T14:04:30.152644,KXBTCD-25MAY2118-T108749.99,DELTA,8,50,11,1000,646,no,88,-1250
2025-05-21T14:04:30.193948,KXBTCD-25MAY2118-T108749.99,DELTA,8,50,11,1000,647,no,86,-100
2025-05-21T14:04:30.272783,KXBTCD-25MAY2118-T108749.99,DELTA,8,50,11,1000,648,yes,4,-9
2025-05-21T14:04:30.315022,KXBTCD-25MAY2118-T108749.99,DELTA,8,150,11,1000,649,yes,8,100
2025-05-21T14:04:31.434474,KXBTCD-25MAY2118-T108749.99,DELTA,8,150,11,1000,650,no,45,-720
2025-05-21T14:04:31.435708,KXBTCD-25MAY2118-T108749.99,DELTA,8,150,11,1000,651,no,46,704
2025-05-21T14:04:31.687987,KXBTCD-25MAY2118-T108749.99,DELTA,8,150,11,1000,652,no,84,100
2025-05-21T14:04:37.372766,KXBTCD-25MAY2118-T108749.99,DELTA,8,149,11,1000,653,yes,8,-1
2025-05-21T14:04:37.373086,KXBTCD-25MAY2118-T108749.99,DELTA,8,149,11,1000,654,no,85,-50
2025-05-21T14:04:37.373167,KXBTCD-25MAY2118-T108749.99,DELTA,8,100,11,1000,655,yes,8,-49
2025-05-21T14:04:37.553492,KXBTCD-25MAY2118-T108749.99,DELTA,9,50,11,1000,656,yes,9,50
2025-05-21T14:04:37.553673,KXBTCD-25MAY2118-T108749.99,DELTA,9,50,11,1000,657,no,84,50
2025-05-21T14:04:37.592210,KXBTCD-25MAY2118-T108749.99,DELTA,8,100,11,1000,658,yes,9,-50
2025-05-21T14:04:37.612882,KXBTCD-25MAY2118-T108749.99,DELTA,8,100,11,1000,659,no,84,-50
2025-05-21T14:04:37.694728,KXBTCD-25MAY2118-T108749.99,DELTA,8,100,11,1000,660,no,51,-2000
2025-05-21T14:04:37.852811,KXBTCD-25MAY2118-T108749.99,DELTA,8,100,11,1000,661,no,51,2000
2025-05-21T14:04:38.635076,KXBTCD-25MAY2118-T108749.99,DELTA,9,50,11,1000,662,yes,9,50
2025-05-21T14:04:38.652206,KXBTCD-25MAY2118-T108749.99,DELTA,9,50,11,1000,663,no,84,50
2025-05-21T14:04:38.675697,KXBTCD-25MAY2118-T108749.99,DELTA,8,100,11,1000,664,yes,9,-50
2025-05-21T14:04:38.693185,KXBTCD-25MAY2118-T108749.99,DELTA,8,100,11,1000,665,no,84,-50
2025-05-21T14:04:38.775983,KXBTCD-25MAY2118-T108749.99,DELTA,8,100,11,1000,666,no,51,-2000
2025-05-21T14:04:38.953772,KXBTCD-25MAY2118-T108749.99,DELTA,8,100,11,1000,667,no,51,2000
2025-05-21T14:04:39.713099,KXBTCD-25MAY2118-T108749.99,DELTA,9,50,11,1000,668,yes,9,50
2025-05-21T14:04:39.734087,KXBTCD-25MAY2118-T108749.99,DELTA,9,50,11,1000,669,no,84,50
2025-05-21T14:04:39.754630,KXBTCD-25MAY2118-T108749.99,DELTA,8,100,11,1000,670,yes,9,-50
2025-05-21T14:04:39.772852,KXBTCD-25MAY2118-T108749.99,DELTA,8,100,11,1000,671,no,84,-50
2025-05-21T14:04:39.933916,KXBTCD-25MAY2118-T108749.99,DELTA,8,100,11,1000,672,no,51,-2000
2025-05-21T14:04:40.054342,KXBTCD-25MAY2118-T108749.99,DELTA,8,100,11,1000,673,no,51,2000
2025-05-21T14:04:40.380468,KXBTCD-25MAY2118-T108749.99,DELTA,8,100,11,1000,674,no,84,-100
2025-05-21T14:04:40.813430,KXBTCD-25MAY2118-T108749.99,DELTA,8,100,11,1000,675,no,84,50
2025-05-21T14:04:40.853870,KXBTCD-25MAY2118-T108749.99,DELTA,8,100,11,1000,676,no,84,-50
2025-05-21T14:04:41.095326,KXBTCD-25MAY2118-T108749.99,DELTA,8,100,11,1000,677,no,85,100
2025-05-21T14:04:41.774845,KXBTCD-25MAY2118-T108749.99,DELTA,8,100,12,350,678,no,89,-1000
2025-05-21T14:04:41.775526,KXBTCD-25MAY2118-T108749.99,DELTA,8,100,12,350,679,yes,7,1000
2025-05-21T14:04:41.793993,KXBTCD-25MAY2118-T108749.99,DELTA,9,50,12,350,680,yes,9,50
2025-05-21T14:04:41.833645,KXBTCD-25MAY2118-T108749.99,DELTA,8,100,12,350,681,yes,9,-50
2025-05-21T14:04:41.873575,KXBTCD-25MAY2118-T108749.99,DELTA,8,100,12,350,682,no,71,9
2025-05-21T14:04:41.893545,KXBTCD-25MAY2118-T108749.99,DELTA,8,100,12,350,683,yes,7,-500
2025-05-21T14:04:41.913077,KXBTCD-25MAY2118-T108749.99,DELTA,8,100,12,1350,684,no,88,1000
2025-05-21T14:04:41.913393,KXBTCD-25MAY2118-T108749.99,DELTA,8,100,12,1000,685,no,88,-350
2025-05-21T14:04:41.972924,KXBTCD-25MAY2118-T108749.99,DELTA,8,100,12,1000,686,no,84,50
2025-05-21T14:04:41.992949,KXBTCD-25MAY2118-T108749.99,DELTA,9,150,12,1000,687,yes,9,150
2025-05-21T14:04:42.012332,KXBTCD-25MAY2118-T108749.99,DELTA,9,150,12,1000,688,no,87,400
2025-05-21T14:04:42.012542,KXBTCD-25MAY2118-T108749.99,DELTA,9,150,12,1000,689,no,84,-50
2025-05-21T14:04:42.073561,KXBTCD-25MAY2118-T108749.99,DELTA,9,150,12,1000,690,yes,7,-1000
2025-05-21T14:04:42.073786,KXBTCD-25MAY2118-T108749.99,DELTA,9,150,13,400,691,no,88,-1000
2025-05-21T14:04:42.213496,KXBTCD-25MAY2118-T108749.99,DELTA,9,150,12,1000,692,no,88,1000
2025-05-21T14:04:42.834064,KXBTCD-25MAY2118-T108749.99,DELTA,8,100,12,1000,693,yes,9,-150
2025-05-21T14:04:42.872865,KXBTCD-25MAY2118-T108749.99,DELTA,10,50,12,1000,694,yes,10,50
2025-05-21T14:04:42.912821,KXBTCD-25MAY2118-T108749.99,DELTA,8,100,12,1000,695,yes,10,-50
2025-05-21T14:04:42.934354,KXBTCD-25MAY2118-T108749.99,DELTA,9,300,12,1000,696,yes,9,300
2025-05-21T14:04:42.954636,KXBTCD-25MAY2118-T108749.99,DELTA,9,300,12,1000,697,yes,4,9
2025-05-21T14:04:42.954962,KXBTCD-25MAY2118-T108749.99,DELTA,9,300,12,1000,698,no,71,-9
2025-05-21T14:04:43.054054,KXBTCD-25MAY2118-T108749.99,DELTA,9,300,12,1000,699,no,83,50
2025-05-21T14:04:43.959585,KXBTCD-25MAY2118-T108749.99,DELTA,10,50,12,1000,700,yes,10,50
2025-05-21T14:04:44.582086,KXBTCD-25MAY2118-T108749.99,DELTA,10,50,12,1000,701,no,83,-24
2025-05-21T14:04:44.582710,KXBTCD-25MAY2118-T108749.99,DELTA,10,50,12,1000,702,yes,1,24
2025-05-21T14:04:44.583164,KXBTCD-25MAY2118-T108749.99,DELTA,10,50,12,1000,703,no,82,24
2025-05-21T14:04:45.413980,KXBTCD-25MAY2118-T108749.99,DELTA,10,50,12,1000,704,yes,8,1000
2025-05-21T14:04:45.414263,KXBTCD-25MAY2118-T108749.99,DELTA,10,50,13,400,705,no,88,-1000
2025-05-21T14:04:45.534286,KXBTCD-25MAY2118-T108749.99,DELTA,10,50,13,400,706,yes,4,-9
2025-05-21T14:04:45.553400,KXBTCD-25MAY2118-T108749.99,DELTA,10,50,13,1400,707,no,87,1000
2025-05-21T14:04:46.234301,KXBTCD-25MAY2118-T108749.99,DELTA,10,50,13,1400,708,no,46,-704
2025-05-21T14:04:46.234715,KXBTCD-25MAY2118-T108749.99,DELTA,10,50,13,1400,709,no,45,720
2025-05-21T14:04:46.834238,KXBTCD-25MAY2118-T108749.99,DELTA,10,50,13,1000,710,no,87,-400
2025-05-21T14:04:46.993676,KXBTCD-25MAY2118-T108749.99,DELTA,10,50,15,100,711,no,87,-1000
2025-05-21T14:04:47.014450,KXBTCD-25MAY2118-T108749.99,DELTA,10,50,14,300,712,no,86,300
2025-05-21T14:04:47.015242,KXBTCD-25MAY2118-T108749.99,DELTA,10,50,14,300,713,no,85,-100
2025-05-21T14:04:47.033780,KXBTCD-25MAY2118-T108749.99,DELTA,10,50,14,300,714,yes,8,-100
2025-05-21T14:04:47.094011,KXBTCD-25MAY2118-T108749.99,DELTA,10,50,14,300,715,no,71,9
2025-05-21T14:04:47.133698,KXBTCD-25MAY2118-T108749.99,DELTA,10,50,14,1300,716,no,86,1000
2025-05-21T14:04:47.173683,KXBTCD-25MAY2118-T108749.99,DELTA,10,50,14,1300,717,yes,8,-1000
2025-05-21T14:04:47.254778,KXBTCD-25MAY2118-T108749.99,DELTA,10,50,14,300,718,no,86,-1000
2025-05-21T14:04:47.373350,KXBTCD-25MAY2118-T108749.99,DELTA,10,50,13,1000,719,no,87,1000
2025-05-21T14:04:47.513538,KXBTCD-25MAY2118-T108749.99,DELTA,10,50,13,1000,720,no,86,1250
2025-05-21T14:04:48.254331,KXBTCD-25MAY2118-T108749.99,DELTA,10,50,13,1000,721,yes,9,100
2025-05-21T14:04:48.254719,KXBTCD-25MAY2118-T108749.99,DELTA,10,50,13,1000,722,no,83,100
2025-05-21T14:04:48.373790,KXBTCD-25MAY2118-T108749.99,DELTA,10,50,13,1000,723,no,71,-9
2025-05-21T14:04:48.374317,KXBTCD-25MAY2118-T108749.99,DELTA,10,50,13,1000,724,yes,4,9
2025-05-21T14:04:48.392816,KXBTCD-25MAY2118-T108749.99,DELTA,10,50,13,1000,725,no,51,-2000
2025-05-21T14:04:48.474289,KXBTCD-25MAY2118-T108749.99,DELTA,10,50,13,1000,726,no,83,-100
2025-05-21T14:04:48.514865,KXBTCD-25MAY2118-T108749.99,DELTA,10,50,13,1000,727,no,84,2000
2025-05-21T14:04:48.614171,KXBTCD-25MAY2118-T108749.99,DELTA,10,50,13,1000,728,no,84,-2000
2025-05-21T14:04:48.713486,KXBTCD-25MAY2118-T108749.99,DELTA,10,50,13,1000,729,no,51,2000
2025-05-21T14:04:49.413799,KXBTCD-25MAY2118-T108749.99,DELTA,10,50,13,1000,730,no,83,100
2025-05-21T14:04:49.532476,KXBTCD-25MAY2118-T108749.99,DELTA,10,50,13,1000,731,no,51,-2000
2025-05-21T14:04:49.653482,KXBTCD-25MAY2118-T108749.99,DELTA,10,50,13,1000,732,no,84,2000
2025-05-21T14:04:51.395312,KXBTCD-25MAY2118-T108749.99,DELTA,10,50,13,1000,733,no,83,-100
2025-05-21T14:04:51.533641,KXBTCD-25MAY2118-T108749.99,DELTA,10,50,13,1000,734,no,84,-2000
2025-05-21T14:04:51.633509,KXBTCD-25MAY2118-T108749.99,DELTA,10,50,13,1000,735,no,51,2000
2025-05-21T14:04:52.195914,KXBTCD-25MAY2118-T108749.99,DELTA,10,50,13,1000,736,no,45,-720
2025-05-21T14:04:52.196964,KXBTCD-25MAY2118-T108749.99,DELTA,10,50,13,1000,737,no,6,5400
2025-05-21T14:04:52.214880,KXBTCD-25MAY2118-T108749.99,DELTA,10,50,13,1000,738,no,83,100
2025-05-21T14:04:52.353430,KXBTCD-25MAY2118-T108749.99,DELTA,10,50,13,1000,739,no,5,-20000
2025-05-21T14:04:52.414451,KXBTCD-25MAY2118-T108749.99,DELTA,10,50,13,1000,740,no,83,-100
2025-05-21T14:04:52.473482,KXBTCD-25MAY2118-T108749.99,DELTA,10,50,13,1000,741,no,7,20000
2025-05-21T14:04:52.474682,KXBTCD-25MAY2118-T108749.99,DELTA,10,50,13,1000,742,no,51,-2000
2025-05-21T14:04:52.594324,KXBTCD-25MAY2118-T108749.99,DELTA,10,50,13,1000,743,no,51,2000
2025-05-21T14:04:53.194279,KXBTCD-25MAY2118-T108749.99,DELTA,10,50,13,1000,744,no,83,100
2025-05-21T14:04:53.334535,KXBTCD-25MAY2118-T108749.99,DELTA,10,50,13,1000,745,no,51,-2000
2025-05-21T14:04:53.354099,KXBTCD-25MAY2118-T108749.99,DELTA,10,50,13,1000,746,no,6,-5400
2025-05-21T14:04:53.354697,KXBTCD-25MAY2118-T108749.99,DELTA,10,50,13,1000,747,no,8,4050
2025-05-21T14:04:53.453711,KXBTCD-25MAY2118-T108749.99,DELTA,10,50,13,1000,748,no,84,2000
2025-05-21T14:04:53.535083,KXBTCD-25MAY2118-T108749.99,DELTA,10,50,13,1000,749,no,83,-100
2025-05-21T14:04:53.576209,KXBTCD-25MAY2118-T108749.99,DELTA,10,50,13,1000,750,no,7,-20000
2025-05-21T14:04:53.695450,KXBTCD-25MAY2118-T108749.99,DELTA,10,50,13,1000,751,no,84,-2000
2025-05-21T14:04:53.696552,KXBTCD-25MAY2118-T108749.99,DELTA,10,50,13,1000,752,no,9,20000
2025-05-21T14:04:53.815897,KXBTCD-25MAY2118-T108749.99,DELTA,10,50,13,1000,753,no,51,2000
2025-05-21T14:04:54.213850,KXBTCD-25MAY2118-T108749.99,DELTA,10,50,13,1000,754,no,83,100
2025-05-21T14:04:54.373772,KXBTCD-25MAY2118-T108749.99,DELTA,10,50,13,1000,755,no,51,-2000
2025-05-21T14:04:54.453766,KXBTCD-25MAY2118-T108749.99,DELTA,10,50,13,1000,756,no,83,-100
2025-05-21T14:04:54.533453,KXBTCD-25MAY2118-T108749.99,DELTA,10,50,13,1000,757,no,84,2000
2025-05-21T14:04:54.553322,KXBTCD-25MAY2118-T108749.99,DELTA,10,50,13,1000,758,no,8,-4050
2025-05-21T14:04:54.553690,KXBTCD-25MAY2118-T108749.99,DELTA,10,50,13,1000,759,no,10,3240
2025-05-21T14:04:54.693509,KXBTCD-25MAY2118-T108749.99,DELTA,10,50,13,1000,760,no,84,-2000
2025-05-21T14:04:54.813723,KXBTCD-25MAY2118-T108749.99,DELTA,10,50,13,1000,761,no,9,-20000
2025-05-21T14:04:54.814318,KXBTCD-25MAY2118-T108749.99,DELTA,10,50,13,1000,762,no,51,2000
2025-05-21T14:04:54.953268,KXBTCD-25MAY2118-T108749.99,DELTA,10,50,13,1000,763,no,11,20000
2025-05-21T14:04:55.554137,KXBTCD-25MAY2118-T108749.99,DELTA,10,50,13,1000,764,no,84,100
2025-05-21T14:04:55.693296,KXBTCD-25MAY2118-T108749.99,DELTA,10,50,13,1000,765,no,10,-3240
2025-05-21T14:04:55.693536,KXBTCD-25MAY2118-T108749.99,DELTA,10,50,13,1000,766,no,12,2700
2025-05-21T14:04:55.814459,KXBTCD-25MAY2118-T108749.99,DELTA,10,50,13,1000,767,no,11,-20000
2025-05-21T14:04:55.956196,KXBTCD-25MAY2118-T108749.99,DELTA,10,50,13,1000,768,no,5,20000
2025-05-21T14:04:56.813024,KXBTCD-25MAY2118-T108749.99,DELTA,10,50,13,1000,769,no,12,-2700
2025-05-21T14:04:56.813293,KXBTCD-25MAY2118-T108749.99,DELTA,10,50,13,1000,770,no,6,5400
2025-05-21T14:04:56.952776,KXBTCD-25MAY2118-T108749.99,DELTA,10,50,13,1000,771,no,5,-20000
2025-05-21T14:04:57.057043,KXBTCD-25MAY2118-T108749.99,DELTA,10,50,13,1000,772,no,7,20000
2025-05-21T14:05:00.494099,KXBTCD-25MAY2118-T108749.99,DELTA,10,50,13,1000,773,no,6,-5400
2025-05-21T14:05:00.494617,KXBTCD-25MAY2118-T108749.99,DELTA,10,50,13,1000,774,no,8,4050
2025-05-21T14:05:00.516828,KXBTCD-25MAY2118-T108749.99,DELTA,10,50,13,1000,775,no,51,-2000
2025-05-21T14:05:00.534038,KXBTCD-25MAY2118-T108749.99,DELTA,10,50,13,1000,776,no,86,-1250
2025-05-21T14:05:00.595533,KXBTCD-25MAY2118-T108749.99,DELTA,10,50,13,1000,777,yes,9,-300
2025-05-21T14:05:00.635021,KXBTCD-25MAY2118-T108749.99,DELTA,10,50,13,1000,778,no,86,-300
2025-05-21T14:05:00.673441,KXBTCD-25MAY2118-T108749.99,DELTA,10,50,13,2250,779,no,87,1250
2025-05-21T14:05:00.695935,KXBTCD-25MAY2118-T108749.99,DELTA,10,50,13,2250,780,no,7,-20000
2025-05-21T14:05:00.715555,KXBTCD-25MAY2118-T108749.99,DELTA,10,50,13,2250,781,no,86,2000
2025-05-21T14:05:00.774851,KXBTCD-25MAY2118-T108749.99,DELTA,10,50,13,2250,782,yes,8,500
2025-05-21T14:05:00.775421,KXBTCD-25MAY2118-T108749.99,DELTA,10,50,12,50,783,no,88,50
2025-05-21T14:05:00.775778,KXBTCD-25MAY2118-T108749.99,DELTA,10,50,12,50,784,no,87,-1000
2025-05-21T14:05:00.833830,KXBTCD-25MAY2118-T108749.99,DELTA,10,50,12,50,785,no,87,-1250
2025-05-21T14:05:00.853837,KXBTCD-25MAY2118-T108749.99,DELTA,10,50,12,50,786,no,9,20000
2025-05-21T14:05:00.892861,KXBTCD-25MAY2118-T108749.99,DELTA,10,50,12,50,787,no,86,-2000
2025-05-21T14:05:00.975873,KXBTCD-25MAY2118-T108749.99,DELTA,10,50,12,50,788,no,85,1000
2025-05-21T14:05:00.994303,KXBTCD-25MAY2118-T108749.99,DELTA,10,50,12,50,789,no,84,-100
2025-05-21T14:05:00.994738,KXBTCD-25MAY2118-T108749.99,DELTA,10,50,12,50,790,yes,9,-100
2025-05-21T14:05:01.013942,KXBTCD-25MAY2118-T108749.99,DELTA,10,50,12,50,791,no,51,2000
2025-05-21T14:05:01.115032,KXBTCD-25MAY2118-T108749.99,DELTA,10,50,12,50,792,no,85,-1000
2025-05-21T14:05:01.233179,KXBTCD-25MAY2118-T108749.99,DELTA,10,50,11,1000,793,no,89,1000
2025-05-21T14:05:01.277110,KXBTCD-25MAY2118-T108749.99,DELTA,10,50,11,1000,794,no,70,250
2025-05-21T14:05:01.293592,KXBTCD-25MAY2118-T108749.99,DELTA,10,50,11,1000,795,no,72,250
2025-05-21T14:05:01.294305,KXBTCD-25MAY2118-T108749.99,DELTA,10,50,11,1000,796,no,74,250
2025-05-21T14:05:01.312947,KXBTCD-25MAY2118-T108749.99,DELTA,10,50,11,1000,797,no,66,250
2025-05-21T14:05:01.313597,KXBTCD-25MAY2118-T108749.99,DELTA,10,50,11,1000,798,no,68,250
2025-05-21T14:05:01.334985,KXBTCD-25MAY2118-T108749.99,DELTA,10,50,11,1000,799,yes,2,250
2025-05-21T14:05:01.393915,KXBTCD-25MAY2118-T108749.99,DELTA,10,50,11,1000,800,yes,4,-9
2025-05-21T14:05:01.453686,KXBTCD-25MAY2118-T108749.99,DELTA,10,50,11,1000,801,no,51,-2000
2025-05-21T14:05:01.494063,KXBTCD-25MAY2118-T108749.99,DELTA,10,50,11,1000,802,no,88,-50
2025-05-21T14:05:01.512447,KXBTCD-25MAY2118-T108749.99,DELTA,10,50,11,1000,803,yes,3,1000
2025-05-21T14:05:01.593946,KXBTCD-25MAY2118-T108749.99,DELTA,10,50,11,1000,804,no,88,150
2025-05-21T14:05:01.633428,KXBTCD-25MAY2118-T108749.99,DELTA,10,50,11,1000,805,no,75,2000
2025-05-21T14:05:01.673987,KXBTCD-25MAY2118-T108749.99,DELTA,10,50,12,150,806,no,89,-1000
2025-05-21T14:05:01.994810,KXBTCD-25MAY2118-T108749.99,DELTA,10,50,12,150,807,yes,3,1250
2025-05-21T14:05:01.995308,KXBTCD-25MAY2118-T108749.99,DELTA,10,50,11,1000,808,no,89,1000
2025-05-21T14:05:01.995692,KXBTCD-25MAY2118-T108749.99,DELTA,10,50,11,1000,809,yes,3,2000
2025-05-21T14:05:02.213904,KXBTCD-25MAY2118-T108749.99,DELTA,10,50,11,1000,810,yes,7,100
2025-05-21T14:05:02.296513,KXBTCD-25MAY2118-T108749.99,DELTA,10,50,11,1000,811,no,85,100
2025-05-21T14:05:02.914054,KXBTCD-25MAY2118-T108749.99,DELTA,10,50,11,1000,812,yes,3,-1000
2025-05-21T14:05:02.915698,KXBTCD-25MAY2118-T108749.99,DELTA,8,500,11,1000,813,yes,10,-50
2025-05-21T14:05:02.915835,KXBTCD-25MAY2118-T108749.99,DELTA,9,50,11,1000,814,yes,9,50
2025-05-21T14:05:02.916066,KXBTCD-25MAY2118-T108749.99,DELTA,9,50,11,1000,815,no,85,-100
2025-05-21T14:05:02.995070,KXBTCD-25MAY2118-T108749.99,DELTA,9,50,12,150,816,no,89,-1000
2025-05-21T14:05:03.213246,KXBTCD-25MAY2118-T108749.99,DELTA,9,50,12,150,817,no,84,9
2025-05-21T14:05:03.414617,KXBTCD-25MAY2118-T108749.99,DELTA,9,50,12,1150,818,no,88,1000
2025-05-21T14:05:03.415403,KXBTCD-25MAY2118-T108749.99,DELTA,9,50,12,1150,819,yes,7,1000
2025-05-21T14:05:03.495925,KXBTCD-25MAY2118-T108749.99,DELTA,9,50,12,1150,820,no,64,250
2025-05-21T14:05:03.496658,KXBTCD-25MAY2118-T108749.99,DELTA,9,50,12,1150,821,no,74,-250
2025-05-21T14:05:03.622384,KXBTCD-25MAY2118-T108749.99,DELTA,9,50,12,1150,822,yes,4,250
2025-05-21T14:05:03.894328,KXBTCD-25MAY2118-T108749.99,DELTA,9,50,12,1150,823,no,75,-2000
2025-05-21T14:05:03.896006,KXBTCD-25MAY2118-T108749.99,DELTA,9,50,12,1150,824,yes,3,-2000
2025-05-21T14:05:03.896727,KXBTCD-25MAY2118-T108749.99,DELTA,9,50,12,1000,825,no,88,-150
2025-05-21T14:05:03.914358,KXBTCD-25MAY2118-T108749.99,DELTA,9,50,12,1000,826,yes,3,-1250
2025-05-21T14:05:04.013911,KXBTCD-25MAY2118-T108749.99,DELTA,9,50,12,1000,827,no,84,-9
2025-05-21T14:05:04.114669,KXBTCD-25MAY2118-T108749.99,DELTA,9,50,12,1000,828,yes,5,1250
2025-05-21T14:05:04.114996,KXBTCD-25MAY2118-T108749.99,DELTA,9,50,12,1000,829,no,73,2000
2025-05-21T14:05:04.115181,KXBTCD-25MAY2118-T108749.99,DELTA,9,50,12,1000,830,yes,4,2000
2025-05-21T14:05:04.115661,KXBTCD-25MAY2118-T108749.99,DELTA,9,50,17,50,831,no,88,-1000
2025-05-21T14:05:04.209077,KXBTCD-25MAY2118-T108749.99,DELTA,9,50,17,50,832,no,8,-4050
2025-05-21T14:05:04.209824,KXBTCD-25MAY2118-T108749.99,DELTA,9,50,17,50,833,no,10,3240
2025-05-21T14:05:04.294602,KXBTCD-25MAY2118-T108749.99,DELTA,9,50,18,24,834,no,83,-50
2025-05-21T14:05:04.294975,KXBTCD-25MAY2118-T108749.99,DELTA,9,50,18,24,835,no,74,50
2025-05-21T14:05:04.313571,KXBTCD-25MAY2118-T108749.99,DELTA,9,50,16,1000,836,no,84,1000
2025-05-21T14:05:04.393682,KXBTCD-25MAY2118-T108749.99,DELTA,9,50,16,1100,837,no,84,100
2025-05-21T14:05:04.412741,KXBTCD-25MAY2118-T108749.99,DELTA,9,50,16,1100,838,no,74,-50
2025-05-21T14:05:04.413220,KXBTCD-25MAY2118-T108749.99,DELTA,9,50,16,1150,839,no,84,50
2025-05-21T14:05:04.515791,KXBTCD-25MAY2118-T108749.99,DELTA,9,50,16,1150,840,no,9,-20000
2025-05-21T14:05:04.593672,KXBTCD-25MAY2118-T108749.99,DELTA,9,50,16,150,841,no,84,-1000
2025-05-21T14:05:04.697590,KXBTCD-25MAY2118-T108749.99,DELTA,9,50,13,200,842,no,87,200
2025-05-21T14:05:04.794169,KXBTCD-25MAY2118-T108749.99,DELTA,9,50,13,200,843,no,85,1000
2025-05-21T14:05:04.794593,KXBTCD-25MAY2118-T108749.99,DELTA,9,50,13,200,844,no,73,-2000
2025-05-21T14:05:04.814772,KXBTCD-25MAY2118-T108749.99,DELTA,9,50,13,200,845,no,11,20000
2025-05-21T14:05:04.815510,KXBTCD-25MAY2118-T108749.99,DELTA,9,50,13,200,846,no,74,9
2025-05-21T14:05:04.816007,KXBTCD-25MAY2118-T108749.99,DELTA,9,50,13,200,847,no,84,-100
2025-05-21T14:05:05.013983,KXBTCD-25MAY2118-T108749.99,DELTA,9,50,13,200,848,no,85,2000
2025-05-21T14:05:05.195689,KXBTCD-25MAY2118-T108749.99,DELTA,9,50,13,200,849,no,85,-2000
2025-05-21T14:05:05.196657,KXBTCD-25MAY2118-T108749.99,DELTA,9,50,13,200,850,no,85,-1000
2025-05-21T14:05:05.313665,KXBTCD-25MAY2118-T108749.99,DELTA,9,50,13,200,851,no,73,2000
2025-05-21T14:05:05.393014,KXBTCD-25MAY2118-T108749.99,DELTA,9,50,12,1000,852,no,88,1000
2025-05-21T14:05:05.817508,KXBTCD-25MAY2118-T108749.99,DELTA,9,50,12,1000,853,no,10,-3240
2025-05-21T14:05:05.818328,KXBTCD-25MAY2118-T108749.99,DELTA,9,50,12,1000,854,no,12,2700
2025-05-21T14:05:05.933869,KXBTCD-25MAY2118-T108749.99,DELTA,9,50,12,1000,855,no,74,-9
2025-05-21T14:05:05.953970,KXBTCD-25MAY2118-T108749.99,DELTA,9,50,12,1000,856,no,11,-20000
2025-05-21T14:05:06.114406,KXBTCD-25MAY2118-T108749.99,DELTA,9,50,12,1000,857,no,5,20000
2025-05-21T14:05:06.134018,KXBTCD-25MAY2118-T108749.99,DELTA,9,50,12,1000,858,no,85,100
2025-05-21T14:05:06.313639,KXBTCD-25MAY2118-T108749.99,DELTA,9,50,12,1000,859,yes,7,-100
2025-05-21T14:05:06.454986,KXBTCD-25MAY2118-T108749.99,DELTA,9,50,12,1000,860,yes,7,-1000
2025-05-21T14:05:06.574398,KXBTCD-25MAY2118-T108749.99,DELTA,9,50,12,1000,861,yes,5,1000
2025-05-21T14:05:06.954095,KXBTCD-25MAY2118-T108749.99,DELTA,9,50,12,1000,862,no,12,-2700
2025-05-21T14:05:06.954652,KXBTCD-25MAY2118-T108749.99,DELTA,9,50,12,1000,863,no,6,5400
2025-05-21T14:05:07.095211,KXBTCD-25MAY2118-T108749.99,DELTA,9,50,12,1000,864,no,5,-20000
2025-05-21T14:05:07.174803,KXBTCD-25MAY2118-T108749.99,DELTA,9,50,12,1000,865,yes,8,100
2025-05-21T14:05:07.216316,KXBTCD-25MAY2118-T108749.99,DELTA,9,50,12,1000,866,no,7,20000
2025-05-21T14:05:07.441723,KXBTCD-25MAY2118-T108749.99,DELTA,9,50,12,1000,867,yes,4,-2000
2025-05-21T14:05:07.457050,KXBTCD-25MAY2118-T108749.99,DELTA,9,50,12,1000,868,yes,5,-1000
2025-05-21T14:05:07.457948,KXBTCD-25MAY2118-T108749.99,DELTA,9,50,13,200,869,no,88,-1000
2025-05-21T14:05:07.612874,KXBTCD-25MAY2118-T108749.99,DELTA,9,50,13,1200,870,no,87,1000
2025-05-21T14:05:07.633453,KXBTCD-25MAY2118-T108749.99,DELTA,9,50,13,1200,871,yes,8,1000
2025-05-21T14:05:07.633622,KXBTCD-25MAY2118-T108749.99,DELTA,9,50,13,1200,872,yes,5,2000
2025-05-21T14:05:08.095078,KXBTCD-25MAY2118-T108749.99,DELTA,9,50,13,1200,873,no,6,-5400
2025-05-21T14:05:08.095834,KXBTCD-25MAY2118-T108749.99,DELTA,9,50,13,1200,874,no,8,4050
2025-05-21T14:05:08.214868,KXBTCD-25MAY2118-T108749.99,DELTA,9,50,13,1200,875,no,7,-20000
2025-05-21T14:05:08.347715,KXBTCD-25MAY2118-T108749.99,DELTA,9,50,13,1200,876,no,9,20000
2025-05-21T14:05:09.333286,KXBTCD-25MAY2118-T108749.99,DELTA,9,50,13,1200,877,no,8,-4050
2025-05-21T14:05:09.334183,KXBTCD-25MAY2118-T108749.99,DELTA,9,50,13,1200,878,no,10,3240
2025-05-21T14:05:09.473199,KXBTCD-25MAY2118-T108749.99,DELTA,9,50,13,1200,879,no,9,-20000
2025-05-21T14:05:09.594588,KXBTCD-25MAY2118-T108749.99,DELTA,9,50,13,1200,880,no,11,20000
2025-05-21T14:05:09.654386,KXBTCD-25MAY2118-T108749.99,DELTA,9,50,13,1000,881,no,87,-200
2025-05-21T14:05:09.773725,KXBTCD-25MAY2118-T108749.99,DELTA,9,50,13,1000,882,yes,8,-500
2025-05-21T14:05:09.813618,KXBTCD-25MAY2118-T108749.99,DELTA,9,50,15,100,883,no,87,-1000
2025-05-21T14:05:09.913166,KXBTCD-25MAY2118-T108749.99,DELTA,10,250,15,100,884,yes,10,250
2025-05-21T14:05:09.933964,KXBTCD-25MAY2118-T108749.99,DELTA,10,250,14,250,885,no,86,250
2025-05-21T14:05:09.973807,KXBTCD-25MAY2118-T108749.99,DELTA,10,250,14,1250,886,no,86,1000
2025-05-21T14:05:09.974420,KXBTCD-25MAY2118-T108749.99,DELTA,10,250,14,1250,887,yes,9,-50
2025-05-21T14:05:09.974855,KXBTCD-25MAY2118-T108749.99,DELTA,11,50,14,1250,888,yes,11,50
2025-05-21T14:05:10.113299,KXBTCD-25MAY2118-T108749.99,DELTA,11,50,14,250,889,no,86,-1000
2025-05-21T14:05:10.233756,KXBTCD-25MAY2118-T108749.99,DELTA,11,50,13,1000,890,no,87,1000
2025-05-21T14:05:10.234614,KXBTCD-25MAY2118-T108749.99,DELTA,11,50,13,1000,891,no,74,9
2025-05-21T14:05:12.265815,KXBTCD-25MAY2118-T108749.99,DELTA,11,50,13,1000,892,no,73,1250
2025-05-21T14:05:12.334671,KXBTCD-25MAY2118-T108749.99,DELTA,11,50,13,1000,893,no,84,-50
2025-05-21T14:05:12.335276,KXBTCD-25MAY2118-T108749.99,DELTA,11,50,13,1000,894,no,83,50
2025-05-21T14:05:12.380081,KXBTCD-25MAY2118-T108749.99,DELTA,11,50,13,1000,895,no,74,-9
2025-05-21T14:05:12.732782,KXBTCD-25MAY2118-T108749.99,DELTA,11,50,13,1000,896,yes,8,-1000
2025-05-21T14:05:12.733351,KXBTCD-25MAY2118-T108749.99,DELTA,11,50,14,250,897,no,87,-1000
2025-05-21T14:05:12.879925,KXBTCD-25MAY2118-T108749.99,DELTA,11,50,14,250,898,yes,9,1000
2025-05-21T14:05:12.880213,KXBTCD-25MAY2118-T108749.99,DELTA,11,50,14,1250,899,no,86,1000
2025-05-21T14:05:12.993331,KXBTCD-25MAY2118-T108749.99,DELTA,11,50,14,1250,900,no,10,-3240
2025-05-21T14:05:12.993740,KXBTCD-25MAY2118-T108749.99,DELTA,11,50,14,1250,901,no,45,720
2025-05-21T14:05:13.133833,KXBTCD-25MAY2118-T108749.99,DELTA,11,50,14,1250,902,no,11,-20000
2025-05-21T14:05:13.153123,KXBTCD-25MAY2118-T108749.99,DELTA,11,50,14,1250,903,yes,6,250
2025-05-21T14:05:13.252648,KXBTCD-25MAY2118-T108749.99,DELTA,11,50,14,1250,904,no,5,20000
2025-05-21T14:05:13.273202,KXBTCD-25MAY2118-T108749.99,DELTA,11,50,14,1250,905,yes,5,-2000
2025-05-21T14:05:13.292769,KXBTCD-25MAY2118-T108749.99,DELTA,11,50,14,1250,906,yes,5,-1250
2025-05-21T14:05:13.392996,KXBTCD-25MAY2118-T108749.99,DELTA,11,50,14,1000,907,no,86,-250
2025-05-21T14:05:13.413275,KXBTCD-25MAY2118-T108749.99,DELTA,11,50,14,1000,908,yes,7,1250
2025-05-21T14:05:13.413645,KXBTCD-25MAY2118-T108749.99,DELTA,11,50,14,1000,909,yes,6,2000
2025-05-21T14:05:13.473158,KXBTCD-25MAY2118-T108749.99,DELTA,11,50,14,1000,910,no,85,500
2025-05-21T14:05:13.633485,KXBTCD-25MAY2118-T108749.99,DELTA,11,50,14,1000,911,yes,8,-100
2025-05-21T14:05:13.652491,KXBTCD-25MAY2118-T108749.99,DELTA,11,50,14,1000,912,no,85,-100
2025-05-21T14:05:13.757711,KXBTCD-25MAY2118-T108749.99,DELTA,11,50,14,1000,913,yes,9,-1000
2025-05-21T14:05:13.875654,KXBTCD-25MAY2118-T108749.99,DELTA,11,50,14,1000,914,yes,7,1000
2025-05-21T14:05:14.591505,KXBTCD-25MAY2118-T108749.99,DELTA,11,50,14,1000,915,yes,9,100
2025-05-21T14:05:14.591983,KXBTCD-25MAY2118-T108749.99,DELTA,11,50,14,1000,916,no,83,100
2025-05-21T14:05:14.693819,KXBTCD-25MAY2118-T108749.99,DELTA,11,50,14,1000,917,yes,7,-1000
2025-05-21T14:05:14.712960,KXBTCD-25MAY2118-T108749.99,DELTA,11,50,14,1000,918,no,73,-2000
2025-05-21T14:05:14.813857,KXBTCD-25MAY2118-T108749.99,DELTA,11,50,14,1000,919,yes,9,1000
2025-05-21T14:05:14.833587,KXBTCD-25MAY2118-T108749.99,DELTA,11,50,14,1000,920,no,83,2000
2025-05-21T14:05:15.134251,KXBTCD-25MAY2118-T108749.99,DELTA,11,50,14,1000,921,no,72,-250
2025-05-21T14:05:15.134823,KXBTCD-25MAY2118-T108749.99,DELTA,11,50,14,1000,922,no,62,250
2025-05-21T14:05:15.262570,KXBTCD-25MAY2118-T108749.99,DELTA,11,50,14,1000,923,no,73,-1250
2025-05-21T14:05:16.815663,KXBTCD-25MAY2118-T108749.99,DELTA,11,50,14,1000,924,no,45,-720
2025-05-21T14:05:16.816679,KXBTCD-25MAY2118-T108749.99,DELTA,11,50,14,1000,925,no,46,704
2025-05-21T14:05:19.373420,KXBTCD-25MAY2118-T108749.99,DELTA,11,50,14,1000,926,yes,3,24
2025-05-21T14:05:19.373738,KXBTCD-25MAY2118-T108749.99,DELTA,11,50,14,1000,927,yes,1,-24
2025-05-21T14:05:19.393332,KXBTCD-25MAY2118-T108749.99,DELTA,11,50,14,1000,928,no,80,24
2025-05-21T14:05:19.393974,KXBTCD-25MAY2118-T108749.99,DELTA,11,50,14,1000,929,no,82,-24
2025-05-21T14:05:20.076506,KXBTCD-25MAY2118-T108749.99,DELTA,11,50,14,1000,930,yes,9,-100
2025-05-21T14:05:20.095967,KXBTCD-25MAY2118-T108749.99,DELTA,11,50,14,1000,931,no,58,250
2025-05-21T14:05:20.096498,KXBTCD-25MAY2118-T108749.99,DELTA,11,50,14,1000,932,no,71,1250
2025-05-21T14:05:20.096941,KXBTCD-25MAY2118-T108749.99,DELTA,11,50,14,1000,933,yes,6,-2000
2025-05-21T14:05:20.115087,KXBTCD-25MAY2118-T108749.99,DELTA,11,50,14,1000,934,yes,9,-1000
2025-05-21T14:05:20.115574,KXBTCD-25MAY2118-T108749.99,DELTA,11,50,14,1000,935,no,70,-250
2025-05-21T14:05:20.115975,KXBTCD-25MAY2118-T108749.99,DELTA,11,50,14,1000,936,no,60,250
2025-05-21T14:05:20.116962,KXBTCD-25MAY2118-T108749.99,DELTA,11,50,14,1000,937,no,66,-250
2025-05-21T14:05:20.117250,KXBTCD-25MAY2118-T108749.99,DELTA,11,50,14,1000,938,no,83,-2000
2025-05-21T14:05:20.117686,KXBTCD-25MAY2118-T108749.99,DELTA,11,50,14,1000,939,no,56,250
2025-05-21T14:05:20.140557,KXBTCD-25MAY2118-T108749.99,DELTA,11,50,15,500,940,no,86,-1000
2025-05-21T14:05:20.141474,KXBTCD-25MAY2118-T108749.99,DELTA,11,50,15,500,941,no,68,-250
2025-05-21T14:05:20.142070,KXBTCD-25MAY2118-T108749.99,DELTA,11,50,15,500,942,no,83,-50
2025-05-21T14:05:20.142399,KXBTCD-25MAY2118-T108749.99,DELTA,11,50,15,500,943,no,81,50
2025-05-21T14:05:20.180388,KXBTCD-25MAY2118-T108749.99,DELTA,11,50,15,500,944,yes,8,250
2025-05-21T14:05:20.194006,KXBTCD-25MAY2118-T108749.99,DELTA,11,50,15,500,945,yes,6,-250
2025-05-21T14:05:20.234307,KXBTCD-25MAY2118-T108749.99,DELTA,11,50,15,500,946,yes,8,-250
2025-05-21T14:05:20.254204,KXBTCD-25MAY2118-T108749.99,DELTA,11,50,15,500,947,no,58,-250
2025-05-21T14:05:20.406282,KXBTCD-25MAY2118-T108749.99,DELTA,11,50,15,500,948,no,56,-250
2025-05-21T14:05:20.406424,KXBTCD-25MAY2118-T108749.99,DELTA,11,50,15,500,949,no,65,2000
2025-05-21T14:05:20.406743,KXBTCD-25MAY2118-T108749.99,DELTA,11,50,15,500,950,no,71,-1250
2025-05-21T14:05:20.406826,KXBTCD-25MAY2118-T108749.99,DELTA,11,50,15,500,951,yes,7,2000
2025-05-21T14:05:20.406899,KXBTCD-25MAY2118-T108749.99,DELTA,11,50,15,500,952,yes,10,1000
2025-05-21T14:05:20.406968,KXBTCD-25MAY2118-T108749.99,DELTA,11,50,15,1500,953,no,85,1000
2025-05-21T14:05:20.407484,KXBTCD-25MAY2118-T108749.99,DELTA,11,50,15,1500,954,yes,10,-250
2025-05-21T14:05:20.413847,KXBTCD-25MAY2118-T108749.99,DELTA,11,50,15,1000,955,no,85,-500
2025-05-21T14:05:20.514844,KXBTCD-25MAY2118-T108749.99,DELTA,11,50,15,1000,956,yes,7,-1250
2025-05-21T14:05:20.515365,KXBTCD-25MAY2118-T108749.99,DELTA,11,50,15,1000,957,yes,7,-2000
2025-05-21T14:05:20.553626,KXBTCD-25MAY2118-T108749.99,DELTA,11,50,15,1000,958,yes,10,-1000
2025-05-21T14:05:20.573242,KXBTCD-25MAY2118-T108749.99,DELTA,11,50,17,100,959,no,85,-1000
2025-05-21T14:05:20.633088,KXBTCD-25MAY2118-T108749.99,DELTA,11,550,17,100,960,yes,11,500
2025-05-21T14:05:20.652733,KXBTCD-25MAY2118-T108749.99,DELTA,11,550,16,450,961,no,84,450
2025-05-21T14:05:20.672972,KXBTCD-25MAY2118-T108749.99,DELTA,11,550,16,450,962,yes,5,2000
2025-05-21T14:05:20.693376,KXBTCD-25MAY2118-T108749.99,DELTA,11,550,16,450,963,yes,5,1250
2025-05-21T14:05:20.773497,KXBTCD-25MAY2118-T108749.99,DELTA,11,550,16,1450,964,no,84,1000
2025-05-21T14:05:20.774400,KXBTCD-25MAY2118-T108749.99,DELTA,11,550,16,1450,965,yes,5,1000
2025-05-21T14:05:20.936868,KXBTCD-25MAY2118-T108749.99,DELTA,11,550,16,450,966,no,84,-1000
2025-05-21T14:05:21.054237,KXBTCD-25MAY2118-T108749.99,DELTA,11,550,15,1000,967,no,85,1000
2025-05-21T14:05:21.073845,KXBTCD-25MAY2118-T108749.99,DELTA,11,550,15,1000,968,yes,10,100
2025-05-21T14:05:21.155071,KXBTCD-25MAY2118-T108749.99,DELTA,11,550,15,1000,969,yes,6,250
2025-05-21T14:05:21.233677,KXBTCD-25MAY2118-T108749.99,DELTA,11,550,15,1000,970,yes,5,-1000
2025-05-21T14:05:21.373910,KXBTCD-25MAY2118-T108749.99,DELTA,11,550,15,1000,971,yes,5,-2000
2025-05-21T14:05:21.375338,KXBTCD-25MAY2118-T108749.99,DELTA,11,550,15,1000,972,yes,10,1000
2025-05-21T14:05:21.375817,KXBTCD-25MAY2118-T108749.99,DELTA,11,550,15,1000,973,yes,5,-1250
2025-05-21T14:05:21.392816,KXBTCD-25MAY2118-T108749.99,DELTA,11,550,15,1000,974,yes,6,-250
2025-05-21T14:05:21.453655,KXBTCD-25MAY2118-T108749.99,DELTA,11,550,15,1000,975,no,81,-50
2025-05-21T14:05:21.454313,KXBTCD-25MAY2118-T108749.99,DELTA,11,550,15,1000,976,no,82,50
2025-05-21T14:05:21.493698,KXBTCD-25MAY2118-T108749.99,DELTA,11,550,15,1000,977,no,84,1250
2025-05-21T14:05:21.513023,KXBTCD-25MAY2118-T108749.99,DELTA,11,550,15,1000,978,yes,10,-1000
2025-05-21T14:05:21.513125,KXBTCD-25MAY2118-T108749.99,DELTA,11,550,15,1000,979,yes,6,2000
2025-05-21T14:05:21.513199,KXBTCD-25MAY2118-T108749.99,DELTA,11,550,15,1000,980,yes,7,1250
2025-05-21T14:05:21.653465,KXBTCD-25MAY2118-T108749.99,DELTA,11,550,15,1000,981,yes,5,1000
2025-05-21T14:05:21.654136,KXBTCD-25MAY2118-T108749.99,DELTA,11,550,15,1000,982,yes,6,-2000
2025-05-21T14:05:21.673257,KXBTCD-25MAY2118-T108749.99,DELTA,11,550,15,1000,983,yes,7,-1250
2025-05-21T14:05:21.854998,KXBTCD-25MAY2118-T108749.99,DELTA,11,550,15,1000,984,yes,5,2000
2025-05-21T14:05:21.855910,KXBTCD-25MAY2118-T108749.99,DELTA,11,550,15,1000,985,yes,5,1250
2025-05-21T14:05:22.254932,KXBTCD-25MAY2118-T108749.99,DELTA,11,550,15,1000,986,no,60,-250
2025-05-21T14:05:22.255968,KXBTCD-25MAY2118-T108749.99,DELTA,11,550,15,1000,987,no,66,250
2025-05-21T14:05:22.256508,KXBTCD-25MAY2118-T108749.99,DELTA,11,550,15,1000,988,no,70,250
2025-05-21T14:05:22.278895,KXBTCD-25MAY2118-T108749.99,DELTA,11,550,15,1000,989,no,68,250
2025-05-21T14:05:22.279273,KXBTCD-25MAY2118-T108749.99,DELTA,11,550,15,1000,990,yes,6,250
2025-05-21T14:05:22.393839,KXBTCD-25MAY2118-T108749.99,DELTA,11,550,15,1000,991,no,65,-2000
2025-05-21T14:05:22.415119,KXBTCD-25MAY2118-T108749.99,DELTA,11,550,15,1000,992,yes,5,-2000
2025-05-21T14:05:22.433612,KXBTCD-25MAY2118-T108749.99,DELTA,11,550,15,1000,993,yes,5,-1000
2025-05-21T14:05:22.434704,KXBTCD-25MAY2118-T108749.99,DELTA,11,550,15,1000,994,yes,5,-1250
2025-05-21T14:05:22.514153,KXBTCD-25MAY2118-T108749.99,DELTA,11,550,15,1000,995,no,71,2000
2025-05-21T14:05:22.574790,KXBTCD-25MAY2118-T108749.99,DELTA,11,550,15,1000,996,yes,7,1000
2025-05-21T14:05:22.575648,KXBTCD-25MAY2118-T108749.99,DELTA,11,550,15,1000,997,yes,6,2000
2025-05-21T14:05:22.576174,KXBTCD-25MAY2118-T108749.99,DELTA,11,550,15,1000,998,yes,7,1250
2025-05-21T14:05:26.014691,KXBTCD-25MAY2118-T108749.99,DELTA,11,550,15,1000,999,no,46,-704
2025-05-21T14:05:26.015514,KXBTCD-25MAY2118-T108749.99,DELTA,11,550,15,1000,1000,no,45,720
2025-05-21T14:05:34.594246,KXBTCD-25MAY2118-T108749.99,DELTA,11,550,15,1000,1001,yes,10,-100
2025-05-21T14:05:34.613639,KXBTCD-25MAY2118-T108749.99,DELTA,11,550,15,1000,1002,no,83,-100
2025-05-21T14:05:35.433251,KXBTCD-25MAY2118-T108749.99,DELTA,11,550,15,1000,1003,yes,6,-2000
2025-05-21T14:05:35.433575,KXBTCD-25MAY2118-T108749.99,DELTA,11,550,15,1000,1004,no,84,-1250
2025-05-21T14:05:35.492982,KXBTCD-25MAY2118-T108749.99,DELTA,11,550,15,1000,1005,yes,7,2000
2025-05-21T14:05:35.494459,KXBTCD-25MAY2118-T108749.99,DELTA,11,550,15,1000,1006,no,71,1250
2025-05-21T14:05:35.794343,KXBTCD-25MAY2118-T108749.99,DELTA,11,550,15,1000,1007,yes,9,100
2025-05-21T14:05:35.795380,KXBTCD-25MAY2118-T108749.99,DELTA,11,550,15,1000,1008,no,83,100
2025-05-21T14:05:35.895494,KXBTCD-25MAY2118-T108749.99,DELTA,11,550,15,1000,1009,yes,7,-1000
2025-05-21T14:05:35.934586,KXBTCD-25MAY2118-T108749.99,DELTA,11,550,15,1000,1010,yes,10,1000
2025-05-21T14:05:37.154594,KXBTCD-25MAY2118-T108749.99,DELTA,11,550,15,1000,1011,yes,8,250
2025-05-21T14:05:37.233439,KXBTCD-25MAY2118-T108749.99,DELTA,11,550,15,1000,1012,yes,7,-1250
2025-05-21T14:05:37.294377,KXBTCD-25MAY2118-T108749.99,DELTA,11,550,15,1000,1013,yes,8,1250
2025-05-21T14:05:37.314201,KXBTCD-25MAY2118-T108749.99,DELTA,11,550,15,1000,1014,no,60,250
2025-05-21T14:05:37.337845,KXBTCD-25MAY2118-T108749.99,DELTA,11,550,15,1000,1015,yes,7,-2000
2025-05-21T14:05:37.338593,KXBTCD-25MAY2118-T108749.99,DELTA,11,550,15,1000,1016,yes,10,-1000
2025-05-21T14:05:37.339204,KXBTCD-25MAY2118-T108749.99,DELTA,11,550,16,450,1017,no,85,-1000
2025-05-21T14:05:37.339865,KXBTCD-25MAY2118-T108749.99,DELTA,11,550,16,450,1018,no,71,-2000
2025-05-21T14:05:37.340120,KXBTCD-25MAY2118-T108749.99,DELTA,11,550,16,450,1019,yes,8,-1250
2025-05-21T14:05:37.340387,KXBTCD-25MAY2118-T108749.99,DELTA,11,550,16,450,1020,no,71,-1250
2025-05-21T14:05:37.340746,KXBTCD-25MAY2118-T108749.99,DELTA,11,550,16,450,1021,no,5,-20000
2025-05-21T14:05:37.341442,KXBTCD-25MAY2118-T108749.99,DELTA,11,550,16,450,1022,no,70,-250
2025-05-21T14:05:37.355508,KXBTCD-25MAY2118-T108749.99,DELTA,11,550,16,450,1023,no,82,-50
2025-05-21T14:05:37.355740,KXBTCD-25MAY2118-T108749.99,DELTA,11,550,16,450,1024,no,81,50
2025-05-21T14:05:37.492696,KXBTCD-25MAY2118-T108749.99,DELTA,11,50,16,450,1025,yes,11,-500
2025-05-21T14:05:37.492948,KXBTCD-25MAY2118-T108749.99,DELTA,11,50,17,100,1026,no,84,-450
2025-05-21T14:05:37.554201,KXBTCD-25MAY2118-T108749.99,DELTA,11,50,17,100,1027,yes,3,-24
2025-05-21T14:05:37.554754,KXBTCD-25MAY2118-T108749.99,DELTA,11,50,17,100,1028,yes,4,24
2025-05-21T14:05:37.555219,KXBTCD-25MAY2118-T108749.99,DELTA,11,50,17,100,1029,yes,8,-250
2025-05-21T14:05:37.555578,KXBTCD-25MAY2118-T108749.99,DELTA,11,50,17,100,1030,no,80,-24
2025-05-21T14:05:37.555917,KXBTCD-25MAY2118-T108749.99,DELTA,11,50,17,100,1031,no,79,24
2025-05-21T14:05:37.818828,KXBTCD-25MAY2118-T108749.99,DELTA,11,50,17,100,1032,yes,9,-100
2025-05-21T14:05:37.835904,KXBTCD-25MAY2118-T108749.99,DELTA,14,300,17,100,1033,yes,14,300
2025-05-21T14:05:37.854533,KXBTCD-25MAY2118-T108749.99,DELTA,14,300,17,100,1034,no,82,100
2025-05-21T14:05:37.894852,KXBTCD-25MAY2118-T108749.99,DELTA,14,300,17,100,1035,yes,11,-50
2025-05-21T14:05:37.895142,KXBTCD-25MAY2118-T108749.99,DELTA,15,50,17,100,1036,yes,15,50
2025-05-21T14:05:37.934935,KXBTCD-25MAY2118-T108749.99,DELTA,15,50,17,100,1037,yes,8,250
2025-05-21T14:05:38.006210,KXBTCD-25MAY2118-T108749.99,DELTA,15,50,17,100,1038,no,82,-100
2025-05-21T14:05:38.055115,KXBTCD-25MAY2118-T108749.99,DELTA,15,50,17,100,1039,no,71,9
2025-05-21T14:05:38.055228,KXBTCD-25MAY2118-T108749.99,DELTA,15,50,19,50,1040,no,83,-100
2025-05-21T14:05:38.055303,KXBTCD-25MAY2118-T108749.99,DELTA,15,50,19,50,1041,yes,9,9
2025-05-21T14:05:38.093857,KXBTCD-25MAY2118-T108749.99,DELTA,15,50,18,100,1042,no,82,100
2025-05-21T14:05:38.214358,KXBTCD-25MAY2118-T108749.99,DELTA,15,50,18,100,1043,yes,10,250
2025-05-21T14:05:38.254897,KXBTCD-25MAY2118-T108749.99,DELTA,15,50,16,1000,1044,no,84,1000
2025-05-21T14:05:38.255211,KXBTCD-25MAY2118-T108749.99,DELTA,15,50,16,1000,1045,yes,7,1250
2025-05-21T14:05:38.255361,KXBTCD-25MAY2118-T108749.99,DELTA,15,50,16,1000,1046,yes,7,2000
2025-05-21T14:05:38.273527,KXBTCD-25MAY2118-T108749.99,DELTA,15,50,16,1000,1047,yes,11,1000
2025-05-21T14:05:38.453291,KXBTCD-25MAY2118-T108749.99,DELTA,15,50,16,1000,1048,yes,7,-2000
2025-05-21T14:05:38.454137,KXBTCD-25MAY2118-T108749.99,DELTA,15,50,16,1000,1049,yes,11,-1000
2025-05-21T14:05:38.474621,KXBTCD-25MAY2118-T108749.99,DELTA,15,50,16,1000,1050,yes,7,-1250
2025-05-21T14:05:38.475403,KXBTCD-25MAY2118-T108749.99,DELTA,15,50,18,100,1051,no,84,-1000
2025-05-21T14:05:38.733614,KXBTCD-25MAY2118-T108749.99,DELTA,15,50,18,100,1052,yes,10,1250
2025-05-21T14:05:38.734323,KXBTCD-25MAY2118-T108749.99,DELTA,15,50,18,100,1053,yes,8,2000
2025-05-21T14:05:38.734830,KXBTCD-25MAY2118-T108749.99,DELTA,15,50,18,100,1054,yes,11,1000
2025-05-21T14:05:38.735222,KXBTCD-25MAY2118-T108749.99,DELTA,15,50,18,100,1055,no,69,2000
2025-05-21T14:05:38.735725,KXBTCD-25MAY2118-T108749.99,DELTA,15,50,17,1000,1056,no,83,1000
2025-05-21T14:05:38.773764,KXBTCD-25MAY2118-T108749.99,DELTA,15,50,17,1000,1057,no,69,1250
2025-05-21T14:05:38.853918,KXBTCD-25MAY2118-T108749.99,DELTA,15,50,17,1000,1058,yes,8,-2000
2025-05-21T14:05:38.855621,KXBTCD-25MAY2118-T108749.99,DELTA,15,50,17,1000,1059,no,82,-100
2025-05-21T14:05:38.893387,KXBTCD-25MAY2118-T108749.99,DELTA,15,50,17,1000,1060,no,71,-9
2025-05-21T14:05:38.913623,KXBTCD-25MAY2118-T108749.99,DELTA,15,50,17,1000,1061,yes,9,-9
2025-05-21T14:05:38.933486,KXBTCD-25MAY2118-T108749.99,DELTA,15,50,17,1000,1062,no,81,450
2025-05-21T14:05:38.953530,KXBTCD-25MAY2118-T108749.99,DELTA,15,50,17,1000,1063,no,81,-50
2025-05-21T14:05:38.953868,KXBTCD-25MAY2118-T108749.99,DELTA,15,50,17,1000,1064,no,80,50
2025-05-21T14:05:39.013253,KXBTCD-25MAY2118-T108749.99,DELTA,15,50,19,450,1065,no,83,-1000
2025-05-21T14:05:39.073295,KXBTCD-25MAY2118-T108749.99,DELTA,15,50,19,450,1066,no,69,-1250
2025-05-21T14:05:39.094309,KXBTCD-25MAY2118-T108749.99,DELTA,15,50,19,450,1067,yes,9,2000
2025-05-21T14:05:39.113439,KXBTCD-25MAY2118-T108749.99,DELTA,15,50,19,450,1068,yes,13,100
2025-05-21T14:05:39.173757,KXBTCD-25MAY2118-T108749.99,DELTA,15,50,18,1000,1069,no,82,1000
2025-05-21T14:05:39.174732,KXBTCD-25MAY2118-T108749.99,DELTA,15,50,18,1000,1070,no,81,1250
2025-05-21T14:05:39.713735,KXBTCD-25MAY2118-T108749.99,DELTA,15,50,18,1000,1071,no,45,-720
2025-05-21T14:05:39.714493,KXBTCD-25MAY2118-T108749.99,DELTA,15,50,18,1000,1072,no,5,6480
2025-05-21T14:05:39.773376,KXBTCD-25MAY2118-T108749.99,DELTA,15,50,18,1000,1073,no,79,100
2025-05-21T14:05:40.095213,KXBTCD-25MAY2118-T108749.99,DELTA,15,50,18,1000,1074,no,6,20000
2025-05-21T14:05:40.954351,KXBTCD-25MAY2118-T108749.99,DELTA,15,50,18,1000,1075,no,5,-6480
2025-05-21T14:05:40.955049,KXBTCD-25MAY2118-T108749.99,DELTA,15,50,18,1000,1076,no,7,4628
2025-05-21T14:05:41.034336,KXBTCD-25MAY2118-T108749.99,DELTA,15,50,18,1000,1077,no,6,-20000
2025-05-21T14:05:41.074012,KXBTCD-25MAY2118-T108749.99,DELTA,15,50,18,1000,1078,no,8,20000
2025-05-21T14:05:42.013401,KXBTCD-25MAY2118-T108749.99,DELTA,15,50,18,1000,1079,yes,13,-100
2025-05-21T14:05:43.213694,KXBTCD-25MAY2118-T108749.99,DELTA,15,50,18,1000,1080,yes,14,100
2025-05-21T14:05:44.675650,KXBTCD-25MAY2118-T108749.99,DELTA,15,50,18,1000,1081,no,7,-4628
2025-05-21T14:05:44.676509,KXBTCD-25MAY2118-T108749.99,DELTA,15,50,18,1000,1082,no,9,3600
2025-05-21T14:05:44.754611,KXBTCD-25MAY2118-T108749.99,DELTA,14,400,18,1000,1083,yes,15,-50
2025-05-21T14:05:44.755157,KXBTCD-25MAY2118-T108749.99,DELTA,14,400,18,1000,1084,no,8,-20000
2025-05-21T14:05:44.801000,KXBTCD-25MAY2118-T108749.99,DELTA,14,400,18,1000,1085,no,80,-50
2025-05-21T14:05:44.801427,KXBTCD-25MAY2118-T108749.99,DELTA,14,400,18,1000,1086,no,10,20000
2025-05-21T14:05:45.834679,KXBTCD-25MAY2118-T108749.99,DELTA,15,50,18,1000,1087,yes,15,50
2025-05-21T14:05:46.014140,KXBTCD-25MAY2118-T108749.99,DELTA,15,50,18,1000,1088,no,80,50
2025-05-21T14:05:47.133888,KXBTCD-25MAY2118-T108749.99,DELTA,15,50,18,1000,1089,no,9,-3600
2025-05-21T14:05:47.134526,KXBTCD-25MAY2118-T108749.99,DELTA,15,50,18,1000,1090,no,11,2945
2025-05-21T14:05:47.214552,KXBTCD-25MAY2118-T108749.99,DELTA,15,50,18,1000,1091,no,10,-20000
2025-05-21T14:05:47.273880,KXBTCD-25MAY2118-T108749.99,DELTA,15,50,18,1000,1092,no,5,20000
2025-05-21T14:05:48.334503,KXBTCD-25MAY2118-T108749.99,DELTA,15,50,18,1000,1093,no,11,-2945
2025-05-21T14:05:48.335128,KXBTCD-25MAY2118-T108749.99,DELTA,15,50,18,1000,1094,no,6,5400
2025-05-21T14:05:48.413254,KXBTCD-25MAY2118-T108749.99,DELTA,15,50,18,1000,1095,no,5,-20000
2025-05-21T14:05:48.454967,KXBTCD-25MAY2118-T108749.99,DELTA,15,50,18,1000,1096,no,7,20000
2025-05-21T14:05:49.473742,KXBTCD-25MAY2118-T108749.99,DELTA,15,50,18,1000,1097,no,6,-5400
2025-05-21T14:05:49.474118,KXBTCD-25MAY2118-T108749.99,DELTA,15,50,18,1000,1098,no,8,4050
2025-05-21T14:05:49.573467,KXBTCD-25MAY2118-T108749.99,DELTA,15,50,18,1000,1099,yes,9,-2000
2025-05-21T14:05:49.574160,KXBTCD-25MAY2118-T108749.99,DELTA,15,50,18,1000,1100,yes,10,-1250
2025-05-21T14:05:49.594304,KXBTCD-25MAY2118-T108749.99,DELTA,15,50,18,1000,1101,no,81,-1250
2025-05-21T14:05:49.594694,KXBTCD-25MAY2118-T108749.99,DELTA,15,50,18,1000,1102,no,70,-3000
2025-05-21T14:05:49.613911,KXBTCD-25MAY2118-T108749.99,DELTA,15,50,18,1000,1103,no,45,-8000
2025-05-21T14:05:49.694843,KXBTCD-25MAY2118-T108749.99,DELTA,15,50,18,1000,1104,yes,10,2000
